4800 6659
955 696 1353 757 neeomsoeenmus.
1958 712 1997 771 59

315 852 468 923 debuerint,
493 853 555 910 ideo
572 851 736 909 Ambrosius
758 852 862 909 ibidem
882 852 983 908 Christi
1001 852 1087 910 serbe
1103 852 1140 907 ad
1153 854 1158 938 Ι
1169 870 1273 909 cemes:
1299 872 1396 911 smmis
1410 856 1520 910 incaelis
1536 873 1613 925 euos,
1637 857 1711 910 dicet
1725 857 1793 913 ille:
1812 859 1905 928 'Eoos
1920 874 1999 913 seros

312 938 427 994 Paulum
446 940 650 1007 accommodet,
671 940 719 1010 qui
738 957 802 994 cum
819 939 923 995 nullius
942 940 1063 995 criminis
1082 956 1142 995 sese
1169 941 1236 995 done
1256 949 1282 995 et
1299 943 1410 1011 fidelis,
1434 943 1503 1013 quio
1526 943 1557 996 in
1569 960 1664 1012 posco
1676 943 1767 1009 jusisti
1783 944 1890 1012 fidelis,
1913 960 1999 1014 super

311 1024 448 1081 messium
465 1026 549 1096 dicet,
568 1028 598 1082 in
616 1026 670 1082 hoc
686 1032 780 1081 tamen
800 1043 830 1082 se
848 1024 1032 1095 Justifiestum
1048 1032 1141 1098 neget.
1168 1028 1256 1081 multo
1269 1034 1295 1081 te
1312 1030 1488 1083 condimen.
1522 1028 1647 1083 Eundem
1665 1028 1872 1098 responsionem
1891 1029 1998 1085 Beller-

309 1116 333 1166 2.
350 1112 443 1166 Juxta
461 1114 574 1167 Bedom
589 1113 716 1167 Oltristm
727 1113 809 1181 jubet
825 1129 983 1180 conoscere,
1002 1113 1074 1166 nibil
1090 1130 1141 1166 nos
1167 1112 1258 1167 minus
1281 1115 1383 1183 repetit
1410 1114 1459 1170 lib.
1481 1120 1505 1171 2.
1530 1114 1566 1169 de
1583 1113 1725 1169 momohis
1750 1131 1773 1168 e
1796 1120 1836 1171 1³.
1859 1120 1888 1170 et
1905 1114 1955 1169 lib.
1971 1118 1997 1171 2.

309 1198 371 1253 Deo
394 1198 529 1252 utilitatis
554 1200 673 1269 offerre,
694 1200 747 1252 sed
768 1199 904 1269 quicquid
929 1199 1141 1267 bonifacimus,
1168 1198 1204 1252 de
1225 1198 1406 1271 indulgentiis
1432 1215 1457 1254 c.
1478 1204 1517 1255 10.
1539 1199 1642 1253 Hosius
1665 1200 1714 1256 iol
1733 1205 1790 1256 117.
1812 1200 1865 1256 tec.
1892 1199 1919 1254 b.
1941 1217 1998 1254 mo·

308 1284 521 1338 idnobsbutde
538 1301 609 1353 esse,
635 1303 691 1338 non
711 1285 789 1351 Deo,
817 1286 867 1354 qui
884 1285 1016 1341 bonorem
1035 1292 1141 1339 rottro-
1168 1285 1276 1338 dunos
1303 1286 1442 1338 dentum
1470 1293 1650 1355 paeceptum
1678 1286 1757 1339 nodis
1787 1288 1828 1340 sie
1857 1286 2000 1340 incubari

307 1386 368 1422 rum
386 1386 446 1423 son
464 1377 530 1439 epet.
565 1368 787 1440 Respondemus:
807 1370 877 1425 baec
896 1370 1086 1440 interpretatio
1097 1369 1141 1424 iti·
1167 1370 1298 1441 disputet
1332 1369 1477 1425 'llletenus
1499 1371 1530 1426 in
1552 1371 1633 1427 reiut.
1651 1372 1794 1443 Antsrerp.
1818 1372 1935 1427 confess.
1955 1370 1997 1425 di·

306 1454 369 1511 deur
390 1449 459 1510 r'ers
480 1455 591 1526 quidem
616 1463 672 1524 est,
695 1456 744 1511 sed
762 1456 886 1512 noudum
903 1455 1038 1510 setisiecit
1056 1471 1140 1525 scopo
1167 1457 1214 1523 cit,
1231 1458 1262 1511 in
1279 1456 1323 1510 dis
1342 1458 1450 1512 Oloristi
1466 1457 1558 1511 serbis
1570 1458 1697 1527 proponi
1714 1458 1933 1511 admonitionem
1949 1457 1998 1509 lte·

305 1539 388 1611 bujus
413 1539 483 1609 loci,
509 1539 634 1596 Christus
659 1542 732 1597 euim
756 1541 891 1612 parebole
915 1542 988 1597 servi
1014 1558 1048 1596 ex
1071 1557 1139 1612 egro
1166 1542 1303 1595 militatis.
1342 1542 1568 1613 Respondemus:
1593 1543 1649 1598 imo
1676 1559 1743 1599 vero
1766 1542 1908 1598 continent
1928 1542 1997 1598 hsec

304 1627 408 1683 reversi
431 1626 525 1692 docet,
552 1628 644 1683 Deum
661 1646 717 1683 uon
734 1628 870 1700 obstringi
888 1629 968 1684 nobis
985 1627 1023 1682 sd
1039 1643 1140 1682 merce
1166 1625 1269 1681 Christi
1292 1627 1379 1683 verba
1401 1646 1458 1684 non
1482 1629 1571 1683 solum
1594 1628 1811 1684 admonitionem
1826 1627 1998 1697 humilitstis,

306 1712 371 1769 dem
389 1717 506 1784 propter
523 1720 617 1769 nostre
634 1714 755 1773 servitiu,
788 1714 938 1769 Praeterea
955 1729 988 1768 ex
1007 1714 1061 1769 hec
1079 1713 1140 1783 ipse
1166 1714 1215 1767 sed
1239 1714 1323 1769 etiam
1346 1714 1462 1770 solidam
1487 1715 1642 1769 docminem
1658 1714 1794 1776 veritatis,
1821 1714 1896 1787 quod
1913 1712 1998 1768 neui-

304 1798 534 1871 interpretatione
556 1800 653 1855 itidem
676 1807 822 1856 vertuntur
839 1818 953 1872 operum
970 1799 1073 1856 merite
1110 1799 1139 1855 si
1166 1797 1236 1854 feste
1253 1799 1417 1869 comprobet
1434 1800 1568 1870 edjuucte
1585 1799 1718 1871 parabole
1736 1800 1808 1854 servi
1826 1817 1860 1856 ex
1876 1815 1944 1871 egro
1956 1816 1997 1855 re·

263 1884 379 1939 neuim
406 1902 441 1942 er
469 1886 602 1956 obsequio
629 1890 724 1941 nostro
745 1886 814 1940 nihil
837 1886 964 1941 utilitetis
987 1886 1024 1941 ad
1048 1885 1138 1939 Deum
1165 1885 1252 1946 versi,
1276 1886 1321 1940 cui
1339 1886 1465 1941 Christus
1490 1887 1641 1957 discipulos
1666 1903 1730 1943 suos
1755 1891 1898 1955 comparet
1915 1891 1944 1941 et
1962 1885 1997 1941 de

306 1970 391 2039 redit,
411 1971 509 2044 utique
527 1988 599 2043 quee
618 1989 651 2026 cx
667 1972 717 2027 illo
734 1971 772 2026 sd
788 1989 838 2027 nos
855 1973 928 2027 redit
946 1971 1065 2035 utilitas,
1082 1988 1139 2025 non
1166 1987 1199 2025 eo
1210 1973 1384 2041 pronuntiet:
1403 1974 1479 2028 Num
1496 1975 1620 2044 pretium
1632 1974 1712 2027 dubet
1729 1973 1859 2026 doninus
1872 1980 1997 2027 terrm

305 2056 403 2112 merito
426 2058 531 2129 operis,
554 2057 604 2113 sed
623 2056 788 2129 benignitati
804 2057 1005 2113 remunerantis
1022 2063 1139 2127 occepta
1165 2074 1245 2111 cerco
1264 2058 1321 2127 illi,
1339 2060 1408 2127 orsio
1423 2060 1494 2124 fecit
1510 2076 1582 2127 pros
1599 2060 1866 2128 imperotufuensnt
1876 2060 1924 2114 eil
1941 2075 1998 2112 nos

305 2143 358 2197 mit
380 2143 513 2212 ferenda,
535 2143 598 2200 ideo
623 2145 682 2216 ipse
698 2143 777 2198 Bede
792 2143 952 2214 subjungit:
980 2143 1014 2197 Si
1031 2143 1139 2197 inutilis
1163 2151 1241 2212 puto.
1277 2144 1382 2207 Quodsi
1402 2144 1512 2201 collatio
1536 2149 1664 2201 constare
1690 2144 1786 2208 debet,
1812 2144 1998 2213 statuendum,

305 2236 353 2297 est,
371 2230 423 2299 qui
432 2230 509 2297 seuit
525 2230 628 2292 omnio,
648 2230 719 2298 quid
735 2232 771 2284 de
789 2230 1008 2296 illodtbendum,
1028 2229 1078 2298 orsi
1094 2245 1138 2282 es·
1164 2230 1193 2285 in
1212 2228 1346 2285 ἀποδόσει
1359 2246 1414 2285 non
1426 2229 1543 2302 proponi
1556 2229 1740 2285 humilitatem
1752 2230 1892 2300 quendem
1905 2230 1997 2285 fictam

302 2316 391 2386 plere,
411 2333 484 2385 quoe
497 2324 651 2393 perceptu
662 2323 735 2384 runt,
746 2316 962 2381 oelinfirmitote
974 2334 1029 2370 non
1038 2317 1139 2385 potuit,
1164 2322 1193 2371 et
1212 2314 1420 2387 hypocriticam,
1436 2316 1483 2371 cui
1500 2316 1529 2371 iu
1549 2333 1579 2371 re
1597 2316 1659 2387 ipse
1675 2315 1746 2370 nihil
1763 2315 1888 2371 veritatis
1899 2315 1997 2380 subsit,

303 2401 362 2470 sel,
386 2403 467 2470 quod
486 2404 571 2471 pejus
590 2410 642 2464 est,
665 2403 797 2472 nepertia
822 2404 948 2473 desperit
971 2408 1023 2459 etc.
1058 2403 1139 2456 Haec
1164 2402 1213 2457 sed
1233 2402 1325 2474 potius
1344 2420 1441 2459 revere
1457 2419 1518 2459 sese
1538 2419 1596 2458 rem
1613 2402 1654 2457 sic
1671 2402 1782 2472 babere,
1799 2407 1832 2456 ut
1847 2401 1938 2457 renati
1949 2419 1997 2459 ors

304 2494 344 2541 set
364 2487 455 2557 igiter
476 2489 508 2541 irs
526 2488 681 2542 bominibus
699 2488 763 2541 eodo
774 2489 848 2557 fidei
859 2490 1016 2557 perfectio,
1039 2489 1066 2542 si
1083 2507 1139 2542 om·
1161 2489 1298 2559 jubentur
1325 2479 1458 2546 confiteri:
1511 2489 1704 2560 Recognoscet
1732 2487 1917 2543 Bellarminus
1945 2504 1996 2543 sue

303 2573 399 2643 sidus,
425 2592 497 2643 orsos
518 2583 671 2643 praecepto
694 2582 771 2639 sont,
798 2576 934 2645 impletis,
958 2575 1138 2644 imperfectos
1163 2574 1251 2629 vmbs
1272 2574 1321 2631 lib.
1348 2579 1372 2629 3.
1393 2576 1428 2631 de
1449 2575 1541 2646 justif.
1567 2592 1591 2630 c.
1617 2582 1641 2631 5.
1669 2570 1698 2647 §-
1734 2574 1781 2628 Ad
1798 2572 1872 2628 hunc
1890 2573 1996 2628 locum:

304 2677 362 2714 esse
382 2677 444 2716 sese
460 2663 588 2715 noverint
606 2669 632 2715 et
648 2662 785 2731 mmmdis
800 2661 1020 2731 pereprinonter
1037 2679 1056 2714 o
1077 2663 1137 2715 Do·
1166 2662 1266 2716 Sancti
1294 2662 1413 2716 nonae
1441 2678 1500 2715 esse
1533 2662 1647 2731 debent,
1676 2664 1729 2716 sed
1757 2678 1813 2715 non
1840 2662 1996 2726 menduces,

304 2747 393 2815 mino,
419 2764 529 2818 semper
546 2749 636 2801 inesse
652 2749 708 2801 ridi
724 2748 802 2801 molo
820 2765 891 2817 quoe
910 2749 1045 2816 desitum,
1068 2766 1137 2801 rem·
1164 2748 1240 2818 quod
1276 2746 1484 2817 pronuntietum
1518 2746 1634 2817 opponit
1663 2746 1810 2802 Ambrosio
1837 2744 1996 2814 (letherino,

302 2849 354 2902 per
374 2833 553 2887 meminerint
574 2835 668 2888 deesse
692 2835 777 2902 boreo,
801 2837 842 2887 od
864 2852 934 2903 quoe
958 2835 1054 2904 gratio
1075 2835 1138 2903 ejus
1163 2833 1212 2905 qui
1229 2833 1478 2900 dhmeteonctum
1491 2833 1596 2887 Jcbum
1613 2850 1670 2888 non
1681 2834 1834 2901 ignorasse,
1847 2850 1877 2887 se
1886 2831 1997 2901 jeistesm

299 2919 418 2987 jesum
436 2920 600 2989 proficiant.
635 2923 662 2974 3.
684 2919 775 2973 Jueto
799 2921 985 2988 Aupustinum
1007 2938 1089 2975 serm
1109 2924 1137 2975 3.
1164 2935 1231 2987 esse,
1249 2921 1303 2973 aed
1313 2920 1436 2973 noluisse
1444 2920 1650 2987 jactaretuom
1655 2920 1800 2987 justitium
1816 2918 1935 2973 rescribi
1945 2918 1998 2973 uli·

304 3006 340 3059 de
364 2995 441 3061 eerb.
463 3007 548 3061 Dum.
574 3006 650 3059 cerei
672 3006 786 3060 inutiles
809 3007 870 3059 dici
887 3023 1052 3077 possumus,
1075 3024 1136 3061 cum
1163 3005 1236 3073 quid
1250 3006 1368 3073 mperbe
1385 3021 1530 3072 orropore.
1575 3004 1653 3060 Idem
1679 3004 1732 3059 sibi
1755 3004 1809 3075 ipsi
1831 3004 1997 3075 respondeat

305 3092 399 3146 omneis
425 3094 563 3146 mmdoto
585 3093 681 3146 diuino
697 3092 862 3159 fecerimus,
886 3094 954 3161 quio
971 3094 1045 3146 nteit
1056 3095 1136 3162 soei·
1163 3090 1215 3145 hoc
1245 3089 1313 3145 loco.
1359 3089 1544 3146 Concedimus
1572 3108 1651 3161 ergo,
1683 3090 1759 3161 quod
1785 3090 1996 3161 chrysostomus

305 3165 363 3231 sesi
388 3178 469 3233 ultro
494 3180 528 3232 id
550 3181 627 3248 quod
651 3179 793 3245 memus,
818 3186 844 3232 et
866 3179 937 3232 uidit
961 3180 1028 3233 inde
1039 3181 1137 3249 justae
1163 3177 1240 3244 dicit,
1256 3181 1366 3232 reuetos
1386 3192 1420 3231 ex
1436 3193 1503 3231 rere
1519 3175 1676 3232 humilitete
1693 3193 1753 3233 sese
1776 3177 1888 3233 inutiles
1904 3194 1996 3233 servm

305 3265 441 3319 moedis
460 3272 557 3334 petere
570 3281 728 3333 possemus,
749 3265 807 3318 nisi
824 3268 904 3319 Deus
920 3266 1036 3320 liberali
1049 3275 1136 3336 puoto
1163 3262 1286 3333 profiteri
1304 3261 1422 3331 debere,
1446 3262 1581 3328 *tuobe
1593 3262 1781 3333 chrysostomi
1792 3262 1960 3319 suntbomil
1972 3271 1995 3320 7.

305 3349 446 3404 sods'scusn
471 3352 618 3405 conuenire
643 3352 782 3405 eolurbeet.
826 3350 1050 3422 Respondemus:
1079 3353 1136 3408 Au·
1163 3349 1191 3403 iu
1211 3366 1235 3403 e
1253 3354 1276 3405 3.
1299 3349 1392 3405 Rom:
1418 3349 1604 3421 Quaecunque
1626 3352 1790 3417 fecerimus,
1811 3352 1947 3414 dotium
1970 3352 1998 3405 si
2034 3372 2039 3388 ¹

306 3437 433 3508 gustims
452 3453 484 3492 eo
501 3438 531 3491 in
547 3438 609 3493 loeo
626 3454 682 3492 nou
700 3437 812 3507 exponit
830 3436 934 3491 dictum
953 3437 1069 3507 Christi,
1086 3440 1136 3495 sed
1162 3437 1234 3504 quid
1250 3438 1408 3505 fecerimus,
1426 3437 1599 3491 essoloimus.
1626 3438 1785 3505 Propterea
1802 3446 1828 3492 et
1844 3438 1904 3507 ipre
1916 3436 1996 3491 Cissi·

305 3521 332 3577 in
355 3539 460 3595 genere
481 3523 654 3595 pronuntiet:
682 3523 833 3593 Omopno
854 3525 964 3578 doridos
986 3527 1061 3595 Dei,
1091 3527 1139 3581 cui
1162 3529 1221 3575 stus
1240 3523 1326 3577 dicit:
1359 3524 1478 3587 mondo
1495 3526 1590 3579 omnio
1612 3525 1762 3593 feceritis,
1793 3524 1889 3593 dicite,
1921 3526 1997 3579 serm

305 3627 365 3663 csse
386 3626 446 3680 pro
471 3610 630 3665 conditione
656 3611 777 3663 reddere
799 3612 948 3665 debeamus
971 3613 1136 3682 obsmuism,
1162 3608 1278 3662 inutiles
1288 3626 1476 3679 eumenem
1489 3611 1561 3664 enirn
1572 3611 1735 3664 debedomus
1745 3611 1851 3674 facere,
1865 3611 1995 3677 jecimus.

306 3703 399 3766 stpote
427 3696 503 3749 serui
523 3696 661 3765 Domino,
687 3695 878 3750 amicitiorem
906 3698 985 3751 nobis
1005 3699 1138 3765 proemio
1165 3696 1234 3749 Cum
1255 3695 1343 3764 igitur
1365 3696 1542 3750 dikedonnn
1565 3696 1733 3764 solidemus,
1761 3714 1822 3752 cum
1846 3698 1996 3766 pecudum

305 3782 489 3854 repromittit,
511 3789 541 3835 et
564 3798 583 3833 o
606 3782 687 3834 nodis
709 3782 843 3851 obsequio
865 3783 976 3836 debitos
998 3784 1139 3837 recedetis
1164 3783 1265 3835 Mmus
1283 3782 1389 3850 epensb,
1416 3783 1537 3836 debitum
1554 3783 1714 3852 implemus,
1739 3801 1797 3837 non
1813 3784 1903 3838 solum
1924 3783 1996 3849 ideo,

307 3876 474 3938 moroueut.
510 3867 572 3921 Hoc
590 3867 742 3941 Augustini
765 3869 973 3939 pronuntiatum
991 3868 1071 3924 uobis
1089 3885 1136 3923 ns·
1164 3870 1242 3938 quod
1259 3870 1339 3922 Deus
1354 3870 1436 3938 prius
1452 3887 1504 3923 nos
1519 3871 1659 3937 benefieiis
1676 3871 1737 3924 seio
1755 3872 1811 3925 sibi
1824 3871 1932 3938 secers't
1950 3870 1995 3925 cb

307 3971 445 4026 quequnm
461 3952 632 4018 adversetur,
650 3955 718 4026 quin
730 3955 822 4025 potius
836 3956 1001 4012 sententiam
1015 3962 1137 4011 nostram
1163 3956 1268 4021 norim,
1286 3957 1339 4008 sed
1355 3956 1389 4009 ob
1406 3956 1446 4019 id,
1464 3958 1542 4025 quod
1558 3972 1631 4026 quoe
1647 3974 1701 4009 suu
1713 3964 1786 4025 sent,
1795 3957 1994 4025 distribuimus,

307 4040 457 4096 confirmat
492 4039 523 4097 si
539 4040 613 4095 euim
631 4030 750 4096 boniteti
767 4042 877 4097 divinee
895 4049 924 4097 et
939 4042 1047 4097 liberali
1063 4042 1136 4124 ejus·
1163 4044 1346 4111 quodcunque
1365 4048 1391 4094 et
1411 4042 1546 4111 quioquid
1563 4044 1676 4095 tondem
1696 4042 1920 4110 todennam*
1945 4042 1994 4097 sed

306 4127 366 4184 dem
397 4127 573 4199 promissioni
605 4128 810 4199 deputandum,
843 4129 917 4200 quod
947 4128 1021 4184 bons
1052 4145 1137 4200 opere
1162 4144 1311 4199 negemus,
1332 4128 1407 4199 quod
1425 4127 1609 4182 Bellsrmiuus
1627 4128 1739 4198 emerit,
1763 4127 1828 4183 huic
1847 4127 2068 4183 humilitatum
2080 4137 2113 4179 et.

305 4221 398 4269 noema
420 4219 624 4284 remuneretur,
647 4231 819 4287 consequens
837 4222 892 4284 est,
917 4232 973 4271 non
993 4216 1029 4270 ob
1048 4215 1137 4287 digni-
1162 4232 1218 4270 non
1247 4214 1360 4270 subesse
1390 4212 1549 4278 veritatem,
1585 4213 1632 4268 cui
1661 4213 1853 4284 depravetioni
1883 4231 1994 4284 prorsus

304 4305 389 4355 tatem
414 4300 538 4371 ediquem
557 4317 591 4355 ae
609 4301 749 4368 meritum,
772 4302 846 4371 quod
864 4302 931 4371 ipsis
949 4301 1079 4371 operibus
1096 4302 1137 4356 in·
1163 4300 1326 4374 pelagiones
1357 4299 1521 4371 opponimus
1551 4316 1611 4355 ceu.
1640 4305 1664 4356 8.
1693 4300 1848 4356 blileritaui
1872 4300 1995 4356 concilii:

304 4384 413 4455 haeret,
439 4404 472 4441 ex
498 4386 592 4442 debito
613 4387 740 4458 justitiae
763 4387 972 4443 retributionem
989 4386 1062 4457 lieri,
1088 4389 1137 4443 sed
1163 4388 1285 4455 Placuit,
1303 4396 1333 4440 ut
1350 4387 1505 4456 gemeque
1522 4387 1607 4440 serbo
1625 4388 1689 4456 ipsu
1702 4388 1872 4443 Dominicoe
1890 4388 1994 4443 oratio

303 4472 396 4543 potius
421 4490 455 4528 ex
479 4472 588 4529 liberali
613 4475 716 4546 gratis,
740 4490 811 4545 quse
833 4474 898 4528 ideo
920 4480 1036 4530 vocetur
1060 4475 1136 4531 debi-
1162 4476 1223 4528 nio:
1242 4473 1447 4536 dimittenodio
1464 4473 1557 4526 debeo
1573 4480 1680 4541 noema,
1699 4474 1994 4528 doooluntosonctis

302 4564 374 4628 tum,
403 4559 471 4631 quis
492 4559 569 4615 Deus
597 4560 784 4629 promittendo
812 4577 842 4615 se
870 4561 955 4616 veluti
983 4561 1135 4616 debitorem
1163 4559 1236 4623 dici,
1252 4567 1282 4613 nt
1300 4559 1456 4626 lumiliter,
1474 4577 1531 4612 non
1548 4560 1684 4613 oermter
1700 4560 1752 4613 ltoc
1770 4560 1895 4629 dicmur,
1926 4576 1993 4613 ono·

302 4644 376 4702 iecit
420 4644 503 4701 Henc
528 4663 589 4702 esee
611 4647 761 4718 genuim
784 4645 936 4718 Augustini
961 4647 1136 4711 sententium,
1161 4648 1255 4700 themo
1272 4646 1323 4709 sit,
1341 4646 1403 4714 quis
1424 4645 1498 4698 enim
1514 4647 1594 4710 ferm
1610 4652 1736 4700 orontem
1754 4654 1780 4699 et
1804 4662 1862 4699 non
1878 4647 1994 4700 domini

302 4738 380 4802 petet
405 4749 441 4788 ex
464 4748 510 4801 eo,
537 4733 612 4804 quod
635 4732 702 4787 elibi
729 4732 829 4788 diserte
849 4732 975 4803 exponit,
999 4733 1136 4804 quomodo
1164 4733 1227 4801 bus,
1256 4733 1310 4785 sed
1337 4732 1395 4801 ipsi
1421 4732 1547 4784 Domino
1577 4732 1774 4786 mentientem!
1807 4736 1891 4803 atque
1924 4731 1994 4786 illud

302 4818 435 4873 mandute
453 4817 508 4874 Dei
531 4817 561 4872 in
583 4818 636 4873 hae
658 4818 717 4872 vite
741 4835 759 4873 e
782 4818 862 4874 nobis
880 4818 1057 4889 impleantur,
1081 4837 1137 4874 non
1162 4817 1318 4874 Bemherdi
1341 4833 1458 4871 sermon.
1486 4815 1521 4870 de
1541 4816 1616 4887 tripl.
1639 4817 1745 4874 emtod
1763 4818 1815 4872 eol
1832 4824 1897 4875 eto:
1925 4816 1993 4871 Cum
2077 4885 2081 4901 Ι

300 4903 475 4975 perfectione
506 4905 627 4976 quedam
656 4920 787 4976 operum,
818 4904 920 4975 quibus
948 4905 1001 4959 boe
1026 4906 1136 4961 nomine
1160 4905 1287 4969 feceritis
1304 4904 1408 4972 menso,
1434 4919 1506 4971 quus
1518 4909 1674 4972 praecepto
1699 4910 1763 4957 sunt
1783 4905 1875 4973 mdis,
1903 4904 1994 4968 omre,

301 5007 409 5046 meroes
437 4990 528 5045 meriti
558 4991 708 5055 debeetur,
737 4991 787 5046 sed
816 4990 951 5061 edjuncta
977 4991 1137 5048 remissione
1162 4990 1368 5044 seruiinutileo
1385 4994 1550 5045 sumussic.
1587 4988 1647 5042 Sed
1662 4987 1721 5056 ltoo,
1738 4989 1860 5059 inquies,
1873 4998 1995 5060 propter

302 5083 492 5148 motorum
513 5076 604 5133 libi.
626 5082 737 5133 rotare
761 5094 784 5132 c.
805 5084 848 5133 te:
875 5078 912 5131 In
938 5078 1042 5132 diuinis
1059 5097 1136 5132 mon·
1162 5076 1348 5130 eumaeum
1365 5075 1471 5129 monuit
1497 5091 1555 5128 esse
1580 5074 1745 5141 dicendesm,
1767 5076 1856 5145 plone
1874 5084 1995 5146 propter

303 5164 382 5217 doti
408 5170 448 5216 est
474 5164 559 5217 etium
584 5164 619 5217 id
642 5166 719 5233 quod
742 5165 873 5233 jubemur
899 5181 1002 5218 orare:
1027 5166 1137 5219 dimitte
1163 5164 1356 5230 bumilitatem,
1373 5163 1427 5215 sed
1441 5162 1579 5231 numquid
1595 5168 1695 5215 contro
1708 5162 1871 5217 centnm
1910 5159 1995 5216 Absit

301 5252 384 5304 nobie
409 5251 504 5305 dedito
527 5258 638 5319 nostro,
663 5251 736 5303 sicut
759 5258 785 5305 et
808 5268 859 5304 nos
877 5252 1043 5304 dimittimus
1061 5251 1137 5305 dedi
1163 5250 1249 5322 igitur
1275 5265 1293 5303 e
1315 5247 1369 5319 piis
1393 5247 1532 5303 mentibus
1558 5247 1628 5303 haec
1661 5246 1830 5318 hypocrisis,
1865 5264 1921 5319 que
1946 5263 1994 5302 ore

303 5337 412 5390 toribus
429 5338 548 5406 nostris,
568 5353 652 5406 quom
672 5337 828 5391 orationem
845 5352 931 5407 usqum
949 5336 980 5389 in
990 5338 1077 5406 finem
1095 5354 1137 5391 se·
1163 5337 1276 5409 quidem
1293 5334 1480 5407 profiteantur,
1498 5353 1528 5392 se
1545 5352 1606 5391 esee
1622 5351 1717 5391 servos
1733 5334 1859 5402 inutiles,
1883 5334 1993 5391 interim

298 5423 363 5502 'esti
388 5430 447 5477 toto
464 5424 535 5477 dicit
553 5422 684 5492 ecclesio,
708 5423 802 5476 omnio
819 5440 886 5492 erpo
903 5424 1039 5477 mondum
1055 5425 1137 5488 facto
1163 5424 1192 5479 in
1212 5422 1296 5478 corde
1313 5427 1453 5492 statuunt,
1477 5439 1507 5478 se
1523 5422 1653 5493 operibus
1669 5422 1726 5476 suis
1752 5420 1838 5475 ritem
1854 5427 1994 5477 scemam

289 5510 492 5579 ‘depensum
518 5510 633 5579 quondo
661 5508 797 5580 quecquid
823 5527 879 5564 non
898 5512 949 5579 fit,
976 5505 1137 5580 ipnoecitr'sr.
1163 5526 1197 5565 ex
1215 5509 1352 5580 condigno
1369 5509 1531 5579 promeritos
1549 5507 1797 5573 ceremoniam
1816 5523 1992 5580 supereroga-

305 5600 332 5652 4.
354 5596 447 5649 June
472 5594 695 5664 Odrysostomum
718 5614 774 5649 non
802 5597 871 5650 dicit
895 5595 1053 5651 Dominus:
1075 5614 1137 5651 cum
1163 5595 1246 5650 tionis
1263 5610 1349 5666 opera
1366 5594 1472 5650 fecisse.
1514 5594 1597 5651 Adde
1613 5594 1687 5666 quod
1700 5592 1885 5649 Bellarminus
1909 5593 1995 5650 eonfi-

304 5682 432 5747 seceritis
444 5681 512 5736 doec
525 5682 626 5749 omero,
644 5682 720 5735 eeroi
730 5681 844 5735 inutiles
857 5682 931 5752 estet,
949 5684 1001 5735 sed
1011 5683 1069 5736 oit:
1093 5683 1136 5737 di-
1162 5690 1237 5736 ctem
1254 5680 1327 5735 lieno
1345 5681 1466 5752 glossam
1482 5680 1599 5752 ipsemet
1614 5677 1731 5747 refellet,
1747 5678 1787 5733 sic
1805 5679 1879 5734 euim
1900 5680 1996 5735 scribit

305 5767 373 5836 cite,
399 5767 469 5837 quid
493 5769 568 5821 serui
595 5768 708 5821 inutiles
735 5784 842 5831 metue,
868 5769 917 5820 ubi
940 5768 1000 5821 uult
1024 5786 1076 5822 nos
1101 5771 1136 5823 de
1163 5766 1211 5823 lib.
1232 5773 1256 5823 2.
1275 5766 1464 5838 deindulg.e.
1480 5772 1525 5823 10:
1546 5767 1612 5821 Non
1623 5766 1693 5818 dicit
1709 5767 1852 5821 Dominus
1864 5767 1933 5825 Luc.
1948 5773 1994 5822 lle

305 5855 386 5910 notu
404 5862 471 5926 pou
492 5854 641 5921 berefooto
657 5854 800 5908 tundier
821 5854 938 5923 restire,
955 5869 990 5906 rte
1007 5856 1137 5924 superbio
1163 5872 1226 5908 mem
1242 5852 1372 5920 feceritis
1387 5853 1491 5921 omnio,
1507 5853 1593 5907 disits
1608 5852 1683 5906 serui
1699 5852 1812 5907 nutiles
1826 5870 1929 5916 mm,
1944 5855 1996 5907 sed

305 5945 467 6011 mmpet
489 5955 590 6011 opero,
615 5955 687 6009 orme
707 5939 844 6009 ferimus5
868 5941 920 5994 esd
944 5957 1074 5995 mneos
1094 5941 1137 5998 di
1164 5942 1220 5995 od:
1238 5938 1651 6009 csmfecsritistoeeomnio,
1674 5945 1995 6010 psmprooesptosrnt
