4800 6659
417 689 458 752 ts
1007 678 1520 739 noeusnucmussernuus

418 837 518 899 cuerit,
538 834 641 906 quippe
658 852 722 894 eum
738 852 796 892 non
816 852 850 891 er
868 842 970 892 natura
987 854 1052 905 sue,
1073 835 1122 891 sed
1140 835 1363 902 tuntumlpotiri
1384 838 1464 902 odd,
1487 844 1657 907 neonemque
1680 839 1860 905 consemdat,
1887 837 2026 907 illiusque
2046 837 2100 907 afa

417 940 450 979 ex
476 922 627 992 accidenti,
653 921 706 977 hcc
732 929 775 977 est
800 939 834 979 ex
857 923 933 978 nuda
956 922 1085 994 opinione
1106 920 1248 975 hominum
1274 923 1344 976 diat.
1379 925 1436 978 Hic
1456 932 1528 979 certa
1551 940 1717 979 comesam
1740 924 1841 979 montis
1861 932 1890 978 st
1917 925 2032 994 effossio
2057 924 2100 979 sta

413 1010 506 1079 justae
530 1008 586 1064 siut
611 1012 695 1080 etque
719 1009 882 1079 angelorum
909 1011 988 1081 (quos
1012 1008 1109 1063 mundi
1135 1006 1249 1078 opifices
1274 1009 1356 1062 sauri
1386 1011 1525 1064 rationem
1555 1010 1637 1065 tabet
1668 1027 1772 1065 causae
1802 1011 1951 1080 afficientis
1984 1018 2100 1080 vespm

415 1094 567 1161 statuebat)
592 1094 737 1151 ducetioui
763 1095 942 1160 tribuendum
970 1096 1037 1167 quid
1063 1112 1127 1151 vero
1150 1093 1248 1149 horum
1271 1096 1457 1164 possessionis
1479 1114 1514 1151 ao
1533 1097 1687 1165 fruitionis
1711 1098 1853 1165 thesauri,
1876 1106 1907 1153 at
1930 1115 1988 1152 soa
2011 1097 2100 1151 habas

414 1187 605 1251 portentorum
619 1180 700 1236 nobis
720 1181 797 1235 selva
814 1182 930 1237 veritate
946 1181 1030 1238 tribui
1043 1179 1157 1251 potest?
1177 1178 1247 1234 Con·
1274 1183 1409 1237 rationem
1433 1184 1540 1252 meriti,
1568 1185 1673 1253 quippe
1693 1202 1756 1238 cum
1778 1185 1928 1238 thesaurus
1951 1183 2000 1237 stu·
2021 1184 2100 1249 fueri

414 1266 551 1321 cludimus
580 1283 647 1337 ergo
678 1284 742 1322 cum
769 1267 878 1322 Thomu
903 1267 1028 1323 Mortouo
1059 1285 1086 1339 p.
1117 1273 1138 1321 1.
1163 1265 1247 1336 Apol.
1274 1270 1404 1326 donatus.
1450 1268 1571 1340 Philipp.
1602 1268 1765 1325 Melanthum
1791 1270 1822 1324 in
1854 1286 1944 1326 enum.
1977 1267 2100 1340 colloqui

414 1370 438 1409 c.
460 1359 506 1408 ιιι
532 1352 600 1407 Cam
620 1362 677 1408 tam
702 1357 890 1409 eaamraadas
914 1355 949 1408 de
968 1356 1025 1417 fida
1043 1355 1171 1407 haereses
1187 1353 1248 1405 siae
1274 1354 1363 1425 Marp.
1387 1372 1430 1409 en
1458 1361 1532 1412 1529.
1561 1354 1650 1411 habiti
1676 1356 1776 1412 recitat
1797 1356 1834 1411 de
1851 1355 1981 1428 zuinglio
2000 1362 2029 1410 et
2046 1354 2100 1425 ejm

410 1440 472 1508 fide
495 1440 573 1502 salso
594 1440 674 1494 nohis
698 1441 854 1510 affiapaat,
878 1440 991 1494 idacio
1007 1439 1248 1493 criminationibus
1274 1441 1368 1509 sociis,
1386 1440 1461 1511 quod
1484 1441 1656 1497 incommode
1673 1442 1759 1502 locuti
1777 1441 1881 1497 fuerint
1900 1446 1929 1496 et
1948 1440 2100 1511 scripserin

415 1526 533 1595 reliquis
549 1528 633 1590 fidem
649 1527 758 1581 auitam
775 1528 816 1581 eis
834 1528 938 1582 deberi.
1041 1550 1043 1553 >
1274 1528 1309 1583 de
1328 1526 1445 1582 hominis
1458 1527 1656 1598 justificatione
1675 1546 1769 1584 coram
1779 1528 1841 1584 Deo
1855 1535 1888 1584 et
1905 1526 2100 1583 doctrinamds

452 1619 493 1669 15.
528 1612 640 1667 Certum
666 1613 752 1684 igitur
776 1619 849 1680 esto,
872 1612 947 1668 hono
970 1628 1056 1683 opers
1077 1627 1138 1665 esse
1155 1627 1247 1666 neces
1274 1613 1330 1667 lide
1351 1630 1408 1667 non
1433 1616 1501 1669 setis
1525 1614 1701 1680 inculcerint,
1725 1615 1775 1670 sed
1794 1616 1835 1670 its
1855 1615 1891 1669 de
1904 1613 2100 1684 justificationi

415 1698 501 1767 seria,
526 1699 576 1753 sed
596 1716 629 1754 er
647 1714 679 1754 eo
698 1699 821 1753 nondum
840 1699 979 1771 sequitur,
999 1697 1073 1768 quod
1092 1696 1249 1754 necessarie
1274 1698 1433 1767 docuerint,
1461 1702 1545 1769 quasi
1568 1701 1758 1770 sanctificatio
1785 1709 1810 1756 et
1832 1701 1904 1755 boae
1928 1717 2021 1770 opera
2039 1717 2100 1768 qaas

415 1785 470 1840 dici
490 1785 611 1840 debeant
629 1785 666 1840 ad
685 1785 886 1855 salutemque
904 1784 940 1839 de
955 1800 986 1839 re
1002 1789 1151 1854 antequam
1165 1782 1248 1837 letius
1272 1786 1363 1846 fidem
1379 1794 1531 1854 sequuntur
1549 1788 1606 1840 siat
1617 1787 1739 1856 justitia
1749 1785 1876 1841 hominis.
1899 1786 2011 1842 Uulsin.
2023 1783 2099 1840 libe

415 1888 546 1941 agemus,
570 1871 723 1926 notandum
740 1878 795 1939 est,
819 1889 875 1926 nou
892 1887 947 1925 uuo
965 1870 1045 1925 modo
1063 1877 1147 1941 etque
1164 1885 1247 1923 sensu
1272 1870 1335 1924 inst
1355 1888 1380 1928 c.
1400 1877 1440 1927 14.
1460 1868 1487 1945 ξ.
1500 1877 1547 1927 21:
1569 1874 1638 1927 Istis
1655 1873 1728 1926 mittit
1745 1873 1845 1941 obstat,
1862 1871 2012 1941 quonism
2023 1888 2100 1941 opas

288 1952 344 2004 0⁰¹⁸
414 1958 629 2028 propositionem
647 1957 932 2029 illamequihusdam
944 1956 1059 2013 adstrui.
1094 1964 1114 2010 t.
1128 1954 1246 2019 Quidem
1273 1958 1415 2011 Dominus
1443 1965 1576 2027 taommm
1602 1976 1705 2013 aasuas
1730 1958 1883 2023 inferiores
1909 1958 2099 2028 conplectatur

286 2015 393 2105 {22:221-
415 2044 556 2099 mitissime
579 2044 731 2115 loquuntur
757 2061 791 2100 ec
814 2043 951 2108 sentiunt;
975 2043 1150 2113 distinguunt
1174 2042 1246 2097 inter
1274 2042 1334 2096 Sed
1352 2044 1447 2096 andei
1472 2059 1568 2110 nempe
1592 2061 1662 2112 quos
1684 2062 1738 2097 soa
1755 2045 1955 2099 misericordia
1973 2053 2100 2098 actm

286 2108 370 2199 ffl‘
411 2130 638 2201 justificationem
668 2137 697 2186 et
721 2132 852 2196 sulutem,
887 2132 1043 2190 concedunt
1066 2130 1140 2185 bonu
1162 2121 1247 2200 opere
1272 2130 1345 2182 vitae
1362 2129 1516 2182 hereditati
1535 2130 1692 2199 destinauit,
1711 2148 1757 2184 eos
1770 2131 2099 2200 ordinariamadispm

286 2220 392 2302 2232„-
415 2236 469 2273 nun
497 2218 652 2273 necessaria
675 2236 734 2274 esse
758 2219 794 2273 ad
815 2217 1055 2291 justificationem,
1079 2233 1163 2287 quem
1187 2215 1247 2270 sols
1272 2216 1382 2269 satione
1400 2233 1456 2283 per
1479 2215 1552 2269 borsa
1574 2233 1664 2284 opera
1687 2216 1796 2269 inducit
1822 2218 1851 2271 in
1875 2218 1939 2285 eius
1951 2218 2100 2286 possessio

285 2316 387 2354 casaris
413 2304 469 2360 fide
486 2303 544 2359 fieri
563 2304 707 2360 nobiscum
725 2305 881 2375 adstruunt,
899 2305 1008 2360 interim
1020 2301 1246 2359 tumensdsulu·
1271 2318 1340 2354 aaa.
1384 2302 1450 2355 Hac
1481 2302 1591 2354 ratione
1627 2302 1663 2354 ab
1692 2303 1821 2371 operibus
1848 2303 1991 2357 interdum
2021 2303 2100 2358 υἰισσ

283 2365 389 2459 qumqua-
413 2397 468 2446 tem
493 2391 591 2445 eedem
614 2392 771 2447 necessaris
793 2408 854 2447 esse
872 2396 1008 2462 arguunt3
1033 2388 1108 2461 quod
1127 2395 1159 2443 ut
1176 2386 1246 2442 obti-
1272 2394 1415 2441 aetemam
1433 2388 1563 2456 deducit,
1579 2405 1636 2441 ooo
1653 2390 1731 2457 quod
1748 2388 1808 2442 tttts
1826 2391 1982 2453 referenda
2002 2390 2041 2444 sit
2061 2407 2099 2443 ac

412 2482 496 2531 neunt
515 2477 653 2547 duplicem
671 2482 831 2548 proponunt
850 2476 1020 2530 divisionem.
1056 2474 1150 2530 Primo
1170 2474 1244 2545 quod
1272 2482 1366 2543 cepta,
1391 2476 1442 2528 ssd
1464 2475 1531 2543 quia
1555 2492 1624 2544 quos
1643 2476 1738 2545 admit,
1752 2476 1912 2545 justificat,
1938 2483 1971 2529 ιιι
1995 2477 2100 2529 aarum

411 2565 486 2619 selus
513 2563 651 2635 significet
676 2564 759 2619 modo
783 2562 893 2618 initium
919 2562 1029 2625 salutis.
1056 2578 1113 2633 qus.
1139 2559 1245 2615 ratione
1270 2560 1422 2629 plorisiaet,
1433 2562 1562 2629 priorem
1579 2562 1710 2630 qratiam,
1729 2579 1801 2631 quiae
1817 2564 1927 2633 prades
1944 2570 1985 2616 est
2004 2565 2045 2617 ad
2064 2580 2100 2617 aa

407 2650 601 2720 justificationi
619 2650 820 2721 aequipolleat,
844 2656 876 2704 ut
894 2649 975 2705 Rom.
996 2655 1025 2714 1,
1044 2666 1069 2701 v.
1090 2654 1117 2701 6:
1144 2647 1246 2701 David
1270 2655 1409 2715 quantem,
1438 2662 1553 2700 cumam
1579 2649 1788 2715 quodammodo
1804 2649 1892 2717 facit.
1932 2648 2010 2704 Beue
2031 2664 2099 2718 resp

411 2737 481 2790 dicit
499 2734 689 2809 μακαρισμόν,
714 2735 834 2789 satutem
852 2753 887 2789 ac
906 2735 1143 2804 beatificationem,
1164 2732 1244 2785 ttts'as
1269 2733 1306 2787 ed
1322 2732 1420 2803 colloq.
1437 2751 1464 2803 p.
1485 2739 1532 2788 95:
1556 2733 1686 2788 Studium
1696 2736 1830 2805 justitiae
1844 2743 1870 2789 et
1885 2737 2047 2790 noscitatis
2065 2736 2100 2790 ait

409 2822 538 2891 hominis,
552 2822 599 2875 cai
607 2824 689 2875 Deus
701 2829 845 2891 acceptam
855 2823 913 2884 sart
924 2822 1069 2890 justitiam
1082 2820 1141 2873 siae
1152 2818 1244 2888 opari-
1269 2820 1415 2889 apastolus
1431 2835 1491 2873 esse
1507 2821 1595 2873 vitam
1612 2829 1763 2890 ammaum,
1781 2822 1833 2876 tuoe
1844 2830 1884 2876 est
1896 2824 2002 2892 affairs
2012 2839 2100 2876 secem

411 2909 467 2962 boas.
497 2907 568 2977 Eph.
586 2914 611 2977 2,
628 2926 653 2962 v.
672 2912 702 2964 8:
727 2907 832 2962 Gratia
850 2908 954 2961 salvati
972 2908 1037 2960 estis
1048 2905 1243 2978 (ceramicos)
1268 2907 1355 2959 σιίασι
1371 2913 1594 2975 aeternamm
1611 2908 1724 2977 medem
1738 2924 1771 2962 ea
1787 2909 1894 2973 marito,
1915 2909 1967 2962 ssd
1978 2925 2013 2962 er
2027 2909 2100 2962 ordi·

406 3011 461 3063 per
472 2996 571 3063 fidam5
589 3012 615 3047 v.
632 3000 663 3049 9:
683 3011 738 3048 stoa
752 2994 942 3063 exuperius,-
959 2993 1041 3048 modo
1055 2999 1148 3048 autem
1159 2990 1242 3046 finem
1268 2993 1381 3046 natione
1409 2993 1475 3046 Dei.
1514 2992 1616 3049 Petrus
1640 2994 1752 3049 Bertius
1775 2995 1805 3049 in
1826 2992 1943 3064 praefat.
1970 2993 2100 3050 ummttn'

411 3081 522 3146 salutis,
549 3087 582 3135 ut
598 3080 679 3137 Rom.
698 3085 726 3151 8,
743 3099 768 3136 r.
789 3086 836 3136 ts:
866 3080 923 3148 spe
942 3081 1018 3134 satri
1039 3080 1115 3145 sacti
1140 3096 1243 3146 sumas,
1267 3080 1330 3136 Jac.
1347 3080 1467 3134 Arminii
1490 3080 1525 3136 de
1546 3087 1568 3135 t.
1591 3080 1750 3138 cilumen.
1775 3080 1911 3153 praefixe:
1940 3082 2100 3136 Tenendum

410 3166 565 3240 ἐσώθημεν.
585 3175 608 3224 1.
627 3168 703 3224 Petr.
722 3173 750 3236 1,
771 3185 795 3221 v.
813 3174 841 3222 5:
871 3168 976 3221 Virtute
994 3167 1053 3219 Dei
1071 3166 1244 3220 custodimur
1269 3175 1310 3221 est
1336 3183 1369 3219 aa
1395 3167 1553 3236 Scriptaris
1579 3186 1676 3223 veram
1702 3169 1907 3223 conversionem
1929 3170 2100 3237 praestatio·

404 3271 460 3325 per
481 3256 571 3323 fidem
597 3255 791 3322 adsalutem,
821 3272 893 3325 qaae
912 3262 1023 3323 parata
1049 3260 1089 3306 est
1107 3252 1244 3322 patefieri
1268 3269 1383 3322 nemque
1404 3254 1537 3307 bonomm
1559 3272 1674 3323 operum
1696 3270 1754 3308 csse
1777 3254 1969 3308 conditionate
1985 3272 2100 3323 praere

408 3348 530 3410 tempore
559 3341 667 3396 altimo.
714 3341 824 3396 Deinde
843 3338 1039 3395 .nscesssrium
1068 3339 1104 3392 ed
1134 3337 1242 3409 aliquid
1268 3340 1400 3409 quiritum
1413 3341 1731 3409 antejusts'fs'cats'mtem,
1756 3340 1878 3396 Idemin
1891 3340 1972 3410 epist.
1986 3339 2100 3413 disaspt

408 3426 633 3498 consequendum
650 3426 779 3482 bifarium
797 3426 866 3496 dici,
890 3424 1024 3494 absolute,
1043 3425 1118 3495 quod
1137 3424 1240 3494 simpli·
1267 3443 1330 3480 cum
1347 3425 1496 3481 Sibrendo:
1514 3428 1603 3480 Fides
1621 3435 1723 3483 servat.
1750 3428 1840 3481 Fides
1858 3436 1898 3481 est
1911 3444 1992 3496 opes.
2021 3428 2100 3498 Erpa

408 3513 476 3568 citer
499 3513 540 3567 ile
556 3511 719 3584 requiritur,
742 3519 774 3567 ut
799 3513 859 3568 sine
876 3529 909 3568 eo
928 3511 1025 3584 perfici
1044 3528 1088 3566 res
1105 3528 1161 3565 nou
1178 3528 1241 3580 pos·
1267 3530 1337 3581 opas
1362 3520 1462 3566 servat.
1500 3512 1560 3567 Sed
1583 3514 1660 3582 qaod
1682 3515 1774 3582 opust
1807 3531 1876 3582 opus
1903 3514 2045 3581 ssanpalii
2070 3524 2100 3584 st,

407 3601 457 3669 sit,
479 3615 534 3671 quo
554 3599 636 3654 modo
658 3598 842 3654 sanctificatio
861 3599 981 3670 Spiritus
1004 3598 1039 3653 ed
1062 3597 1181 3653 salutem
1205 3596 1242 3650 sit
1266 3605 1297 3651 ut
1322 3598 1449 3654 Christus
1480 3598 1619 3668 loquitur,
1650 3616 1722 3668 opus
1749 3599 1815 3655 Dei.
1860 3598 1942 3654 Conr.
1972 3599 2100 3657 Vorstius

407 3686 577 3754 recesserim
595 3691 624 3740 et
642 3704 677 3743 ex
692 3684 856 3758 hypothesi,
874 3685 949 3756 quod
969 3684 1024 3739 ulis
1044 3700 1074 3739 re
1093 3683 1241 3755 posituim
1266 3684 1295 3738 in
1320 3684 1367 3740 lib.
1393 3685 1429 3740 de
1454 3691 1502 3740 lue
1529 3684 1666 3739 erroribus
1690 3684 1842 3741 Lubberti:
1874 3686 1909 3740 Si
1931 3686 2100 3755 simpliciter

406 3772 568 3843 requiritur,
603 3779 636 3827 ut
661 3771 723 3827 sine
750 3788 782 3828 eo
808 3779 929 3843 nequest
953 3768 1061 3841 perfici,
1088 3787 1143 3841 quo
1158 3768 1240 3824 modo
1265 3789 1360 3825 samm
1377 3780 1432 3840 est,
1456 3772 1551 3826 amaia
1568 3772 1599 3825 ia
1619 3772 1777 3825 anismam
1799 3788 1888 3840 opera
1913 3790 1933 3826 a
1951 3774 2099 3842 jasa‘siss·

407 3857 561 3927 baptismus
588 3859 625 3913 ud
651 3859 769 3913 sulutem
791 3857 828 3913 sit
851 3857 1029 3913 necessarius.
1064 3856 1099 3910 In
1122 3863 1240 3927 utroque
1267 3857 1340 3911 tioae
1364 3858 1489 3927 secludi,
1506 3858 1593 3925 salso
1616 3859 1741 3911 dicemur
1764 3874 1797 3911 aa
1806 3858 1877 3924 fide
1894 3866 1919 3912 at
1934 3874 1990 3927 par
2007 3862 2099 3926 fidam

407 3961 509 4016 genere
526 3944 676 4000 necessarii
693 3943 797 4015 requiri
817 3942 893 3998 aliud
913 3949 945 3997 ut
963 3960 1090 4012 causam,
1113 3942 1190 3997 eliud
1209 3948 1240 3995 ut
1260 3944 1439 4012 justificari,
1466 3947 1570 4015 quippe
1591 3962 1662 4015 quas
1688 3954 1713 3999 et
1737 3945 1803 4014 ipsa
1829 3947 1975 4015 quoddam
1999 3947 2099 4002 bonam

404 4030 625 4096 instrumentum,
643 4030 720 4085 aliud
736 4038 769 4085 ut
783 4029 954 4100 adjunctum.
983 4030 1062 4084 Bona
1081 4043 1240 4099 operuesse
1267 4048 1336 4099 opas
1360 4033 1453 4087 ertit*
1487 4039 1511 4087 2.
1532 4031 1652 4097 Quidem
1674 4048 1739 4087 vero
1758 4030 1869 4102 longius
1886 4033 2027 4103 progressi
2044 4041 2098 4089 ste

404 4118 560 4172 necessaria
583 4118 619 4172 od
644 4117 778 4186 salutem,
804 4132 860 4171 non
879 4134 936 4188 qua
953 4117 1027 4170 salus
1044 4122 1122 4171 notat
1137 4113 1238 4185 justifi-
1266 4124 1360 4183 tuunt,
1383 4118 1457 4172 hona
1473 4134 1560 4189 opera
1576 4135 1636 4173 esse
1655 4117 1811 4173 necessarie
1837 4118 1874 4173 ud
1900 4118 2019 4174 sulutem
2042 4135 2099 4175 non

405 4201 547 4268 aeonem,
569 4203 618 4259 sed
639 4221 696 4274 que
712 4209 792 4259 notat
810 4202 1054 4274 glorificationem
1075 4219 1135 4257 esse
1155 4202 1239 4257 etiam
1266 4205 1354 4259 solum
1371 4212 1404 4259 ut
1422 4204 1592 4274 adjunctum,
1612 4204 1662 4260 sed
1681 4205 1763 4260 etiam
1781 4211 1814 4259 ut
1831 4222 1944 4259 csusem
1963 4206 2023 4260 sine
2042 4224 2098 4277 qua

403 4289 559 4345 necessaris
580 4308 636 4346 nou
660 4290 802 4357 absolute,
826 4290 875 4343 sed
899 4306 933 4344 ex
950 4287 1112 4359 hypothesi,
1135 4305 1188 4342 nec
1207 4294 1239 4342 ut
1265 4308 1327 4355 non,
1345 4290 1390 4345 vel
1410 4290 1629 4346 instrumentum.
1664 4290 1955 4346 ”Heredeshrminii
1972 4292 2002 4346 iu
2019 4308 2098 4363 prue-

403 4393 515 4433 euusem
537 4376 581 4431 vel
597 4376 825 4441 instrumentum,
845 4376 894 4431 sed
914 4382 945 4429 ut
962 4376 1129 4446 adjunctum
1145 4391 1238 4431 neccs-
1264 4377 1314 4433 ιιι
1340 4384 1474 4432 nscmtus
1500 4379 1535 4433 de
1554 4394 1579 4432 c.
1605 4383 1628 4433 l.
1652 4376 1732 4436 Rom.
1755 4377 1830 4432 sP.
1853 4366 1948 4435 Bestia
1973 4380 2099 4449 ipsorum

404 4465 513 4533 serium,
530 4462 596 4519 hinc
605 4464 702 4520 scribit
710 4464 787 4519 Besa
795 4468 867 4535 part.
878 4471 899 4519 1.
909 4478 980 4532 resp.
992 4462 1029 4516 ud
1036 4449 1207 4533 quaest'vcl.⁸
1215 4468 1237 4519 1.
1264 4464 1373 4520 nomine
1384 4464 1501 4535 scripte:
1523 4466 1683 4519 Tacendum
1702 4482 1735 4519 en
1746 4464 1903 4535 Scriptura
1919 4482 2016 4519 ossam
2034 4484 2098 4520 coss·

403 4566 518 4621 operum
538 4549 560 4607 f.
581 4557 641 4608 ete.
665 4552 737 4605 bassa
760 4568 848 4620 opera
869 4550 1050 4603 adsalutem
1075 4549 1237 4603 necessaria
1264 4553 1418 4605 versionem
1438 4552 1713 4620 proatatioaemqus
1739 4551 1873 4606 bonoram
1901 4570 2015 4621 operum
2039 4570 2099 4607 cass

403 4638 658 4707 assamquiddam
670 4637 1236 4705 cumoerafldeasuessoriocoojaactum.
1264 4638 1449 4692 conditionem
1486 4638 1724 4707 praerequisitam
1757 4646 1822 4692 astte
1850 4638 2098 4708 justificationem,

405 4724 440 4779 ss·
454 4727 527 4789 fides
543 4724 656 4796 (inquit)
673 4725 848 4778 adsalutem
864 4726 1023 4778 neccssaria
1041 4731 1081 4776 eet
1101 4732 1126 4777 et
1141 4740 1237 4777 ceram
1257 4724 1343 4792 juata
1366 4724 1442 4777 illud
1458 4724 1615 4789 Johanais,
1641 4723 1665 4777 si
1689 4741 1754 4781 vero
1778 4726 1808 4778 in
1830 4724 1893 4779 luce
1913 4725 2097 4797 ambulemus,

396 4811 486 4879 fidem
507 4827 596 4880 opera
611 4812 770 4865 accessorio
789 4818 1008 4879 consequaeretur,
1029 4817 1101 4863 certa
1119 4809 1238 4863 stillost
1262 4810 1410 4880 sicutipse
1427 4811 1456 4866 iu
1472 4812 1534 4866 luce
1553 4816 1612 4879 est,
1636 4811 1856 4867 communionem
1876 4810 2011 4867 mbcmus
2030 4830 2094 4868 eum

403 4896 536 4966 efficitur,
562 4897 726 4950 accessoria
752 4914 810 4950 esea
835 4898 876 4950 ad
897 4898 1018 4951 salutem
1041 4897 1114 4950 bona
1140 4912 1234 4964 opera.
1263 4913 1296 4951 eo
1313 4904 1444 4966 mutuum,
1460 4902 1490 4952 et
1506 4897 1620 4968 sanguis
1635 4897 1706 4953 Jesu
1719 4897 1832 4967 Christi,
1845 4897 1911 4953 Filii
1927 4897 1982 4953 Dei
2001 4917 2095 4955 emun-

401 4982 508 5038 Eodem
529 4999 612 5038 sensu
628 4982 664 5036 D.
681 4981 820 5054 Georgius
838 4981 929 5054 Major
951 4983 1027 5037 circu
1046 4998 1149 5036 annum
1171 4988 1236 5037 1552
1264 4984 1313 5038 dat
1339 5000 1389 5038 nos
1415 4985 1452 5041 ab
1478 4983 1553 5038 omni
1579 4992 1720 5055 peccata·
1745 4984 1894 5056 Adelphus
1917 4985 2043 5042 Venator
2068 4993 2098 5041 et

401 5087 469 5126 voce
496 5077 525 5124 et
548 5070 658 5141 scriptis
683 5070 867 5141 patrocinium
893 5070 992 5125 harum
1017 5069 1236 5140 propositionum
1262 5070 1432 5125 Alcmeriani
1450 5070 1480 5125 in
1497 5072 1557 5141 ejus
1576 5070 1777 5126 declaratione:
1813 5072 1948 5126 Ecclesia
1964 5074 2097 5128 &mana

402 5157 536 5227 suscepit:
563 5157 650 5212 Bona
675 5174 762 5226 opera
784 5164 848 5210 suat
871 5157 1032 5211 necessaria
1050 5158 1235 5214 adsalutem.
1262 5165 1335 5210 recte
1362 5159 1444 5210 emtit
1471 5156 1502 5210 ia
1529 5156 1650 5212 articula
1678 5159 1713 5211 de
1733 5158 1947 5226 justificatione
1974 5160 2097 5215 kosamis

280 5240 340 5282 v111.
355 5242 387 5285 θῦ-
402 5243 579 5313 impossibile
602 5251 643 5296 eet
667 5244 728 5297 siae
746 5244 824 5297 bostis
843 5244 973 5312 operitis
991 5244 1108 5300 salvari.
1145 5246 1235 5298 Nemo
1263 5262 1357 5297 coram
1381 5246 1460 5311 Dec,
1488 5252 1571 5312 atque
1597 5246 1649 5298 hoc
1671 5252 1752 5313 patet
1777 5263 1811 5298 sc
1836 5246 1934 5302 concii.
1965 5247 2096 5303 Trident.

401 5349 523 5400 sapsam
555 5329 615 5383 siae
646 5330 726 5383 bassis
753 5330 883 5400 operibus
911 5331 1038 5385 soleatus
1069 5337 1115 5384 est.
1163 5330 1236 5385 Vide
1263 5349 1329 5386 sess.
1342 5333 1368 5387 6.
1388 5349 1410 5386 e.
1431 5334 1453 5384 t.
1489 5329 1638 5386 Goelemus
1657 5330 1727 5401 disp.
1747 5338 1773 5387 9.
1789 5331 2096 5406 philosoph.theolag.=

401 5416 472 5472 conf.
491 5414 591 5470 Manui.
609 5434 637 5487 p.
657 5422 699 5472 95.
717 5416 783 5472 edit.
803 5415 887 5471 Isleh.
906 5433 949 5472 en.
972 5423 1047 5473 1565.
1073 5417 1236 5472 ”Piscator
1262 5420 1346 5471 Bono
1372 5435 1460 5485 opera
1485 5418 1539 5471 atsi
1563 5436 1620 5472 nors
1641 5424 1706 5471 sam
1729 5435 1817 5472 causa
1839 5418 1943 5472 satsat
1965 5427 1992 5473 at
2014 5423 2098 5489 rapui

400 5501 458 5556 obs.
488 5508 527 5560 le.
556 5502 587 5557 in
610 5519 634 5558 c.
662 5508 704 5558 25.
730 5501 841 5560 Meum:
877 5503 963 5556 Bassa
992 5520 1079 5572 opera
1108 5511 1236 5572 respectu
1262 5504 1389 5557 caelestis
1412 5505 1574 5569 meritoria,
1597 5512 1662 5558 suat
1680 5512 1771 5557 tamea
1789 5505 1837 5559 oia
1856 5513 1882 5558 st
1898 5506 2096 5563 harmodium

399 5588 473 5642 citas
500 5598 633 5644 oetsmas
661 5590 761 5643 habeat
787 5591 928 5642 rationem
951 5606 1055 5642 causae
1078 5590 1234 5659 efficientis,
1261 5592 1314 5643 iter
1336 5592 1378 5643 ad
1401 5607 1517 5658 reanum
1535 5599 1562 5645 at
1580 5608 1667 5645 causa
1685 5592 1745 5645 sisse
1764 5608 1821 5658 qua
1838 5592 2018 5648 maculatis.
2061 5595 2096 5649 Ut

398 5692 453 5729 noa
476 5683 507 5729 at
531 5678 648 5746 merita,
673 5679 727 5731 sod
745 5684 775 5729 ut
791 5676 839 5729 cia
857 5692 907 5728 ssa
926 5676 1096 5743 ambulatio,
1118 5694 1175 5745 qua
1194 5678 1235 5729 ad
1260 5677 1333 5729 enirn
1356 5678 1529 5747 desideriam
1545 5678 1641 5732 camis
1658 5684 1698 5731 est
1715 5695 1805 5742 mors,
1822 5678 1875 5731 hoe
1894 5687 1934 5735 cst
1950 5690 2096 5738 memsam

397 5761 483 5815 citum
514 5771 657 5817 msam
682 5762 863 5833 pervcnitur,
896 5778 929 5815 ec
958 5762 1137 5816 ordinatim
1167 5764 1231 5816 Dei.
1260 5770 1375 5817 martem
1399 5764 1498 5833 parit,·
1529 5765 1588 5827 s'ta,
1604 5763 1777 5818 desiderium
1806 5763 1945 5836 spartus,
1977 5767 2030 5822 too
2052 5778 2095 5824 est

399 5846 496 5903 Simili
512 5848 1233 5920 declamantesa'mtdaassorstaaarss
1259 5850 1383 5904 studim
1408 5850 1582 5918 οασσιίιαιὼ,
1606 5851 1724 5905 atrita
1744 5858 1770 5904 st
1789 5868 1866 5920 pua,
1894 5851 1985 5907 idest
2003 5870 2094 5909 cassa

396 5934 1183 6006 aromatumsu‘srssoedtess,aedtastsas,as
1204 5937 1232 5989 si
1257 5937 1332 5993 sitas
1354 5937 1557 6003 atisiics'tatis.
1588 5934 1897 5997 Pentetronica
1919 5944 2095 6011 lup-1³3.
