4800 6659
948 630 1000 688 ne
1020 631 1293 692 sncnansums.
1907 649 1964 711 179

266 785 334 839 irae
345 784 418 857 Eph.
431 792 456 850 2,
468 802 494 842 e.
505 790 529 840 3.
543 802 594 842 nec
602 803 653 857 per
664 784 790 842 auditum
801 784 879 842 verbi
892 786 976 843 tidem
992 794 1020 844 et
1031 805 1108 861 rege
1119 810 1122 878 Ι
1133 788 1189 844 rint
1206 791 1318 862 purgati
1335 796 1363 847 et
1377 792 1484 847 salvati.
1522 798 1562 849 11.
1581 789 1705 851 Gentiles
1722 796 1825 867 Ephes.
1838 803 1867 866 2,
1882 817 1908 853 v.
1926 805 1964 855 12.

266 872 446 925 uenationem
460 871 586 943 accipere
600 878 758 943 potuerunt.
791 872 867 943 Ergo
886 880 918 928 ut
931 874 1107 944 percircum·
1134 874 1263 931 dicuntur
1288 876 1374 932 fuisse
1401 878 1461 930 eine
1484 877 1610 941 Christo,
1636 882 1697 934 siae
1719 899 1782 952 spe,
1808 884 1868 937 siae
1893 886 1965 952 Deo,

266 957 406 1012 sirionem
420 976 481 1013 eam
493 958 587 1028 adepti
601 959 711 1023 fuerint,
731 975 843 1014 necesse
854 966 904 1014 est.
931 966 955 1017 9.
968 960 1047 1015 Idem
1060 960 1107 1015 ba·
1132 962 1223 1015 etiami
1239 981 1258 1015 a
1272 964 1521 1032 promissionum,
1544 964 1673 1019 nimirum
1692 967 1759 1038 quia
1779 984 1835 1023 non
1853 969 1966 1024 fuerunt

266 1045 494 1113 ptismumvocat
502 1045 735 1101 circumcisionem
749 1044 966 1117 ἀχειροποίητον,
976 1048 1050 1117 quod
1057 1063 1108 1117 per
1132 1048 1161 1101 in
1178 1047 1276 1103 foedus
1293 1048 1347 1103 Dei
1364 1066 1414 1118 per
1433 1050 1668 1105 circumcisionem
1687 1054 1798 1123 recepti.
1833 1054 1909 1126 Ergo
1924 1056 1965 1109 Is·

266 1129 346 1185 illam
365 1140 513 1185 wccuetur
532 1148 634 1201 empus
646 1133 759 1200 peccati
776 1131 835 1188 Col.
851 1139 875 1201 2,
892 1150 918 1186 v.
935 1139 974 1188 11.
993 1140 1023 1187 at
1039 1150 1105 1204 quo
1132 1133 1237 1187 ra'e'litis
1263 1132 1332 1188 baec
1358 1134 1517 1205 obtigerunt
1539 1153 1590 1206 per
1617 1137 1863 1208 circumcisionem,
1890 1142 1965 1210 quod

266 1215 352 1271 modo
365 1217 506 1271 constabit
518 1216 587 1271 haec
601 1218 770 1288 comparatio
780 1220 1006 1290 interutrumque
1015 1235 1104 1273 sacra·
1116 1210 1119 1293 1
1130 1218 1235 1274 fuerint
1252 1219 1326 1273 cives
1343 1222 1440 1290 populi
1459 1220 1521 1289 Dei,
1541 1220 1596 1276 fide
1609 1223 1643 1276 in
1655 1223 1783 1279 Messium
1800 1225 1964 1297 promissum

266 1308 403 1367 mentum,
421 1304 475 1357 nisi
491 1303 574 1358 stiam
588 1322 638 1374 per
648 1304 882 1360 cirumcisionem
896 1320 996 1375 corpus
1006 1321 1104 1375 pecca·
1130 1305 1239 1360 salvati.
1274 1305 1358 1360 Addo
1381 1306 1464 1361 etiam
1483 1305 1536 1362 boc
1554 1316 1761 1379 argumentum:
1797 1309 1881 1374 Quies
1902 1312 1964 1366 sab·

266 1393 362 1443 torum
385 1390 476 1443 carnis
495 1389 594 1443 fuisset
614 1390 746 1444 exutum?
784 1397 824 1445 10.
841 1389 903 1446 Nisi
927 1390 1104 1461 praeputium
1130 1391 1208 1447 bethi
1236 1392 1401 1447 excludebat
1427 1408 1512 1468 opera
1534 1393 1657 1462 11111111,
1692 1396 1779 1451 Exod.
1806 1404 1853 1464 21,
1877 1416 1902 1451 1.
1924 1405 1962 1453 lt.

266 1477 370 1545 cordis,
384 1476 436 1530 boc
449 1474 491 1531 est
502 1482 654 1546 peccatum,
668 1494 718 1547 per
728 1477 941 1533 circumcisionis
950 1494 1104 1533 sacramen·
1131 1477 1215 1542 Quies
1232 1477 1362 1533 sabbathi
1382 1495 1437 1533 non
1455 1478 1621 1535 excludebat
1639 1481 1881 1547 circumcisionem,
1898 1483 1962 1539 Joh.

266 1568 327 1617 tum
346 1562 385 1617 ab
399 1561 533 1618 Israelitis
551 1563 649 1619 fuisset
666 1564 798 1632 ablatum,
817 1582 872 1619 non
890 1570 1004 1635 possent
1021 1582 1103 1620 accu·
1132 1571 1200 1633 11.
1221 1569 1262 1619 23.
1298 1565 1373 1636 Ergo
1398 1566 1570 1621 circumcisio
1592 1583 1647 1621 non
1673 1575 1715 1623 est
1734 1585 1804 1639 opus
1823 1569 1964 1640 quoddam

266 1648 331 1719 mi,
350 1650 618 1721 quodpraeputium
630 1650 767 1718 sibiipsis
779 1651 909 1715 fecerint,
931 1656 952 1706 1.
972 1651 1059 1705 Μ111.
1082 1658 1104 1719 1,
1130 1650 1229 1705 servile
1246 1667 1353 1721 poenae
1370 1657 1399 1706 et
1416 1651 1506 1706 oneris
1526 1652 1586 1706 loco
1603 1652 1774 1723 impositum,
1798 1657 1847 1710 sed
1871 1656 1964 1726 potius

266 1750 291 1786 s.
314 1742 356 1789 16.
381 1736 511 1805 quodque
534 1736 770 1790 circumcisionem
795 1738 825 1790 irs
847 1738 1030 1806 praeputium
1049 1754 1105 1806 per
1130 1742 1256 1790 sanctum
1275 1744 1304 1792 et
1322 1738 1443 1792 salutare
1462 1748 1672 1794 sacramentum.

266 1820 488 1875 inobedientiam
507 1823 692 1876 coaoerteriut
707 1822 836 1891 111112,
858 1840 884 1879 r.
906 1829 945 1878 15.
967 1823 1104 1893 quomodo
1165 1827 1206 1877 66.
1236 1822 1347 1892 Excipit
1370 1822 1555 1879 Bellarminus
1578 1825 1625 1879 lib.
1645 1832 1669 1880 2.
1690 1827 1726 1881 de
1743 1843 1858 1881 sacram.
1877 1844 1901 1881 c.
1923 1834 1962 1883 11.
1976 1834 2097 1881 messere·

266 1908 344 1963 anim
365 1907 577 1962 circumcisione
589 1909 680 1962 cordis
692 1926 722 1963 se
735 1907 810 1978 ipsos
820 1908 929 1978 privare
941 1909 1103 1980 potuissent,
1132 1912 1155 1960 1.
1171 1910 1411 1963 comminationem
1423 1911 1503 1964 illam
1516 1912 1724 1966 circumcisioni
1734 1914 1873 1983 adduam,
1889 1917 1966 1983 quod
1977 1886 2086 1977 1ξῶᾒῖιῖ

266 2011 354 2065 quam
368 2012 511 2066 nunquam
523 2000 616 2049 essent
630 1994 743 2064 adepti?
755 1994 885 2048 Privatic
896 1996 1105 2064 praesupponit
1130 1996 1285 2063 masculus,
1309 1996 1391 2063 cujus
1410 1997 1560 2064 praeputii
1581 2014 1648 2049 caro
1666 2016 1721 2051 nou
1739 2000 1831 2064 freerit
1847 2000 1964 2053 circum·
1979 1987 2098 2081 {¹353ss

266 2080 411 2148 11111111,
439 2079 536 2135 dicunt
552 2079 717 2151 philosophi.
757 2085 795 2136 ll.
814 2081 965 2151 Apostolus
982 2081 1061 2136 Rom.
1081 2088 1105 2145 2,
1130 2081 1204 2148 cisa,
1232 2082 1354 2135 sistendo
1380 2082 1417 2133 sit
1439 2083 1475 2134 de
1493 2083 1603 2150 populo
1622 2091 1674 2137 etc.
1696 2085 1730 2137 de
1749 2086 1857 2138 adultis
1874 2087 2079 2139 sotum-cuum

266 2184 296 2220 v.
319 2172 361 2221 28.
387 2175 415 2220 et
440 2172 481 2222 29.
513 2168 750 2221 circumcisionem
775 2169 871 2222 cordis
894 2170 924 2221 ia
950 2167 1061 2237 Spiritu
1086 2186 1104 2220 a
1130 2166 1344 2235 intelligendam
1366 2184 1431 2220 esse.
1467 2166 1688 2238 Respondemus:
1709 2170 1894 2225 Bellarminus
1911 2145 2091 2234 hacffiff‘

266 2254 483 2307 circunscisione
519 2256 614 2307 111111
647 2254 802 2324 distinguit.
846 2256 913 2309 Non
943 2255 968 2308 ia
999 2255 1049 2324 qui
1074 2255 1105 2308 ia
1131 2251 1159 2305 in
1185 2258 1266 2321 parte
1291 2251 1451 2322 Augustino
1476 2253 1577 2308 diserte
1600 2255 1778 2320 contradicit,
1804 2257 1879 2328 quod
1907 2273 1963 2312 non
1976 2247 2083 2338 {gufffl'

266 2340 439 2408 mesifesto,
463 2342 515 2393 sed
538 2341 564 2392 is
583 2342 632 2410 qui
650 2343 680 2394 ia
697 2342 877 2408 obscoadito,
900 2342 1031 2394 Judceus
1050 2349 1105 2409 est;
1131 2336 1294 2392 dissimulat.
1328 2337 1473 2407 Fatemur,
1499 2340 1689 2410 gravissimam
1716 2341 1792 2396 illam
1815 2343 1964 2397 commina-

268 2443 358 2495 sseque
377 2443 449 2494 quae
469 2426 499 2478 ia
518 2428 670 2494 mussifestc
694 2430 724 2481 iu
744 2443 842 2495 carue,
864 2436 904 2480 est
923 2427 1106 2496 circumcisio,
1130 2424 1234 2479 tionem
1260 2425 1369 2480 adultos
1392 2425 1564 2496 potissimum
1583 2443 1762 2494 concernere,
1786 2429 2097 2497 eosecilicet,v111.m

270 2515 324 2566 eed
350 2513 526 2566 circumcisio
552 2515 664 2581 corslss;
689 2514 718 2567 iu
744 2515 859 2582 spiritu,
884 2530 941 2567 coa
965 2515 995 2566 is
1014 2514 1106 2576 litera,
1132 2512 1180 2581 qui
1211 2518 1413 2567 sacramentum
1440 2511 1492 2566 hoc
1521 2517 1724 2568 contemserunt
1753 2520 1781 2569 et
1806 2516 1965 2586 adspernati
2009 2519 2014 2522 ’

270 2598 354 2667 eujus
372 2599 437 2652 lases
454 2616 511 2651 coa
528 2615 560 2651 eu
578 2599 748 2662 homiuibus,
772 2601 824 2652 sed
847 2615 880 2651 ee
898 2600 962 2653 Deo
981 2607 1034 2663 est,
1055 2599 1107 2653 hoc
1132 2602 1205 2666 sunt,
1224 2614 1287 2652 cum
1304 2598 1334 2652 in
1350 2598 1480 2654 Hebraeo
1500 2598 1536 2652 sit
1554 2600 1640 2668 Ἶὲῆ,
1658 2599 1731 2668 quod
1751 2600 1890 2671 significat
1908 2602 1964 2657 vio

272 2692 316 2738 est
335 2700 417 2738 verus
426 2683 551 2739 «11111111
571 2685 594 2737 is
612 2693 662 2752 est,
680 2685 728 2755 qui
747 2684 832 2739 babet
848 2701 895 2739 cor
906 2684 1107 2753 circumcisum,
1132 2684 1203 2752 lare,
1229 2690 1416 2753 contemnere,
1435 2686 1591 2756 negligere,
1608 2684 1752 2756 franger03
1779 2686 1830 2741 hoc
1846 2687 1963 2742 innuens

272 2777 358 2842 atque
383 2787 417 2825 ea
441 2770 552 2825 demum
576 2786 641 2825 vera
667 2770 837 2825 circumcisio
856 2777 913 2839 est,
939 2787 1011 2841 quae
1030 2770 1063 2824 fit
1078 2771 1106 2825 in
1134 2768 1231 2824 Chald.
1250 2771 1339 2826 versio
1354 2770 1595 2826 Onkelosiiverba
1613 2772 1833 2827 comminationis
1850 2773 1964 2829 1111111-

273 2856 379 2928 Spiritu
403 2856 432 2910 in
456 2856 546 2912 corde.
581 2857 646 2911 lam
665 2874 730 2913 vero
753 2858 871 2912 infantes
890 2857 1036 2912 Israiilitici
1056 2858 1106 2911 cir·
1134 2857 1217 2911 didit:
1243 2858 1384 2911 masculus
1410 2859 1514 2911 trabeas
1532 2862 1729 2927 praeputium,
1756 2860 1805 2928 qui
1830 2878 1886 2915 moe
1910 2864 1965 2915 cir-

273 2944 390 3000 cumcisi
416 2942 528 2998 1111111
551 2944 611 2998 veri
636 2944 739 3000 Judaei
764 2950 793 2999 et
819 2942 989 3000 circumcisio
1013 2959 1107 2998 eorum
1134 2944 1298 2998 1111111111νί1
1315 2961 1426 2997 caraem
1445 2944 1594 3013 praeputii
1611 2945 1668 3010 aui,
1690 2946 1798 3012 peribit
1815 2946 1895 3002 tremo
1916 2949 1966 3002 iile

268 3030 328 3086 fuit
345 3047 414 3085 sera
432 3029 611 3095 circumcisio,
631 3031 767 3103 siquidem
781 3033 883 3087 actuali
900 3030 1108 3102 impoenitentia
1134 3034 1170 3085 de
1187 3030 1298 3099 populo
1320 3047 1384 3096 suo,
1413 3046 1465 3084 nec
1487 3035 1581 3083 tamen
1605 3030 1641 3083 ad
1665 3031 1738 3084 solos
1761 3031 1871 3087 adultos
1897 3032 1965 3089 haec

272 3125 301 3173 et
326 3116 521 3172 incredulitate
546 3136 602 3172 non
626 3120 786 3174 restiterunt
809 3118 962 3189 operationi
988 3116 1107 3187 Spiritus
1133 3115 1309 3171 comminatio
1325 3115 1453 3185 pertinet.
1489 3113 1620 3178 Quamvis
1639 3114 1711 3168 enim
1724 3114 1892 3172 Israiiliticos
1904 3120 1965 3173 illos

274 3204 374 3258 suncti.
408 3202 486 3274 Ergo
513 3203 617 3274 Spiritu
645 3205 674 3258 in
699 3204 828 3259 cordibus
855 3210 920 3258 sunt
945 3202 1108 3269 circumcisi,
1134 3203 1267 3270 infantes,
1296 3202 1343 3273 qui
1366 3218 1422 3255 non
1444 3218 1494 3255 sua
1519 3200 1614 3271 aliqua
1634 3201 1726 3270 culpa,
1753 3202 1802 3255 sed
1820 3211 1965 3273 pareutum

274 3285 328 3343 boc
351 3296 395 3343 est
417 3289 572 3360 regenerati
598 3296 625 3342 et
646 3291 784 3353 renovati,
811 3289 915 3360 alioqui
937 3305 1029 3344 coram
1047 3286 1108 3343 Deo
1134 3289 1267 3358 (nondum
1283 3286 1319 3341 ab
1337 3287 1455 3341 ecclesia
1474 3285 1627 3341 lsraiilitica
1642 3301 1692 3356 per
1708 3286 1881 3341 manifestam
1900 3305 1965 3358 apo·

273 3374 439 3431 nouaclum
458 3376 494 3429 ab
514 3374 630 3429 ethnicis
649 3392 704 3429 non
724 3375 865 3444 distarent,
883 3376 932 3429 sed
952 3375 1007 3429 illis
1025 3375 1107 3430 stiam
1133 3375 1246 3430 stasiam
1280 3374 1479 3444 separatorum)
1515 3371 1687 3444 negligentia
1721 3373 1806 3443 (quod
1840 3372 1965 3429 Eliesero

273 3463 384 3535 pejoru
408 3466 514 3530 essent,
536 3467 632 3532 utpote
656 3463 832 3532 praeputium
856 3462 946 3516 cordis
966 3460 1107 3516 circumci·
1133 3460 1239 3533 Moysis
1270 3458 1329 3513 filio
1359 3458 1487 3529 contigit)
1518 3459 1563 3512 vel
1594 3475 1630 3513 ex·
1656 3460 1822 3514 necessitate
1845 3461 1965 3531 quadam

274 3567 351 3606 none
375 3548 466 3604 carnis
489 3548 668 3603 occultantes.
705 3547 832 3604 Vicissim
850 3548 1022 3603 circumcisio
1042 3564 1108 3603 vere
1132 3546 1286 3604 inevitabili
1310 3546 1397 3616 (quod
1421 3544 1543 3615 parvulis
1567 3545 1596 3598 in
1622 3544 1732 3600 deserto
1754 3545 1827 3599 natis
1849 3546 1965 3601 ibidem·

274 3654 308 3693 es
333 3637 444 3693 demum
468 3636 636 3708 judicanda,
664 3652 734 3706 quae
756 3634 867 3690 laudem
889 3633 974 3689 habet
996 3649 1051 3687 non
1073 3650 1107 3688 ex
1133 3651 1188 3706 qus
1206 3632 1357 3688 demortuis
1375 3630 1488 3698 accidit)
1513 3628 1565 3683 boc
1581 3636 1753 3686 sacramento
1771 3631 1872 3701 privati
1893 3640 1965 3698 sunt,

273 3723 440 3792 hominibus,
456 3723 505 3778 sed
523 3740 558 3777 ex
575 3723 650 3791 Deo,
674 3721 726 3775 boc
746 3729 787 3776 est
805 3738 887 3792 quam
907 3720 983 3776 Deus
1000 3720 1060 3791 ipse
1077 3719 1105 3773 in
1132 3727 1236 3776 temere
1259 3736 1315 3774 non
1335 3717 1510 3783 damnemus,
1533 3732 1596 3769 cum
1616 3733 1667 3787 pro
1687 3718 1902 3773 contemtoribus
1923 3736 1967 3773 sa·

273 3813 357 3868 corde
376 3810 558 3878 administrat,
576 3827 632 3864 non
650 3826 733 3880 quam
751 3808 876 3862 homines
886 3808 953 3861 loris
965 3808 1106 3863 adhibent.
1134 3806 1267 3862 crementi
1285 3811 1314 3860 et
1331 3801 1580 3874 transgressoribus
1592 3802 1703 3857 divinae
1714 3803 1896 3858 ordinationis
1910 3824 1966 3860 non

274 3898 363 3971 Atqui
384 3897 449 3953 talis
473 3903 516 3950 est
540 3895 678 3950 infantum
704 3894 874 3949 circumcisio
900 3894 1009 3949 dicente
1036 3894 1106 3949 Scri·
1133 3894 1240 3966 possint
1264 3890 1374 3959 baberi3
1407 3889 1474 3959 quin
1503 3888 1586 3943 etiam
1614 3888 1676 3942 illos
1702 3888 1835 3955 infantes,
1865 3891 1913 3963 qui
1937 3892 1966 3946 in

275 3991 372 4056 ptura:
394 3983 536 4038 Dominus
555 3983 732 4037 circumcidet
751 3999 800 4034 ccr
817 3981 929 4033 semissis
945 3983 994 4048 tui,
1022 3982 1107 4035 Deut.
1132 3989 1210 4038 utero
1235 3980 1279 4034 vel
1302 3985 1367 4032 ante
1391 3983 1519 4031 octavum
1541 3974 1615 4030 diem
1631 3975 1797 4041 moriuntur,
1822 3992 1840 4029 a
1857 3978 1966 4030 commi·

275 4079 317 4142 311,
334 4089 361 4124 v.
382 4076 406 4126 t.
425 4070 523 4141 utique
542 4086 608 4141 ergo
626 4087 692 4124 vera
704 4076 732 4123 et
742 4068 873 4122 salutaris
883 4074 933 4134 est,
949 4086 1012 4122 cum
1029 4069 1107 4140 spiri-
1133 4068 1245 4123 natione
1264 4064 1432 4119 institores
1452 4078 1525 4128 esse,
1543 4060 1733 4116 indubitanter
1749 4063 1966 4131 pronuntiemus,

274 4158 353 4227 tuali,
365 4156 581 4224 scilicetcordis,
591 4154 798 4209 circumcisione
808 4154 964 4224 conjuncta
993 4154 1108 4209 120111
1133 4172 1197 4209 cum
1225 4157 1289 4206 ante
1319 4150 1392 4204 diem
1418 4154 1546 4203 octavum
1572 4147 1673 4202 nemini
1695 4147 1815 4203 conferri
1842 4149 1968 4205 debuerit

275 4245 304 4300 in
326 4244 433 4317 synodo
457 4241 610 4313 apostolica
632 4240 886 4312 Hierosolymitana
903 4240 997 4293 Actor.
1016 4247 1055 4297 15.
1073 4243 1108 4297 de
1134 4238 1305 4294 circumcisio
1328 4235 1396 4303 (alia
1418 4239 1511 4289 tamen
1529 4233 1602 4288 ratio
1619 4240 1662 4288 est
1679 4233 1831 4303 infantum,
1852 4235 1900 4306 qui
1919 4253 1967 4291 ns·

276 4330 460 4402 abrogatione
486 4328 700 4383 circumcisionis
728 4332 907 4395 tractaretur,
935 4327 1034 4381 Petrus
1056 4329 1109 4383 boc
1135 4333 1250 4382 scuntur
1266 4340 1301 4378 ex
1318 4322 1466 4393 apostatis,
1485 4319 1655 4375 lsraiiliticae
1672 4319 1813 4389 religionis
1831 4327 1858 4377 et
1878 4339 1968 4377 sacra·
2026 4358 2028 4361 -

280 4423 444 4490 argumento
462 4413 583 4482 obtinet,
603 4414 808 4468 circumcisione
828 4414 856 4466 in
876 4413 909 4469 N.
929 4412 963 4467 Τ.
980 4430 1035 4467 111
1054 4432 1109 4469 am-
1136 4412 1221 4467 meuti
1236 4411 1318 4482 hujus
1335 4407 1559 4472 contemtoribus,
1577 4406 1617 4460 illi
1634 4406 1714 4474 enim,
1732 4407 1799 4477 quia
1814 4408 1874 4479 jam
1892 4426 1968 4479 apo·

279 4504 352 4577 plius
379 4518 449 4572 opus
471 4517 547 4565 esse,
568 4516 632 4554 cum
658 4500 763 4570 absque
785 4499 833 4553 illa
851 4501 928 4554 Deus
946 4501 1010 4564 fide
1032 4502 1110 4569 puri·
1136 4500 1202 4571 pulo
1227 4497 1283 4552 Dei
1307 4495 1424 4551 abscissi
1444 4502 1535 4557 erant,
1563 4494 1627 4549 ideo
1651 4493 1761 4549 illorum
1783 4495 1968 4551 incircumcisi

279 4592 348 4658 ficet
365 4590 456 4643 cordo
467 4585 639 4643 ethnicorum
652 4586 855 4656 baptizatorum
868 4602 893 4638 v.
909 4592 933 4641 9.
955 4585 1032 4639 Talis
1045 4602 1111 4657 ergo
1138 4584 1246 4654 parvuli
1268 4576 1421 4636 infidelium
1444 4579 1590 4651 gentilium
1615 4580 1710 4635 liberis
1735 4580 1839 4636 similes
1858 4582 1968 4651 redditi,

280 4685 322 4732 111
344 4675 423 4730 Petri
448 4672 591 4727 collectio:
627 4672 656 4727 si
683 4672 855 4726 circumcisio
883 4671 1012 4742 gentibus
1040 4678 1113 4725 esset
1137 4675 1170 4724 ut
1186 4675 1279 4725 monet
1296 4669 1332 4722 D.
1349 4665 1479 4721 Hunnius
1498 4672 1578 4721 tract.
1597 4666 1631 4722 de
1649 4682 1764 4721 sacram.
1791 4685 1814 4722 c.
1833 4675 1857 4725 2.
1875 4688 1902 4741 q.
1918 4672 1968 4737 15.)

280 4760 462 4833 imponenda,
487 4776 548 4814 eam
571 4758 742 4813 solummodo
760 4757 795 4811 ob
813 4774 923 4812 causam
943 4757 972 4810 id
990 4755 1049 4811 fieri
1067 4757 1113 4812 de·
1139 4755 1216 4820 Quae
1233 4754 1324 4809 omnia
1344 4751 1471 4824 quamvis
1489 4751 1530 4805 ita
1546 4767 1577 4806 se
1593 4751 1731 4819 habeant,
1749 4762 1842 4810 manet
1858 4755 1968 4811 interim

281 4850 370 4915 beret,
398 4854 430 4903 ut
454 4864 505 4917 pes
529 4846 605 4899 illam
627 4844 683 4899 fide
706 4845 792 4899 corda
817 4851 1008 4915 purgarentur.
1048 4844 1111 4900 dam
1137 4843 1180 4897 vis
1200 4841 1369 4911 argumenti,
1388 4838 1463 4909 quod
1481 4838 1569 4892 secuti
1585 4837 1775 4909 Augustiuum
1794 4858 1827 4896 ex
1843 4840 1969 4896 hocloco

282 4954 345 4992 sero
377 4935 454 4989 Dens
486 4950 537 5003 per
568 4931 736 5001 baptismum
771 4931 878 5001 absque
906 4930 1112 4986 circumcisione
1139 4929 1273 4984 ducimus.
1314 4926 1388 4991 Quia
1410 4924 1628 4981 contemtoribus
1654 4924 1870 4982 circumcisionis
1896 4944 1968 4983 com-

284 5024 365 5088 corda
382 5023 492 5076 illorum
509 5019 565 5074 fide
582 5027 692 5089 purgat.
728 5020 803 5088 Ergo
827 5019 1035 5073 circumcisione
1057 5033 1112 5071 non
1139 5017 1259 5071 minatur
1280 5014 1358 5069 Deus
1383 5011 1548 5067 deletionem
1572 5027 1605 5066 ex
1623 5012 1741 5083 populo3
1767 5029 1833 5084 ergo
1853 5013 1968 5070 circum·

285 5117 323 5163 est
338 5125 417 5179 opus.
449 5104 556 5170 Quodsi
567 5120 633 5176 ergo
645 5104 775 5158 effectum
789 5104 867 5156 illum
880 5104 1016 5174 purgandi
1030 5104 1113 5158 corda
1138 5102 1206 5157 cisio
1234 5107 1276 5156 est
1300 5100 1421 5156 salutare
1444 5098 1581 5163 medium,
1609 5115 1660 5169 per
1686 5099 1760 5171 quod
1784 5101 1813 5155 in
1835 5096 1969 5173 populum

287 5193 335 5251 tide
352 5192 557 5250 circumcisioni
577 5193 709 5262 deneges,
735 5190 967 5260 argumentationi
986 5190 1113 5260 apostoli·
1139 5189 1191 5243 Dei
1216 5195 1245 5242 et
1266 5185 1362 5242 foedus
1386 5184 1495 5258 gratim
1514 5183 1590 5239 facta
1610 5184 1665 5241 fuit
1685 5186 1814 5256 receptio.
1854 5188 1906 5254 At,
1929 5188 1970 5241 in·

290 5296 331 5339 tae
347 5300 399 5337 sua
416 5298 472 5336 uon
492 5278 631 5334 constabit
650 5277 803 5348 integritas,
822 5278 896 5347 quod
914 5276 995 5331 absit.
1029 5278 1113 5332 11111
1139 5276 1199 5347 quit
1214 5270 1410 5337 Bellarminus,
1426 5271 1533 5346 ⁴ms'iiies
1546 5273 1626 5325 Deus
1642 5272 1766 5326 minatur
1785 5281 1901 5327 mutem
1914 5290 1970 5327 soe

290 5370 378 5423 udem
408 5367 540 5422 concione
565 5365 677 5420 additur
702 5381 726 5415 v.
753 5369 791 5418 11.
820 5360 968 5431 credimus,
987 5381 1039 5416 uos
1059 5380 1114 5433 per
1138 5359 1312 5415 screantibus
1323 5366 1494 5428 praeceptu,·
1511 5374 1578 5426 erpo
1596 5358 1773 5413 circumcisio
1784 5360 1849 5427 suit
1867 5361 1970 5415 solum·

291 5460 404 5519 maciem
423 5456 483 5509 Dei
502 5453 613 5507 seruari
634 5450 667 5504 ὃν
691 5449 802 5521 τρόπον,
826 5452 922 5504 eodem
941 5451 1035 5517 modo,
1060 5470 1114 5520 quo
1139 5450 1223 5504 modo
1243 5450 1423 5516 praeceptum
1448 5445 1593 5514 meddam
1618 5445 1812 5500 ceremoniale.
1847 5445 1971 5519 Respon-

291 5546 312 5588 u
328 5543 375 5595 itti
391 5546 494 5612 (patres
516 5540 631 5606 nostri);
657 5536 753 5590 modus
773 5542 878 5601 autem,
897 5552 952 5605 quo
971 5537 1113 5590 11111111-
1141 5536 1253 5589 demua:
1271 5531 1408 5585 imovero
1425 5537 1626 5587 sacramentum
1644 5531 1699 5587 suit
1715 5549 1732 5587 s
1749 5531 1971 5605 reliquisliguris

289 5620 374 5682 fantes
391 5628 540 5693 salvantur,
560 5625 705 5678 aliusnon
725 5631 767 5676 est
784 5638 867 5691 quam
885 5638 935 5690 per
947 5621 1114 5690 baptismum
1141 5618 1277 5692 legalibus
1297 5615 1471 5682 distinctum,
1490 5620 1564 5690 quod
1583 5624 1701 5674 testatur
1718 5620 1862 5691 promissio
1881 5621 1970 5676 eidem

288 5713 451 5768 ordinarium
477 5711 546 5766 illud
570 5708 783 5781 regenerationis
807 5712 836 5761 et
857 5706 953 5760 salutis
976 5707 1005 5759 in
1027 5708 1061 5761 N.
1081 5709 1113 5762 T.
1141 5708 1246 5761 addita.
1281 5703 1442 5774 Repetimus
1466 5720 1530 5775 ergo
1550 5706 1641 5762 denuo
1660 5706 1836 5763 collationem
1854 5707 1970 5761 circum·

288 5799 420 5870 medium
444 5814 558 5855 necesse
582 5798 666 5868 igitur
689 5802 745 5863 est,
770 5799 801 5848 ut
827 5792 925 5863 priscis
946 5794 1115 5862 temporibus
1141 5789 1251 5847 cisionis
1272 5795 1301 5844 et
1320 5789 1459 5859 baptismi.
1499 5790 1735 5857 Quemadmodum
1757 5793 1971 5849 contemtoribus

287 5874 472 5942 israelitarum
497 5884 616 5940 infantes
640 5899 689 5952 per
708 5879 945 5937 circumcisionem
968 5875 1036 5931 faeti
1056 5878 1114 5932 tue
1142 5876 1273 5948 baptismi
1299 5875 1403 5931 dicitur
1424 5873 1489 5931 Joh.
1508 5881 1538 5944 ³,
1560 5896 1587 5932 r.
1611 5884 1641 5932 tt
1677 5880 1747 5935 Nisi
1771 5882 1833 5949 quis
1855 5885 1972 5934 reactus

1587 5982 1640 6039 u·
