4800 6659
720 1768 1005 1889 LOCUS
1046 1756 1449 1888 DECIMUS
1489 1762 1796 1885 NONUS
1895 1787 1903 1794 ·

515 2048 609 2199 es
655 2050 1343 2205 111111111111111
1389 2047 1586 2203 rere
1635 2039 2017 2202 russerie

1246 2352 1275 2417 1.

327 2545 366 2586 11.
381 2545 399 2588 ι,
454 2468 586 2594 Egimus
623 2524 759 2581 haetenus
797 2524 833 2580 de
862 2521 1043 2579 sacramentis
1072 2523 1102 2577 in
1131 2538 1251 2593 genere3
1273 2523 1489 2595 significationes
1501 2520 1604 2577 Christi
1622 2537 1672 2574 suo
1691 2525 1815 2587 tempore
1834 2512 1983 2570 exhibendi
2000 2512 2111 2584 passuri

284 2603 400 2698 (gffiffg
412 2613 499 2663 restat
517 2614 549 2663 ut
566 2610 595 2663 in
613 2610 705 2681 speeie
724 2609 759 2664 de
780 2609 835 2664 illis
853 2608 1030 2663 disseramus.
1063 2607 1248 2663 &mamam
1274 2616 1303 2664 et
1319 2610 1461 2679 morituri;
1483 2625 1586 2663 nevum
1603 2612 1696 2662 autem
1713 2601 1873 2675 hujusmodi
1888 2599 1986 2672 figuris
2003 2604 2033 2653 et
2050 2615 2110 2653 um·

285 2717 378 2756 presse-
414 2693 477 2747 alr'e
500 2701 564 2748 sunt
591 2694 634 2762 V,
659 2694 720 2748 alie
743 2696 781 2748 N.
804 2695 836 2748 T.
871 2692 1051 2750 Sacramenta
1069 2693 1105 2750 V.
1123 2692 1156 2746 Τ.
1176 2697 1249 2761 sunt,
1273 2695 1331 2751 bris
1349 2695 1516 2750 destituatur
1532 2701 1563 2749 et
1580 2696 1756 2764 praesentem
1773 2688 1874 2745 offerat
1892 2686 2032 2743 Christum
2048 2687 2109 2755 jam

286 2759 362 2825 ἀφ’
413 2796 487 2865 quae
511 2785 577 2835 ante
595 2779 697 2835 Christi
715 2781 867 2835 adventum
885 2779 1013 2834 instituta
1030 2780 1138 2834 eminus
1158 2778 1249 2849 ipsum
1274 2781 1426 2837 exhibitum
1452 2787 1481 2837 et
1505 2798 1556 2851 pro
1580 2778 1661 2833 nobie
1684 2794 1797 2848 pessum
1822 2781 1851 2829 et
1876 2778 2014 2828 mortuum
2027 2773 2111 2843 juxta

413 2871 601 2921 monstrarunt
618 2865 760 2938 attigeris
778 2864 946 2937 quibusdam
963 2865 1172 2932 adumbrarunt,
1193 2882 1249 2935 quo
1275 2884 1405 2939 expressa
1423 2867 1500 2922 dicta
1519 2864 1578 2922 Col.
1596 2870 1629 2933 2,
1647 2880 1673 2918 r.
1695 2868 1737 2919 16.
1760 2868 1798 2917 17.
1824 2859 1911 2915 Hebr.
1933 2865 1973 2926 10,
1993 2877 2020 2911 v.
2043 2863 2065 2913 1.
2084 2862 2109 2913 2.

414 2951 525 3007 demum
549 2951 672 3008 exhibito
703 2957 732 3007 et
757 2958 851 3023 partes
877 2951 963 3006 oflicii
988 2969 1006 3006 a
1027 2950 1112 3007 Patre
1136 2950 1250 3007 coelesti
1273 2954 1338 3009 ideo
1356 2952 1489 3025 primaria
1505 2968 1539 3007 ac
1557 2950 1709 3023 praecipua
1726 2952 1961 3003 sacramentorum
1980 2943 2111 2999 differen-

415 3038 469 3092 sibi
495 3037 655 3094 demandati
685 3045 851 3110 exsequente
876 3037 1014 3110 abrogata
1040 3044 1113 3095 sunt
1153 3037 1250 3094 Sacra·
1274 3041 1315 3095 tia
1339 3039 1466 3095 consistit
1487 3038 1516 3092 in
1541 3054 1587 3101 eo,
1614 3036 1689 3108 qnod
1713 3037 1889 3090 sacramenta
1904 3030 1939 3087 V.
1957 3030 1990 3084 T.
2006 3029 2112 3085 fuerint

415 3127 510 3179 menta
533 3123 568 3180 N.
592 3123 625 3179 T.
653 3130 730 3193 sunt,
756 3140 829 3196 quae
848 3141 866 3179 a
883 3122 992 3180 Christe
1012 3123 1141 3179 instituta
1159 3123 1250 3194 ipsum
1275 3125 1499 3196 praenuntiativa
1519 3122 1623 3179 Christi
1641 3120 1757 3189 venturi,
1775 3120 1825 3175 sed
1844 3115 2063 3173 sacramentali.
2076 3116 2110 3173 T.

415 3209 567 3264 exhibitum
584 3216 721 3265 testantur
741 3215 770 3265 et
787 3216 960 3280 praesentem
979 3209 1100 3265 offerunt
1118 3210 1251 3265 duratura
1275 3211 1331 3265 sint
1349 3211 1544 3264 aunuruiae'ea
1565 3209 1671 3263 Christi
1688 3207 1809 3274 exhibiti,
1828 3210 1858 3258 ut
1876 3203 1997 3275 loquitur
2012 3200 2112 3274 Angu-

415 3296 444 3349 in
463 3297 581 3353 eeclesia
603 3297 746 3368 usquead
765 3297 862 3351 mundi
880 3296 971 3351 finem.
1007 3296 1168 3368 Antequam
1186 3314 1251 3352 vero
1276 3297 1366 3352 sunus
1383 3297 1412 3351 in
1430 3296 1533 3351 Psalm.
1553 3302 1609 3365 73„
1627 3294 1680 3349 hoe
1696 3300 1738 3349 est
1754 3293 1804 3347 illa
1821 3291 1935 3345 fuerunt
1951 3289 2067 3344 umbrae
2084 3294 2114 3343 et

415 3382 444 3436 in
468 3382 561 3453 specie
585 3384 619 3438 de
643 3384 787 3454 utriusque
813 3382 969 3438 testamenti
987 3383 1167 3438 sacramentis
1185 3400 1251 3454 aga·
1277 3383 1397 3456 figurae,
1429 3402 1484 3439 non
1515 3383 1605 3454 ipsum
1637 3399 1740 3452 eorpus
1773 3386 1801 3434 et
1831 3393 1961 3448 expressa
1991 3392 2024 3430 ac
2047 3374 2114 3429 riva

417 3486 491 3537 mus,
522 3468 598 3538 prius
628 3468 664 3523 de
695 3468 887 3523 convenientia
917 3474 944 3524 et
973 3469 1131 3525 discrimine
1157 3486 1252 3524 eorum
1277 3470 1384 3541 imago;
1409 3470 1477 3525 haec
1496 3487 1560 3526 rere
1579 3469 1721 3524 continent
1739 3467 1830 3536 ipsum
1848 3480 1948 3535 corpus
1967 3468 1996 3518 et
2013 3461 2132 3534 imagi-'

288 3563 379 3605 conv·-
418 3554 595 3608 tractandum
629 3554 720 3608 luerit.
766 3553 837 3609 Esse
866 3554 988 3626 aliquam
1017 3561 1252 3611 sacramentorum
1277 3572 1341 3610 nem
1359 3556 1484 3624 subdam,
1501 3573 1557 3610 non
1576 3560 1668 3610 antem
1686 3552 1799 3606 umbras
1816 3557 1844 3605 et
1860 3550 1979 3622 figuras3
1997 3548 2113 3620 preinde

288 3616 378 3708 2¹22&
401 3638 564 3709 ·ntriusque
583 3640 740 3694 testamenti
759 3641 987 3707 conuenientium,
1005 3657 1086 3696 nemo
1104 3640 1186 3696 facile
1206 3659 1253 3697 ne·
1278 3642 1339 3712 ipsa
1365 3643 1522 3697 substantia
1547 3645 1782 3696 sacramentorum
1805 3638 1841 3693 V.
1866 3637 1898 3693 T.
1925 3635 1979 3690 luit
2004 3634 2061 3690 alia
2077 3641 2114 3714 ι91

289 3723 535 3811 fuffi'stssa'erit'
553 3742 617 3780 cum
636 3742 691 3779 non
708 3725 798 3780 selum
815 3726 994 3784 conveniant:
1014 3732 1037 3780 l.
1050 3728 1253 3797 appellatione,
1278 3727 1388 3782 diversa
1411 3745 1429 3782 a
1450 3726 1628 3782 sacramentis
1650 3724 1684 3780 N.
1707 3724 1742 3777 Τ.
1777 3722 1905 3792 Exempli
1929 3722 2022 3793 gratia
2045 3722 2113 3793 agni

290 3820 317 3860 11.
331 3795 374 3861 e*
418 3810 467 3865 sed
492 3810 576 3865 etiam
602 3814 629 3864 2.
652 3828 752 3880 periere
774 3811 923 3879 proximo,
954 3817 980 3864 d.
1000 3830 1088 3866 cauca
1114 3813 1419 3884 efficientepasehalis
1437 3813 1595 3869 substantia
1611 3830 1666 3865 non
1684 3809 1738 3864 fuit
1755 3809 1845 3879 ipsum
1863 3826 1971 3879 corpus,
1988 3809 2050 3879 ipsa
2067 3826 2112 3862 ex-

413 3896 589 3965 principuli,
622 3913 694 3968 quae
721 3903 765 3952 est
788 3897 866 3951 Deus
893 3896 993 3951 uniens
1017 3904 1253 3954 sacramentorum
1278 3917 1374 3970 pressa
1395 3900 1501 3971 imago,
1526 3900 1587 3970 ipsa
1610 3896 1725 3965 veritas,
1752 3912 1852 3966 nempe
1870 3910 1934 3949 earo
1951 3901 1979 3948 et
1997 3894 2112 3964 sanguis

417 3987 522 4038 auctor.
558 3983 599 4039 Ut
617 3983 692 4038 idem
710 3988 753 4037 est
769 3981 847 4037 Deus
865 3998 898 4036 ae
916 3982 1068 4051 Dominus,
1095 3989 1152 4037 tam
1170 3983 1251 4041 inv.
1278 3985 1392 4056 Christi,
1418 3985 1468 4039 sed
1491 3984 1565 4038 illius
1583 3982 1683 4037 umbra
1701 3989 1729 4037 et
1745 3981 1852 4052 figura3
1888 3980 1936 4035 sed
1957 3979 2113 4034 substantia

418 4083 502 4138 quam
525 4068 556 4122 in
580 4069 615 4125 N.
638 4070 671 4123 T.
699 4070 739 4125 ita
760 4086 871 4141 quoque
896 4068 970 4124 idem
996 4068 1145 4141 utrobique
1162 4087 1253 4126 saera·
1278 4089 1380 4128 coenae
1407 4070 1571 4127 Dominicae
1597 4075 1640 4125 est
1660 4070 1722 4139 ipsa
1745 4084 1812 4122 vera
1837 4066 2028 4122 substantialis
2048 4082 2114 4121 earo

417 4159 572 4208 mentorum
598 4162 709 4226 auctor,
737 4161 761 4209 4.
788 4174 876 4209 cauea
903 4155 988 4220 finali
1010 4157 1154 4227 qeneriee,
1180 4175 1253 4229 quae
1278 4164 1306 4213 et
1322 4157 1436 4229 sanguis
1452 4156 1517 4210 Filii
1531 4155 1586 4210 Dei
1601 4154 1745 4222 incarnati,
1762 4171 1818 4209 non
1832 4153 1908 4207 nuda
1923 4157 2033 4206 tantum
2052 4154 2113 4223 ejus

417 4244 460 4295 est
485 4240 694 4310 promissionem
718 4241 856 4313 evangelii
880 4240 1021 4312 propriam
1041 4240 1075 4296 de
1093 4242 1253 4299 remissione
1278 4244 1377 4317 ligura.
1413 4243 1475 4307 Quo
1495 4242 1634 4313 pertinent
1653 4241 1729 4295 dieta
1746 4246 1865 4310 patrum.
1894 4238 2059 4294 Ambrosius
2080 4239 2114 4294 de

418 4330 595 4397 peccatorum
618 4327 731 4396 offerre,
757 4328 886 4384 exhihere
911 4333 940 4382 et
963 4326 1139 4382 credentibus
1164 4328 1253 4400 appli-
1278 4331 1322 4385 his
1342 4330 1390 4401 qui
1410 4329 1469 4385 init.
1489 4334 1571 4399 myst.
1589 4346 1613 4383 e.
1633 4335 1661 4384 9:
1689 4326 1860 4394 Considera,
1885 4333 1946 4379 uter
1962 4333 2113 4394 praesten-

418 4428 490 4481 care,
507 4411 680 4482 eandemque
697 4412 846 4484 obsignare
858 4419 886 4469 et
897 4412 1074 4483 confirmare3
1094 4417 1120 4467 5.
1133 4417 1253 4469 materia
1279 4418 1334 4471 tior
1353 4418 1390 4470 rit
1403 4416 1493 4485 penis
1508 4415 1681 4484 ersqelorum,
1700 4432 1738 4466 arr
1754 4431 1819 4466 vero
1833 4412 1939 4465 Christi
1948 4430 2025 4475 cero,
2044 4428 2114 4481 quae

418 4506 445 4552 ct
462 4500 559 4560 forma
576 4498 707 4567 generice
725 4499 784 4553 sive
801 4500 921 4569 partium
938 4506 1117 4554 συστατικαῖν
1130 4518 1253 4567 numero,
1279 4503 1374 4572 utique
1394 4509 1433 4555 est
1453 4519 1556 4570 eorpus
1571 4501 1667 4553 vitoe!
1694 4497 1763 4552 Illis
1782 4516 1857 4567 aqua
1872 4515 1905 4551 ee
1919 4505 2006 4567 petra
2020 4498 2114 4567 flacit,

419 4590 555 4657 qnatenus
577 4583 683 4639 seilicet
702 4601 782 4640 omne
800 4590 1125 4641 sacramentumeenstat
1138 4587 1331 4682 materiaytibi
1352 4588 1469 4656 serry-uis
1491 4604 1505 4641 e
1531 4586 1651 4642 Christo.
1687 4583 1874 4654 Hieronymus
1898 4584 1927 4637 in
1946 4600 1970 4639 c.
1992 4589 2014 4639 1.
2033 4584 2113 4655 epist.

419 4676 448 4726 et
466 4670 563 4738 torma,
584 4669 636 4724 hoc
656 4674 699 4724 est
717 4676 854 4741 quatenus
874 4690 955 4727 omne
973 4678 1178 4727 sacramentum
1191 4689 1254 4743 pro·
1279 4675 1316 4729 ad
1329 4674 1386 4730 Tit.
1404 4679 1513 4728 tantum
1532 4673 1664 4727 interesse
1683 4670 1751 4724 dicit
1770 4670 1844 4723 iuter
1866 4688 1978 4723 semem
1999 4688 2115 4723 coenam

419 4756 480 4827 prie
499 4756 539 4810 sic
558 4756 662 4811 dictum
683 4760 726 4811 911
746 4756 818 4810 aetio
838 4773 918 4812 sacra
935 4764 963 4813 et
982 4757 1102 4813 solennis
1121 4757 1255 4813 divinitus
1281 4769 1307 4815 et
1327 4778 1420 4831 perses
1443 4757 1664 4831 propositionis,
1691 4764 1825 4827 quautam
1850 4756 1921 4810 irater
1944 4757 2072 4810 umbram
2089 4765 2114 4809 et

420 4843 562 4912 instituta,
585 4859 657 4914 quae
684 4847 811 4897 versatur
833 4843 907 4898 circa
926 4849 1031 4900 eertum
1050 4845 1190 4914 objectum
1207 4863 1254 4915 pe·
1280 4865 1391 4917 empus,
1410 4847 1482 4899 iuter
1500 4845 1651 4913 imaqiuem
1669 4851 1695 4896 et
1712 4843 1864 4912 verdetem,
1886 4844 1958 4896 inter
1976 4844 2114 4912 exemple-

421 4930 520 4984 cnliari
537 4930 620 4985 verbe
636 4928 816 4984 institutionis
836 4936 864 4985 et
881 4930 1070 5001 promissionis
1090 4931 1254 4986 determina·
1280 4934 1327 4987 ria
1354 4934 1518 4997 futurorum
1547 4939 1572 4983 et
1600 4948 1633 4983 ee
1657 4930 1734 4998 epse,
1763 4947 1835 4998 quac
1860 4946 1915 4998 per
1941 4930 2115 4999 exemplario

422 5021 495 5083 tum,
513 5020 537 5072 6.
551 5035 611 5085 usu,
631 5015 778 5088 utrobique
798 5015 871 5071 enim
891 5016 960 5073 fides
979 5017 1135 5089 requiritur,
1154 5023 1187 5071 ut
1200 5017 1256 5073 sint
1275 5022 1449 5087 fipurootur.
1485 5016 1698 5088 chrysostomus
1719 5016 1748 5068 in
1770 5032 1793 5069 e.
1814 5021 1838 5066 5.
1859 5020 1960 5084 poster.
1983 5014 2020 5068 ad
2039 5014 2114 5070 Ceu:
2190 5012 2193 5020 '

421 5098 563 5158 salutaria.
1283 5107 1342 5159 Pro
1359 5123 1464 5158 manua
1481 5104 1610 5156 laberius
1630 5120 1732 5171 eorpus
1750 5100 1946 5168 Domitium,
1962 5119 2020 5171 pre
2039 5121 2115 5172 aquae

339 5202 410 5244 sxa
458 5195 482 5244 2.
510 5190 625 5243 Interim
653 5194 746 5242 tamen
771 5186 921 5258 unicuique
944 5196 1116 5245 sacramento
1140 5195 1183 5245 est
1207 5207 1257 5244 suu
1278 5200 1379 5261 petrae
1404 5190 1568 5259 sanquinem
1588 5187 1736 5241 exlatere.
1771 5185 1961 5241 Theodoretns
1981 5186 2009 5239 in
2027 5205 2050 5241 e.
2075 5194 2114 5244 11.

293 5261 405 5355 ἓξᾞ·
424 5276 561 5345 quaedam
584 5275 703 5346 ‚propria
728 5274 844 5330 materia
872 5279 900 5329 et
926 5275 1015 5329 forma
1038 5275 1181 5347 specifica,
1207 5295 1258 5346 per
1282 5277 1365 5347 prior.
1385 5277 1421 5330 ad
1435 5274 1558 5331 Corinth.
1579 5289 1693 5327 coenam
1712 5272 1777 5343 agni
1797 5271 1982 5342 paschalis-et
1999 5274 2114 5328 domini·

294 5367 398 5408 nauem.
424 5377 508 5432 quam
532 5366 574 5415 est
598 5361 641 5430 id,
668 5362 742 5433 quod
766 5367 809 5416 eet
832 5366 860 5417 et
879 5360 915 5415 ab
934 5361 1059 5417 omnibus
1078 5362 1140 5417 aliis
1159 5363 1257 5417 distin·
1283 5380 1344 5417 cam
1369 5362 1513 5417 conferens
1536 5362 1609 5414 laone
1635 5377 1693 5413 esee
1718 5376 1814 5413 verum
1838 5358 1918 5411 illiue
1935 5358 2116 5430 archetypam

424 5447 528 5520 guitur,
548 5448 583 5502 de
602 5464 659 5518 qna
676 5465 709 5503 ex
726 5447 839 5517 propria
858 5446 1037 5502 institutionis
1055 5448 1121 5503 sede
1136 5449 1258 5519 judicari
1284 5449 1389 5505 scribit.
1425 5447 1499 5502 Huic
1517 5446 1665 5518 principali
1684 5450 1711 5502 et
1729 5445 1859 5516 primario
1880 5452 2113 5501 sacramentorum

423 5534 575 5589 rectissime
597 5539 689 5604 potest
714 5541 743 5590 et
765 5533 876 5589 omnino
903 5532 985 5587 etiam
1006 5532 1097 5589 debet
1131 5534 1205 5590 Vide
1225 5552 1258 5591 ea
1283 5534 1435 5589 discrimini
1463 5534 1572 5589 accedit
1595 5532 1712 5587 alterum
1730 5550 1763 5587 ex
1781 5530 1907 5601 symbolo
1924 5533 2116 5588 scemmentali

423 5636 495 5694 quae
521 5620 648 5690 superius
678 5620 753 5675 dicta
779 5627 844 5675 sunt
871 5617 897 5695 ξ.
921 5625 963 5675 45.
989 5625 1017 5674 et
1039 5624 1080 5674 16.
1107 5620 1148 5674 uti
1173 5621 1257 5675 etiam
1284 5626 1411 5686 externo,
1437 5621 1511 5691 qnod
1531 5637 1588 5674 non
1608 5623 1651 5674 est
1671 5618 1744 5673 idem
1763 5617 1792 5670 in
1812 5616 1939 5672 omnibus
1959 5634 2114 5674 sacramen·

425 5704 453 5783 §.
476 5711 516 5762 63.
558 5707 670 5761 Etenim
695 5724 759 5762 cnm
787 5725 868 5764 omne
895 5712 1096 5762 sacramentum
1125 5713 1258 5778 sequatur
1282 5708 1332 5771 tis,
1360 5705 1410 5761 sed
1439 5704 1469 5758 in
1495 5704 1612 5777 singulis
1638 5702 1781 5776 proprium
1810 5706 1839 5756 et
1863 5701 2019 5773 peculiare,
2046 5704 2119 5759 sieut

424 5798 552 5849 naturam
571 5793 615 5849 sui
631 5793 790 5850 testamenti
809 5800 838 5850 et
854 5809 919 5849 rere
938 5793 974 5850 V.
993 5792 1026 5847 T.
1045 5791 1176 5847 habuerit
1194 5801 1257 5847 tarr·
1283 5791 1367 5850 etiam
1385 5790 1458 5845 actio
1476 5790 1684 5847 sacramentalis
1703 5795 1746 5871 est
1763 5804 1815 5844 sua
1831 5788 1931 5860 cuique
1945 5796 2118 5846 sacramento

425 5882 566 5937 muodo
594 5881 722 5937 umbram
747 5882 925 5951 futurorum,
955 5878 1009 5935 boc
1034 5883 1078 5937 est
1101 5876 1207 5951 figuras
1229 5886 1259 5935 st
1282 5877 1405 5952 propria
