4800 6659
979 691 1030 747 Du
1049 687 1163 747 BONIS
1180 688 1379 748 OPERIBUS.
1406 753 1409 758 ,
1981 696 2021 755 dl

327 845 454 900 metietur
476 846 561 902 vobi.
592 845 696 911 Quodsi
714 847 759 903 vel
778 848 899 902 maxime
920 846 955 902 de
973 845 1067 900 divina
1082 844 1160 901 retri-
1188 862 1262 900 mam
1288 847 1364 901 ritas
1392 852 1522 903 aeterm
1540 846 1741 919 possessionem
1765 846 1942 903 ambulantes
1961 864 2024 904 ean·

326 932 438 989 batione
463 934 515 988 hoc
541 933 647 989 dictum
670 933 885 1006 intelligeretur,
912 933 1043 1004 probaret
1059 932 1160 1003 potius,
1188 931 1251 986 dem
1268 950 1302 989 ex
1320 934 1413 1005 gratia
1429 952 1480 1005 per
1497 934 1582 989 fidem
1598 934 1710 990 tandem
1730 935 1939 1005 consequimur;
1968 950 2025 1006 quo

325 1017 415 1075 Deum
445 1037 531 1090 supra
560 1021 686 1077 meritum
715 1027 744 1075 et
774 1038 858 1095 supra
886 1019 1055 1092 condignum
1087 1018 1160 1072 bona
1188 1036 1270 1074 sensu
1288 1018 1357 1074 illud
1379 1025 1466 1088 ζητεῖν
1480 1020 1531 1089 τὴν
1544 1018 1631 1082 δόξαν
1642 1024 1688 1075 και
1699 1022 1782 1095 τιμὴν
1795 1025 1843 1074 saal
1857 1020 2025 1093 ἀφθαρσίαν

273 1149 277 1154 .
324 1122 408 1177 opera
430 1108 615 1172 remunerari,
644 1125 727 1179 quam
751 1108 826 1180 quod
853 1107 927 1161 bona
949 1122 1034 1177 opera
1051 1122 1115 1161 rere
1132 1111 1161 1159 et
1187 1105 1254 1158 καθ’
1283 1104 1429 1180 ὑπομονὴν
1454 1108 1538 1181 ἔργου
1564 1107 1674 1179 ἀγαθοῦ
1696 1108 1889 1179 accipiendum
1908 1107 1975 1175 erit,
1999 1106 2024 1162 si

324 1192 435 1262 proprie
463 1209 498 1248 cx
525 1193 663 1265 condigno
688 1194 744 1248 sint
766 1194 840 1249 vitae
861 1198 991 1248 aeternae
1008 1191 1160 1259 meritoria,
1187 1191 1224 1246 ad
1241 1199 1352 1248 renatos
1370 1194 1563 1258 transferatur,
1583 1194 1678 1265 sicque
1691 1194 1765 1249 bona
1781 1210 1866 1264 opera
1878 1198 1959 1248 erunt
1974 1192 2023 1247 cia

323 1278 386 1334 ideo
410 1279 474 1351 ipse
497 1279 683 1335 Bellarminus
707 1298 731 1337 c.
759 1287 797 1336 19.
818 1286 951 1352 sequente
975 1278 1050 1334 hunc
1068 1278 1159 1333 locum
1186 1280 1275 1348 rapui.
1294 1298 1351 1334 non
1368 1298 1457 1334 causa
1473 1282 1621 1350 repnandi.
1651 1281 1692 1337 Ut
1705 1280 1879 1335 Bernhardus
1895 1279 1925 1333 in
1941 1284 2022 1335 tract

325 1381 355 1420 eo
373 1364 431 1422 fine
450 1366 574 1435 adducit,
592 1374 624 1422 ut
641 1368 749 1439 probet,
769 1370 861 1421 Deum
878 1367 1057 1421 remunerari
1073 1383 1159 1435 opero
1188 1364 1223 1418 de
1243 1371 1312 1433 prat.
1331 1374 1360 1421 et
1376 1366 1424 1421 lib.
1444 1366 1525 1423 arbit.
1545 1368 1598 1423 sub
1617 1367 1699 1422 finem
1719 1368 1852 1438 loquitur:
1871 1367 1907 1424 D.
1920 1366 2021 1422 Petrus

325 1452 396 1505 iona
414 1470 503 1523 supra
523 1455 699 1524 condipnum.
736 1454 849 1509 Dictum
868 1454 948 1508 Rom.
962 1460 985 1517 2,
998 1471 1023 1509 v.
1038 1458 1061 1507 6.
1077 1454 1160 1523 plane
1187 1452 1305 1505 salutem
1322 1454 1480 1507 animorum
1492 1456 1580 1524 finem
1593 1456 1669 1524 fidei
1685 1460 1768 1509 vocat
1787 1460 1808 1511 l.
1827 1453 1904 1509 Petri
1919 1460 1940 1519 l,
1957 1469 1982 1509 v.
1996 1460 2021 1510 6.

324 1537 415 1610 legale
446 1547 501 1603 est,
530 1545 564 1594 ιιι
596 1558 630 1596 ex
659 1557 743 1610 scopo
772 1539 966 1612 disputationis
992 1540 1160 1610 apostolicae
1187 1537 1316 1592 nimirum
1343 1539 1409 1611 quia
1433 1540 1503 1595 fides
1527 1540 1556 1595 iu
1579 1540 1688 1596 Christo
1713 1558 1769 1597 non
1795 1542 1884 1596 solum
1904 1540 2022 1612 gratiam

324 1624 585 1680 manifestissimum.
621 1626 655 1681 ld
677 1628 749 1681 enim
777 1627 901 1696 apostolo
919 1627 1105 1698 propositum,
1129 1634 1160 1680 ut
1189 1624 1250 1691 Dei,
1268 1626 1457 1682 remissionem
1473 1633 1650 1698 peccatorum
1668 1628 1852 1699 etjustitiam,
1871 1628 1920 1683 sed
1933 1627 2023 1698 ipsam

324 1710 476 1782 perfectam
495 1712 567 1783 legis
585 1712 774 1782 impletionem
792 1712 920 1767 omnibus
939 1711 1095 1767 hominibus
1113 1712 1159 1768 de·
1186 1710 1270 1765 etium
1300 1712 1386 1767 vitam
1417 1723 1557 1770 aeternam
1588 1718 1672 1785 (quae
1703 1720 1747 1769 est
1774 1714 1880 1769 donum
1907 1714 1961 1769 Dei
1993 1712 2023 1768 in

325 1805 405 1869 roget
428 1814 462 1853 ac
482 1798 597 1868 proinde
616 1814 648 1853 en
666 1800 797 1869 operibus
814 1800 920 1853 nullam
937 1816 1049 1854 carnem
1067 1815 1158 1854 coram
1187 1795 1297 1852 Christo
1315 1798 1395 1854 Rom.
1414 1806 1439 1864 6,
1456 1819 1481 1854 v.
1501 1804 1557 1869 23.)
1574 1801 1771 1872 apprehendit;
1796 1801 1895 1856 eadem
1915 1800 1979 1855 vira
1994 1806 2023 1855 st

325 1882 385 1940 Deo
399 1884 549 1956 justificari
568 1886 837 1955 possedemonstret.
861 1893 881 1941 1.
894 1886 955 1940 Cor.
974 1892 998 1948 3,
1017 1904 1035 1938 v
1062 1892 1085 1941 8.
1103 1902 1158 1939 non
1188 1900 1254 1938 vera
1275 1883 1359 1947 fides,
1384 1895 1531 1958 postquam
1554 1887 1583 1941 in
1603 1887 1713 1943 Christo
1730 1888 1869 1943 salvatore
1885 1886 1968 1942 unico
1985 1885 2022 1941 ri·

325 1969 358 2026 de
377 1970 441 2041 ipsa
456 1971 514 2026 vita
532 1980 659 2039 uterus,
682 1973 732 2028 sed
758 1974 793 2028 de
815 1972 877 2026 aliis
899 1971 1029 2042 praemiis
1053 1971 1159 2043 agilum
1186 1974 1242 2022 tam
1255 1978 1397 2025 aeternam
1409 1972 1600 2043 apprehendit,
1619 1973 1718 2029 efficax
1731 1981 1773 2029 est
1783 1992 1834 2045 per
1845 1975 1919 2030 bons
1929 1990 2022 2044 opera,

325 2057 363 2112 sic
388 2056 461 2113 enim
483 2057 590 2115 hahent
606 2057 703 2114 verbm
731 2060 920 2129 unusquisque
946 2061 1020 2113 tricor
1043 2056 1158 2131 μισθόν,
1187 2054 1290 2125 quibua
1314 2064 1447 2128 tanquam
1472 2058 1610 2115 fructibus
1628 2078 1658 2116 se
1677 2060 1802 2115 declarat
1821 2061 1904 2116 etad
1922 2074 2023 2131 propo·

321 2145 472 2215 propriam
489 2146 652 2214 mercedem,
670 2146 790 2215 accipiet
801 2148 888 2216 jacta
906 2147 990 2209 ἴδιον,
998 2146 1159 2216 proprium.
1187 2144 1270 2195 situm
1284 2140 1368 2198 finem
1384 2144 1479 2206 ινίιιιιιι
1497 2153 1638 2201 aeternam
1654 2146 1733 2201 Rom.
1753 2153 1777 2213 6,
1794 2165 1819 2202 v.
1835 2153 1886 2211 22.)
1905 2145 2024 2201 feliciter

326 2229 458 2287 laborem.
493 2228 561 2286 viu
577 2237 691 2287 aeterna
708 2233 859 2287 communis
876 2232 929 2287 erit
948 2230 1075 2287 omnibus
1094 2230 1159 2285 bea·
1187 2227 1316 2285 decurrit.
1363 2229 1485 2286 Proinde
1513 2247 1566 2285 nec
1596 2232 1666 2288 fides
1696 2250 1748 2288 nec
1775 2248 1860 2302 opera
1888 2239 2023 2303 tanquam

325 2316 373 2385 c's;
396 2321 428 2369 at
452 2332 558 2372 memes
582 2318 644 2383 illa,
669 2318 704 2373 de
729 2336 785 2390 qua
804 2319 946 2389 apostolus
965 2318 1010 2372 bic
1028 2317 1158 2388 loquitur,
1186 2328 1272 2368 causa
1292 2314 1431 2369 meritoria
1447 2316 1589 2371 advitam
1608 2326 1748 2373 aeternam
1766 2325 1949 2385 concurruut;
1972 2316 2022 2374 aad

326 2402 375 2458 erit
398 2404 535 2475 cujusque
558 2404 683 2474 propria,
707 2421 761 2459 non
787 2412 879 2460 autem
902 2403 1054 2459 communis
1074 2403 1158 2458 omni·
1187 2398 1256 2454 fides
1280 2399 1420 2470 justitiam
1447 2408 1476 2457 at
1496 2402 1615 2458 salutem
1644 2403 1674 2459 in
1698 2404 1808 2459 Christo
1837 2401 2023 2476 apprehendit

325 2489 382 2545 bua
418 2488 494 2561 Ergo
521 2507 576 2544 non
606 2497 649 2545 est
674 2490 737 2561 ipsa
760 2491 818 2545 vita
840 2498 961 2547 aeterna.
997 2491 1102 2557 Quodsi
1131 2491 1157 2542 in
1187 2492 1216 2540 ot
1231 2492 1274 2539 est
1291 2503 1376 2541 causa
1392 2488 1626 2558 instrumentalis;
1653 2490 1726 2545 bona
1751 2506 1836 2560 opera
1858 2497 1925 2544 sunt
1945 2488 2023 2543 velat

325 2573 375 2629 hoc
393 2574 469 2630 dicto
487 2575 640 2645 apostolico
660 2593 710 2647 per
723 2578 875 2633 mercedem
888 2577 1091 2649 intelligeretur
1102 2577 1160 2629 vita
1187 2572 1308 2626 stadium
1334 2573 1405 2627 illud
1428 2592 1461 2630 ac
1482 2576 1539 2639 ria,
1566 2576 1595 2631 in
1620 2593 1676 2647 qua
1693 2576 1839 2631 decurrere
1858 2576 1961 2630 debent
1980 2590 2022 2630 re·

325 2668 446 2723 aeterna,
467 2670 638 2734 sequeretur,
657 2680 728 2732 eum,
747 2666 794 2736 qui
813 2683 867 2720 non
881 2665 984 2735 accipit
997 2664 1159 2729 mercedem,
1188 2660 1261 2724 nati,
1289 2667 1321 2715 ut
1344 2661 1428 2718 finem
1445 2662 1512 2719 fidei
1529 2664 1648 2719 salutem
1666 2672 1807 2720 aeternam
1826 2663 1939 2718 tandem
1959 2679 2022 2718 oon·

327 2764 377 2803 nac
395 2749 482 2802 vitam
500 2757 640 2804 aeternam
660 2758 846 2822 accepturum.
883 2751 1024 2806 Posterius
1048 2758 1091 2806 est
1110 2751 1160 2805 fal·
1187 2756 1347 2817 sequantur.
1382 2751 1449 2804 Non
1475 2758 1516 2804 est
1542 2759 1634 2805 autem
1658 2752 1733 2805 idem
1757 2751 1824 2815 sinis
1850 2758 1876 2803 et
1901 2765 2023 2817 merces,·

327 2851 401 2901 sum,
427 2839 461 2889 nt
485 2841 603 2906 apparet
627 2852 660 2891 ex
683 2853 709 2890 v.
723 2842 774 2892 ⁹14.
800 2845 829 2891 et
854 2843 894 2895 15.
928 2836 1004 2908 Ergo
1028 2842 1058 2890 et
1074 2836 1159 2905 prius.
1187 2851 1254 2887 narn
1281 2836 1347 2899 finis
1377 2837 1542 2891 relationem
1569 2837 1651 2892 habet
1675 2841 1717 2892 ad
1742 2838 1853 2906 media,
1884 2838 1941 2890 siue
1966 2835 2022 2889 sr‘srt

327 2919 409 2977 Unde
434 2922 496 2991 ipse
519 2920 704 2976 Bellarminus
728 2922 757 2976 in
779 2922 832 2977 hoc
849 2923 941 2992 capite
959 2929 1105 2992 praesenta
1121 2921 1159 2975 lo·
1187 2920 1302 2989 mnia,
1333 2923 1391 2976 sice
1420 2941 1477 2977 non
1501 2924 1576 2992 sint,·
1607 2942 1711 2978 merces
1734 2924 1843 2991 (debita
1865 2922 1972 2977 scilieet
1993 2927 2023 2976 et

327 3024 388 3062 enm
418 3008 455 3062 ad
478 3007 648 3063 differentias
671 3009 809 3080 graduum
835 3010 936 3065 diserta
961 3006 1160 3076 accommodat,
1188 3007 1298 3077 proprie
1315 3008 1356 3062 sic
1375 3008 1464 3076 dicta)
1481 3012 1646 3065 relationem
1664 3012 1745 3065 halet
1763 3012 1806 3063 od
1827 3010 1890 3064 sola
1914 3008 2023 3075 merita,

327 3094 437 3166 qnando
456 3095 541 3166 paulo
558 3100 622 3165 post
639 3095 750 3150 scribit:
779 3096 814 3151 Si
835 3113 903 3151 cera
921 3104 991 3151 essa
1008 3095 1160 3150 hamatico·
1187 3097 1220 3145 ut
1238 3092 1268 3146 in
1285 3093 1337 3148 hoc
1358 3093 1419 3173 ipso
1435 3097 1528 3168 capite
1545 3096 1731 3152 Bellarminus
1750 3094 1854 3152 scribit.
1883 3100 1908 3152 2.
1921 3092 1984 3149 Gal
1997 3097 2021 3149 o.

326 3199 384 3237 rasa
403 3182 555 3250 sententia,
578 3183 651 3237 meru
668 3183 786 3254 justitia
809 3185 908 3238 ecdem
927 3192 967 3237 est
987 3184 1018 3236 in
1034 3182 1160 3237 omnibus
1186 3195 1250 3233 cum
1283 3178 1398 3236 dixisset
1428 3182 1584 3252 apostolus:
1618 3182 1697 3245 Quae
1725 3180 1905 3236 seminaverit
1931 3181 2021 3248 homo,

325 3268 424 3337 inuis,
450 3286 503 3323 nec
518 3270 746 3340 majorianus,
771 3287 857 3340 paam
874 3272 904 3323 in
921 3269 996 3337 aiio,
1022 3270 1064 3324 ita
1089 3278 1159 3324 esset
1186 3265 1257 3320 haec
1275 3274 1302 3320 et
1318 3274 1408 3336 metet,
1426 3268 1556 3338 adjunxit
1573 3268 1729 3339 explicans,
1748 3269 1798 3337 qai
1812 3267 1885 3321 enim
1901 3265 2021 3320 semina·

325 3356 421 3410 eadem
435 3356 577 3410 osmundo
591 3356 621 3411 in
634 3356 1038 3427 omnilusbcatis,necmajor
1051 3357 1081 3409 in
1094 3374 1159 3423 uno,
1185 3352 1257 3406 reris
1279 3353 1310 3406 in
1336 3371 1421 3409 carne
1445 3372 1512 3422 ssia,
1539 3356 1575 3409 de
1595 3372 1680 3409 carne
1700 3362 1781 3408 metet
1797 3352 2021 3422 corruptionem

326 3458 408 3513 mam
425 3443 456 3495 in
473 3442 541 3497 alia.
570 3442 609 3495 Ar
626 3451 701 3496 certe
719 3443 897 3510 lanpealiud
907 3442 1058 3513 Scriptura
1070 3444 1159 3506 daca,
1185 3439 1237 3506 out
1259 3448 1352 3493 audem
1374 3439 1493 3494 seminat
1514 3442 1545 3495 in
1568 3443 1685 3513 spiritu,
1710 3442 1746 3495 de
1763 3440 1869 3509 spiritu
1884 3446 1964 3493 metet
1981 3438 2021 3493 si·

326 3545 384 3582 curn
403 3528 463 3582 ait:
490 3529 683 3598 Unusquisque
700 3531 853 3583 mercedem
872 3530 992 3599 accipiet
1007 3531 1159 3584 secundum
1185 3533 1244 3577 tam
1264 3534 1415 3583 aetemom
1452 3528 1532 3595 Erpa
1548 3530 1607 3582 sita
1626 3536 1742 3582 murno
1759 3528 1846 3580 domr
1869 3525 2022 3578 secandune

327 3633 405 3689 saum
422 3615 555 3671 laborem.
591 3615 636 3672 De
653 3615 796 3672 locoGul.
814 3622 839 3672 6.
858 3615 943 3687 paulo
961 3623 1025 3686 post
1042 3614 1159 3670 dissere·
1184 3628 1344 3665 masuram
1361 3622 1388 3666 ct
1405 3615 1617 3684 proportionem
1635 3632 1758 3684 operum
1796 3612 2020 3683 Respondemus:

326 3718 398 3771 mus3
418 3701 497 3755 locus
512 3702 601 3772 Apoc.
621 3708 662 3757 tt.
681 3720 714 3757 er
726 3702 956 3773 praecedentibus
968 3701 1140 3773 intelligitur.
1186 3697 1246 3767 ipse
1266 3697 1453 3754 Bellarminus
1471 3700 1700 3771 insequentibus
1711 3700 1803 3757 verbis
1822 3699 1904 3770 hujus
1920 3696 2021 3769 capitis

359 3793 417 3844 116.
451 3786 603 3852 Verissima
631 3788 718 3860 igitur
749 3795 792 3843 est
821 3796 976 3843 nostrorum
1008 3789 1157 3858 responsio,
1185 3784 1289 3838 dictum
1308 3787 1490 3857 apostolicum
1509 3788 1546 3841 ad
1566 3787 1703 3859 graduum
1723 3786 1896 3841 differentias
1914 3784 1942 3837 in
1962 3783 2021 3838 uita

327 3873 398 3946 qnod
417 3872 501 3929 dictis
518 3874 573 3929 illis
591 3874 714 3945 praemia
731 3876 894 3946 temporalia
921 3882 950 3931 et
972 3882 1086 3930 aetema
1111 3875 1158 3930 bo·
1185 3878 1298 3926 aeterna
1315 3874 1518 3943 accommodat,
1537 3874 1578 3929 sic
1596 3874 1669 3929 enim
1686 3873 1798 3928 scribit:
1822 3875 1918 3942 Lonpe
1937 3870 2022 3923 aliud

326 3961 365 4016 nis
389 3960 521 4032 operibus
542 3978 575 4015 ex
593 3962 685 4034 gratia
702 3962 809 4026 danda,
833 3963 1028 4032 adstruuntur3
1056 3979 1158 4034 nequa·
1187 3956 1339 4027 Scriptura
1368 3961 1449 4013 docet
1476 3948 1570 4031 (q'uam
1597 3960 1673 4031 quod
1700 3960 1736 4014 sit
1762 3959 1859 4015 eadem
1875 3954 2020 4013 beatitudo

267 4095 270 4099 ,
327 4061 407 4120 quam
431 4064 498 4102 vero
521 4048 614 4117 opinio
637 4048 673 4102 da
698 4048 817 4115 meritis,
846 4066 902 4119 qua
922 4049 1068 4122 finguntur
1085 4050 1158 4105 bona
1185 4044 1214 4096 in
1232 4045 1359 4099 Omnibus
1376 4046 1475 4116 beatio,
1494 4064 1546 4103 nec
1564 4049 1653 4118 major
1671 4047 1700 4101 in
1716 4044 1928 4117 ¹1110‚(11¹¹²¹1¹in
1944 4043 2020 4111 8¹5⁰),

326 4152 407 4206 opera
423 4150 480 4189 non
497 4135 585 4189 solum
599 4125 767 4190 'coelestium
786 4136 986 4206 praemiorum,
1006 4137 1055 4192 sed
1075 4137 1157 4193 etiam
1184 4147 1351 4201 carropera
1370 4144 1517 4204 comparat
1535 4136 1637 4188 semini
1654 4143 1680 4187 et
1699 4136 1784 4188 citam
1801 4132 2020 4199 aeternamsru·

232 4213 411 4293 'liminius
436 4220 511 4275 ritae
537 4226 666 4277 aeternae
693 4238 756 4276 vere
782 4228 810 4277 et
834 4223 944 4292 proprie
967 4239 1001 4277 ex
1020 4223 1157 4295 condigno
1184 4217 1272 4283 albus.
1308 4217 1384 4291 Ergo
1411 4237 1446 4275 ex
1469 4220 1617 4291 hypothesi
1641 4219 1802 4274 Bellarmini
1825 4236 1881 4273 non
1905 4217 1941 4273 de
1959 4217 2021 4288 ipsa

326 4308 464 4363 meritoria
479 4324 555 4375 esse,
584 4307 749 4364 stabiliatur.
786 4306 841 4363 Sed
860 4308 1046 4364 Bellarminus
1064 4309 1156 4365 habet.
1186 4306 1244 4359 vita
1263 4312 1384 4374 aeterna,
1403 4307 1453 4361 sed
1473 4308 1508 4362 de
1526 4306 1661 4378 gradibus
1678 4297 1822 4378 gloriasin
1836 4306 1896 4360 rita
1907 4314 2020 4360 aeterna

327 4394 398 4464 qnod
416 4400 529 4465 regerat
546 4393 594 4448 lib.
609 4401 633 4449 5.
651 4393 687 4449 de
701 4396 769 4466 just.
786 4410 810 4448 e.
829 4400 858 4451 3:
883 4401 904 4449 l.
923 4397 1078 4465 Apostolus
1096 4415 1158 4451 eom
1185 4391 1326 4461 apostolus
1349 4392 1421 4462 agit;
1448 4391 1509 4447 illos
1527 4409 1593 4447 vero
1613 4393 1731 4447 diversis
1749 4392 1879 4464 operibus
1898 4392 2021 4447 diversos

327 4482 441 4535 drtrr'sset
465 4481 545 4534 Rom.
570 4482 604 4548 2,
628 4499 652 4533 n.
678 4483 703 4535 6.
738 4482 834 4534 Deum
851 4484 1029 4535 redditurum
1050 4484 1157 4537 unicui·
1185 4493 1219 4531 ex
1236 4479 1328 4548 gratia
1345 4478 1420 4547 duri,
1446 4478 1522 4533 haud
1546 4478 1626 4532 inviti
1652 4479 1835 4533 concedimus.
1871 4479 1912 4532 At
1930 4477 2023 4550 inquit

326 4584 374 4637 pre
393 4567 544 4620 seeundum
562 4583 664 4636 opera,
686 4567 831 4636 srrbjunsit
850 4569 999 4622 continuo:
1027 4571 1086 4637 his,
1111 4572 1161 4640 qui
1185 4563 1384 4629 Bellarminus,
1412 4581 1476 4618 rere
1503 4582 1595 4618 semen
1621 4575 1662 4619 est
1685 4584 1771 4620 causa
1794 4567 1912 4634 frupum
1935 4572 1962 4618 ct
1979 4580 2021 4619 se·

325 4656 474 4709 secundum
497 4653 668 4723 patientiam
688 4654 755 4707 doni
770 4655 864 4722 operis
882 4657 1004 4721 pieriam
1022 4665 1049 4710 ct
1068 4658 1158 4710 incor-
1185 4652 1306 4703 cuntium
1329 4669 1487 4705 memorum
1512 4653 1640 4705 temoni&
1663 4654 1762 4706 mm&
1786 4669 1894 4723 9606146
1913 4660 1940 4706 ⁶²
1955 4653 2021 4716 sm·

325 4743 483 4813 mptionem
497 4748 643 4810 paruerunt,
662 4740 747 4794 vitam
765 4750 915 4799 aetenam.
952 4745 1033 4812 Erpa
1053 4746 1158 4814 dearsit,
1184 4756 1250 4807 pum
1279 4754 1411 4791 mensura
1438 4740 1597 4808 respondet.
1639 4739 1708 4792 Jam
1737 4756 1802 4793 aero
1833 4740 1905 4793 bona
1933 4753 2021 4808 opera

323 4828 409 4882 risam
430 4835 573 4881 msernan
592 4844 650 4881 esse
668 4828 744 4881 illuri
762 4830 936 4898 praeratum,
969 4831 1047 4900 qood
1073 4832 1159 4883 datur
1184 4832 1385 4893 comparamur
1423 4826 1525 4878 semini
1564 4833 1590 4879 et
1628 4828 1688 4880 sita
1725 4834 1843 4881 octeno
1880 4826 2019 4895 saepibus.

324 4916 472 4969 nandum
491 4915 705 4983 proportionem
725 4922 750 4968 et
766 4932 925 4968 mensuram
944 4933 1067 4985 operum.
1105 4917 1157 4973 Re·
1184 4913 1265 4980 Erpo
1294 4929 1357 4966 cere
1383 4919 1448 4965 sunt
1475 4930 1563 4967 carisa
1585 4913 1706 4982 majoris
1736 4913 1925 4968 beatitudinis.
1965 4910 2019 4967 Ra·

324 5000 503 5073 spondemus:
521 5000 592 5072 legis
609 5000 719 5055 divinae
737 5002 900 5057 sententiam
919 5018 952 5057 eo
972 5002 1000 5057 in
1019 5004 1079 5058 loeo
1096 5022 1157 5075 pro·
1184 5000 1368 5069 spondemus:
1389 5016 1423 5054 ex
1441 4999 1581 5071 parabolis
1600 5006 1628 5055 et
1647 4999 1874 5055 similitudinibus
1893 5015 1950 5054 non
1968 4998 2019 5053 du-

323 5089 399 5158 ponit
422 5086 578 5157 apostolum
605 5086 650 5142 lex
675 5088 812 5157 promittit
828 5090 914 5143 vitam
935 5097 1076 5145 aeternam
1097 5108 1157 5161 per·
1184 5092 1286 5139 cuntur
1304 5095 1469 5157 argumenta
1485 5086 1655 5157 apodictica,
1677 5104 1729 5142 nec
1745 5087 1937 5141 extendendae
1954 5090 2020 5141 sunt

322 5173 393 5231 fecte
421 5172 623 5229 obedientibus.
670 5172 710 5228 Ar
738 5190 800 5228 cum
829 5185 943 5245 propter
969 5175 1156 5233 infirmitatem
1184 5173 1405 5242 comparationes
1422 5173 1498 5228 ultra
1516 5173 1587 5228 illud
1604 5174 1726 5238 tertium,
1745 5179 1860 5246 propter
1877 5173 1951 5243 quod
1969 5172 2018 5228 ad·

323 5259 413 5316 carnis
431 5259 524 5314 nullus
543 5258 665 5329 perfecte
683 5260 798 5329 impleat
818 5260 921 5331 legem:
943 5262 1005 5317 ideo
1025 5263 1078 5319 hae
1095 5281 1157 5334 pro·
1183 5259 1321 5314 hibentur.
1356 5260 1510 5331 Apostolus
1534 5261 1648 5332 respicit
1672 5262 1723 5318 hoc
1744 5261 1805 5315 loco
1824 5277 1880 5315 non
1898 5259 2019 5330 dignita·

323 5347 465 5402 missiones
484 5346 554 5418 legis
573 5346 728 5401 redduntur
744 5347 824 5403 nohis
843 5348 970 5418 inutiles;
995 5349 1051 5404 fide
1071 5319 1239 5440 igituritem
1270 5346 1314 5400 vel
1343 5347 1472 5400 meritum
1503 5362 1634 5417 operum,
1665 5348 1715 5403 sed
1744 5362 1838 5401 eorum
1868 5345 2020 5417 sequelam.

322 5432 537 5505 confugiendum
559 5432 655 5487 estad
673 5431 828 5500 Christum,
860 5436 910 5503 qui
933 5444 973 5489 est
992 5437 1057 5498 riuis
1077 5438 1158 5507 lepis,
1170 5445 1172 5468 ³
1184 5431 1423 5496 Quemadmodum
1449 5438 1615 5498 sementem,
1640 5450 1712 5506 quae
1736 5432 1874 5486 interdum
1901 5432 1930 5487 iu
1950 5440 2019 5488 tem·

323 5517 400 5576 Rom
425 5526 463 5587 to,
483 5537 507 5572 v.
528 5524 550 5573 t.
569 5518 598 5571 in
616 5535 648 5571 eo
665 5518 868 5587 promissiones
886 5521 947 5573 Dei
962 5530 1027 5575 sunt
1045 5527 1091 5576 rut
1110 5529 1154 5576 sal
1183 5525 1293 5589 pestate
1323 5526 1352 5573 et
1383 5518 1486 5590 pluviis
1520 5519 1588 5574 satis
1613 5519 1700 5574 tristis
1728 5524 1784 5584 est,
1814 5519 1939 5589 gratuita
1965 5518 2019 5576 Dsi
2096 5557 2115 5578 a

321 5603 396 5679 ipsis
423 5610 447 5661 2.
466 5603 528 5661 Cor.
551 5610 578 5673 t,
601 5622 626 5658 v.
646 5609 687 5660 26.
712 5605 898 5676 quodcunque
922 5606 1009 5679 igitur
1032 5608 1077 5665 lex
1094 5627 1156 5680 pro-
1186 5606 1379 5661 benedictione
1403 5607 1529 5678 sequitur
1551 5606 1646 5661 messis
1670 5604 1834 5674 laetissima,
1860 5605 1900 5662 ita
1924 5607 1964 5678 pii
1988 5607 2019 5663 in

321 5693 414 5760 mittit,
433 5691 463 5745 id
482 5689 538 5746 fide
556 5690 585 5745 in
604 5689 759 5755 Christum,
779 5692 828 5762 qui
847 5694 933 5747 nostri
950 5695 1012 5749 loco
1033 5695 1157 5767 implevit
1183 5692 1234 5746 hac
1247 5692 1306 5746 vita
1323 5695 1462 5746 serninant
1480 5693 1510 5745 in
1528 5692 1661 5759 lacrimis,
1678 5691 1730 5743 aed
1745 5699 1845 5746 maerst
1859 5693 2017 5763 aliquando

320 5776 423 5848 legem,
449 5776 621 5846 obtinemus3
651 5792 684 5831 ex
709 5776 758 5831 illa
779 5775 835 5833 fids
853 5786 950 5849 postea
970 5780 1042 5837 bene
1060 5779 1213 5852 opera-vin
1248 5779 1446 5847 secutatione,
1471 5776 1573 5832 Psslm.
1602 5781 1664 5843 tto,
1692 5793 1718 5832 v.
1746 5782 1769 5834 5.
1815 5780 1924 5833 Euntes
1953 5788 2018 5834 enne

318 5879 381 5918 mur
409 5878 444 5918 aa
469 5877 520 5917 nos
547 5860 657 5916 Christo
680 5877 745 5918 rere
768 5861 866 5918 insitos
894 5880 955 5920 esse
986 5828 1209 5922 demonstra-ist
1237 5864 1356 5935 plorant
1382 5871 1533 5934 portantes
1557 5862 1714 5931 pretiosam
1742 5881 1850 5933 semar,
1876 5866 2017 5922 venientes

320 5965 394 6019 su,
423 5947 728 6019 anamarteton,
752 5949 1009 6021 nmmum,
1035 5912 1274 6014 saum-ioum
1295 5952 1405 6005 amn
1428 5965 1491 6005 ean
1516 5948 1702 6004 museum
1721 5956 1871 6019 pensio
1887 5951 2016 6022 emp*
