4800 6659
927 488 951 497 „
983 462 1036 520 nu
1055 460 1331 522 saumanicis.
1940 470 1996 532 '151

315 633 340 673 v.
357 623 377 672 t.
407 617 480 688 Ergo
497 625 526 673 st
541 618 716 675 antecedens.
752 620 893 676 Camerio
908 621 1050 691 probatur,
1069 621 1312 692 quisinegamus,
1338 621 1405 692 quin
1428 620 1485 676 imo
1508 632 1651 676 monemus
1671 626 1700 676 et
1718 620 1875 691 hortamur,
1902 626 1933 675 nt
1950 622 1998 674 mi·

316 703 423 758 1111611161
446 703 589 774 improbas
616 721 682 760 rara
708 711 737 761 et
759 705 884 761 salvifica
905 705 962 763 fide
985 692 1246 787 destitutuslnister
1269 706 1362 761 animo
1379 712 1537 777 praesente,
1563 712 1669 762 attento
1688 712 1716 760 et
1735 707 1835 762 devoto
1855 707 1939 762 sitin
1958 723 1999 761 sa-

318 798 363 853 est,
382 790 494 860 proinde
516 791 540 844 si
571 791 733 862 improbitas
759 792 878 847 ministri
906 792 1016 848 tolleret
1042 791 1362 881 effice-,erameniorum
1387 793 1640 861 administratione,
1666 792 1715 847 sed
1743 793 1766 845 si
1793 792 1837 846 vel
1855 810 1887 847 ex
1913 793 1999 863 negli-

319 875 574 945 cimsaersmenti,
598 877 694 947 utique
721 878 805 932 etiam
832 877 957 933 aboleret
974 877 1057 932 fidem
1072 894 1134 947 pro·
1160 879 1268 948 gentis,
1293 881 1336 935 vel
1360 898 1393 934 ex
1417 880 1523 935 malitia
1546 898 1602 935 non
1625 881 1661 933 sit
1684 880 1820 946 intentus,
1846 879 1999 950 integritati

319 960 433 1015 mittartis
461 962 523 1016 Dei.
572 969 597 1018 5.
620 963 649 1019 Si
674 964 820 1034 integritas
848 971 877 1018 et
900 963 1025 1019 efficacia
1043 978 1133 1017 sacra·
1146 985 1148 988 ·
1161 974 1393 1020 sacramentorum
1418 966 1488 1020 nihil
1506 967 1639 1020 decedere
1660 966 1834 1036 judicamus,
1858 965 1940 1020 modo
1959 965 1998 1018 in·

318 1054 452 1101 natorum
473 1048 608 1118 penderet
626 1049 791 1120 adignitate
812 1050 937 1117 ministri,
954 1050 1023 1104 tides
1042 1049 1331 1123 nostrastitutionem
1354 1051 1506 1109 CHRISTI
1536 1062 1564 1108 et
1588 1052 1782 1107 substantialia
1806 1051 1939 1122 requisita
1957 1068 1998 1105 sa-

318 1129 380 1187 tiaret
400 1134 512 1189 omnino
536 1135 622 1189 irrita.
664 1135 805 1191 Connexio
831 1137 977 1206 probatur,
1003 1135 1070 1208 quia
1089 1126 1148 1209 ne!
1161 1140 1295 1193 crementi
1319 1139 1453 1193 observet.
1496 1140 1590 1192 Aliari
1611 1140 1683 1191 enim
1702 1140 1731 1192 in
1751 1137 1999 1191 administratione

318 1218 370 1272 mini
395 1225 519 1274 nostrum
548 1229 672 1292 constat,
699 1239 735 1277 an
762 1223 886 1278 minister
907 1224 943 1277 sit
961 1217 1397 1295 gravioribus'sacramentaram
1437 1226 1623 1278 necessariam
1655 1234 1693 1278 est
1725 1227 1885 1278 necessitate
1912 1241 1997 1293 prae·

316 1303 407 1359 delictis
436 1305 553 1361 occultis
577 1307 720 1362 obnoxius.
765 1309 940 1381 Augustinus
966 1309 1045 1380 epist.
1079 1314 1135 1364 166.
1161 1312 1243 1379 cepti,
1261 1312 1428 1364 aliudesse
1448 1313 1610 1364 necessitate
1628 1312 1805 1380 sacramenti,
1826 1319 1857 1365 ut
1875 1310 1998 1381 loquitur

314 1391 528 1447 circamedium:
558 1396 593 1448 Si
616 1397 645 1448 in
672 1397 723 1460 eis,
752 1397 802 1465 qui
818 1397 915 1465 primo
936 1397 1044 1449 initiati
1062 1397 1345 1462 arent,·Belltrminus
1369 1397 1404 1450 de
1423 1403 1587 1451 sacrament.
1609 1403 1693 1451 611.
1734 1397 1928 1451 Fundamenta
1949 1412 1997 1450 no·

313 1477 408 1532 ideireo
427 1480 531 1548 retipia
550 1481 727 1549 baptismatis
744 1483 896 1550 judicatur
916 1483 1038 1550 infirma,
1060 1483 1137 1550 quod
1161 1490 1234 1538 strae
1252 1483 1404 1538 sententiae
1423 1482 1492 1538 haec
1511 1489 1589 1537 sunt:
1611 1488 1631 1537 1.
1644 1483 1724 1546 Quod
1739 1483 1774 1537 de
1786 1499 1889 1554 genere
1899 1500 1994 1538 verum
2011 1490 2080 1535 Arsu-

311 1564 340 1630 ii,
357 1583 374 1616 a
392 1565 495 1634 quibus
517 1568 673 1636 accipitur,
697 1577 861 1636 peccatores
880 1576 1030 1637 patentur,
1056 1569 1135 1620 toties
1163 1577 1217 1634 est,
1240 1570 1312 1625 idem
1341 1570 1424 1623 etiam
1451 1570 1486 1623 de
1513 1569 1605 1639 specie
1624 1567 1754 1622 affirmari
1774 1576 1873 1639 potest.
1910 1566 1998 1640 Atqui
2011 1544 2088 1639 {⁰:123

308 1653 434 1704 maerori
451 1669 590 1705 necessum
610 1655 663 1705 erit
681 1655 817 1707 traditum
835 1663 1048 1722 sacramentam,
1069 1671 1134 1723 quo·
1163 1656 1198 1711 de
1222 1673 1337 1726 genere,
1364 1655 1495 1710 videlicet
1524 1655 1558 1709 de
1588 1654 1754 1725 indignitate
1775 1662 1803 1709 et
1822 1654 1998 1725 improbitate
2012 1641 2122 1690 ''⁸⁸⁸¹'‘ss

306 1737 351 1789 ti'es
370 1736 506 1804 indignas
523 1739 613 1801 riserit
634 1740 760 1792 inventas
777 1740 878 1794 collati
896 1741 1073 1810 baptismatis
1084 1741 1134 1792 ad-
1163 1742 1288 1810 ministri,
1307 1759 1401 1796 verum
1419 1748 1469 1808 est,
1489 1740 1563 1811 quod
1582 1759 1637 1794 non
1648 1740 1799 1796 labefactet
1812 1741 1998 1812 iutegritatem

304 1822 475 1878 ministrator
489 1832 515 1875 et
525 1827 603 1891 fides
620 1834 718 1877 nostra
736 1844 791 1878 non
810 1843 844 1879 ea
861 1825 1136 1879 nestraeoolantate's
1163 1833 1192 1882 et
1210 1827 1330 1882 fructum
1348 1826 1521 1882 sacramenti.
1558 1826 1633 1898 Ergo
1650 1829 1722 1882 idem
1742 1828 1776 1882 de
1795 1828 1901 1897 specie,
1928 1826 1998 1881 scili-

304 1909 528 1979 auersumque
544 1929 577 1964 en
594 1911 686 1966 diuini
702 1914 824 1965 muneris
843 1914 945 1981 pratia,
965 1914 1017 1965 sed
1035 1930 1067 1964 ea
1083 1929 1135 1962 me-
1163 1920 1208 1968 cet
1230 1915 1266 1969 de
1290 1914 1340 1968 illa
1361 1919 1404 1982 (ut
1428 1914 1468 1967 sic
1492 1914 1599 1983 loquar)
1626 1931 1681 1968 non
1705 1913 1859 1969 intentione
1877 1913 2000 1981 ministri,

303 1995 361 2048 ritis
386 1999 569 2050 sacerdotum
595 2005 622 2051 et
648 1998 814 2051 clericorum
837 2001 975 2069 qrsatitote
994 1998 1136 2068 pendebit.
1164 2016 1237 2070 quae
1261 2005 1305 2054 est
1324 2001 1431 2070 species
1449 2000 1493 2054 rel
1511 2001 1590 2054 naevi
1611 2001 1657 2053 vel
1676 2000 1800 2055 malitiae
1818 2000 1847 2054 iu
1868 1999 2000 2065 ministro,

304 2083 422 2136 Faciant
443 2084 520 2137 mille
539 2083 659 2137 comedia
677 2085 804 2154 episcopi
819 2087 912 2154 semri,
931 2087 995 2138 huic
1013 2086 1135 2138 6111166-
1164 2086 1283 2141 6111111611
1300 2092 1400 2156 potest.
1431 2092 1454 2141 2.
1473 2086 1614 2156 Quicquid
1633 2087 1668 2139 ad
1686 2086 1833 2141 essentiam
1847 2102 2000 2140 sacramen-

303 2169 403 2223 tents'ae
418 2171 614 2238 respondeant,
635 2179 660 2224 et
679 2172 720 2222 ad
737 2174 815 2240 qrcoet
832 2172 986 2241 uolueritis,
1003 2171 1137 2225 comenti-
1163 2180 1255 2228 torum
1281 2173 1417 2243 pertinet,
1442 2173 1478 2227 ad
1505 2172 1617 2243 aliquod
1643 2187 1741 2243 genus·
1755 2189 1855 2227 causae
1874 2171 2001 2242 pertinet.

303 2275 358 2308 mus
385 2256 473 2312 seba.
510 2256 626 2326 Semper
645 2265 686 2310 est
708 2259 765 2310 Dei
783 2258 836 2310 ilia
854 2259 951 2326 pretio
971 2267 997 2312 et
1017 2258 1078 2311 Dei
1093 2275 1137 2310 sa·
1165 2259 1221 2314 Sed
1241 2259 1357 2314 intentio
1375 2259 1493 2313 ministri
1513 2258 1549 2314 ad
1567 2259 1674 2312 nullum
1693 2274 2001 2330 genuscausarum,c1

302 2351 490 2410 crementiam,
510 2343 630 2397 hominis
648 2345 848 2398 catemariam
865 2345 1064 2411 ministeriam,
1091 2344 1139 2411 qni
1165 2344 1267 2416 quibus
1291 2354 1494 2400 sacramentum
1512 2345 1669 2415 perficitur,
1688 2344 1783 2399 reduci
1804 2349 1902 2415 potest.
1937 2343 2000 2399 Nou

251 2429 327 2483 atsi
347 2430 511 2497 bonusest,
534 2431 670 2484 adiceret
690 2433 753 2486 Deo
779 2440 805 2485 et
825 2439 960 2500 operatur
980 2448 1039 2483 cam
1062 2431 1139 2491 Deo;
1165 2448 1225 2486 esse
1244 2431 1396 2501 materiam,
1413 2449 1465 2487 nec
1483 2432 1608 2497 formam,
1626 2449 1678 2487 nec
1695 2431 1777 2486 finem
1796 2448 1846 2502 per
1863 2448 1893 2485 se
1906 2431 2001 2501 liquet,

301 2516 437 2569 61661666
456 2517 548 2570 maluo
566 2526 621 2585 est,
647 2526 781 2588 operatur
800 2533 856 2586 per
876 2519 956 2572 iilum
976 2521 1057 2571 11666
1074 2517 1139 2570 visi·
1165 2533 1256 2589 neque
1284 2517 1369 2572 etiam
1394 2524 1437 2574 est
1462 2517 1600 2580 efficiens,
1630 2516 1682 2570 nisi
1708 2517 1769 2588 qnia
1787 2532 1908 2570 asserere
1927 2515 2001 2584 velit,

302 2603 384 2657 bilem
412 2604 586 2657 remanenti
602 2605 747 2672 sormam,
775 2606 836 2673 ipse
861 2614 953 2658 antem
983 2607 1070 2659 donat
1098 2605 1138 2655 in·
1166 2611 1340 2661 sacramenta
1357 2621 1412 2658 nou
1430 2621 1447 2658 a
1465 2603 1524 2658 solo
1537 2605 1606 2667 Deo,
1623 2603 1673 2658 aed
1693 2605 1886 2674 quadantenus
1906 2600 2000 2655 abho-

301 2690 441 2744 oisitilem
469 2691 600 2759 qratiam.
648 2695 672 2746 6.
701 2689 876 2760 Augustinus
907 2691 954 2746 lib.
990 2698 1012 2746 1.
1044 2696 1139 2745 contra
1166 2692 1239 2745 mine
1266 2691 1386 2763 pendere
1410 2697 1440 2745 et
1465 2691 1621 2745 ministrum
1645 2690 1709 2760 plus
1736 2690 1771 2744 ad
1800 2695 2001 2744 sacramentum

301 2773 392 2833 Cresc.
412 2793 437 2830 c.
457 2782 498 2831 31.
517 2776 606 2844 docet,
625 2775 814 2847 quodJudaei
831 2793 887 2830 uon
906 2777 1006 2831 iterum
1023 2777 1138 2832 circum-
1166 2792 1251 2849 quam
1274 2785 1417 2833 externum
1435 2776 1616 2831 ministerium
1634 2775 1741 2831 afferre,
1778 2781 1802 2832 3.
1820 2775 1932 2848 Moyses
1948 2791 2000 2830 nec

301 2861 421 2917 cideriut
443 2880 503 2931 eos,
520 2862 568 2934 qui
587 2879 604 2916 a
624 2856 804 2917 Samaritams
824 2862 970 2919 haereticis
989 2871 1067 2919 erant
1086 2863 1137 2916 cir-
1165 2865 1201 2919 de
1218 2863 1386 2926 substantia,
1410 2855 1461 2917 ue'c
1485 2863 1520 2918 de
1538 2863 1632 2917 fructu
1649 2861 1865 2918 circumcisionis
1884 2861 2002 2924 dubitat,

301 2949 425 3002 cumcisi.
450 2954 560 3004 tractat.
590 2956 613 3002 5.
637 2949 665 3002 iu
689 2949 753 3003 Joh.
778 2955 884 3017 monet,
912 2966 967 3003 non
994 2949 1080 3003 fuisse
1097 2963 1138 3002 re·
1166 2967 1248 3020 quam
1274 2950 1394 3019 Zippora
1417 2949 1676 3019 administraverat,
1702 2966 1734 3004 ac
1753 2950 1830 3004 Deus
1849 2949 1909 3018 ipso
1927 2947 2002 3002 facto

301 3033 459 3106 baptizatos
477 3052 531 3102 cos,
550 3035 598 3105 qui
616 3034 722 3089 aJuda
737 3035 878 3105 proditore
897 3041 976 3090 erant
993 3034 1137 3105 baptizati.
1165 3035 1295 3104 ostendit,
1315 3051 1376 3089 eam
1395 3052 1456 3090 esse
1474 3041 1572 3098 ratam,
1608 3035 1696 3093 Exod.
1715 3043 1738 3099 1,
1758 3051 1783 3088 v.
1804 3041 1845 3089 25.
1860 3035 1921 3104 janr
1937 3039 2009 3088 vero'
2061 3019 2072 3033 ⁸

298 3121 378 3175 Alibi
395 3129 498 3187 monet,
518 3121 656 3176 Christum
675 3121 767 3191 ipsum
783 3122 940 3192 suscepisse
952 3122 1137 3177 circumcisio
1165 3122 1284 3193 Zippora
1301 3121 1330 3175 in
1347 3120 1492 3176 iracundia
1504 3121 1739 3175 circumcisionem
1752 3119 2001 3187 administraverat,

301 3224 363 3264 nem
382 3225 400 3262 a
420 3208 545 3264 Judaeis.
581 3207 759 3263 ”Bileamus
777 3226 828 3278 pro
846 3208 1039 3265 maledictione
1055 3208 1138 3262 bene
1164 3211 1209 3263 vix
1240 3210 1325 3281 igitur
1355 3209 1478 3264 debitam
1496 3207 1676 3262 intentionem
1698 3206 1805 3261 habuit.
1847 3213 1871 3261 4.
1897 3204 1925 3260 Si
1953 3204 2002 3258 mi·

300 3294 453 3349 dictionem
473 3294 641 3365 pronuntiat.
677 3295 766 3349 iudas
779 3295 844 3349 licet
857 3295 984 3349 diabolus
997 3313 1015 3349 6
1028 3294 1137 3349 Christo
1165 3296 1244 3351 nistri
1261 3295 1378 3350 interitio
1396 3295 1431 3348 ad
1452 3295 1618 3349 sacramenti
1638 3294 1827 3364 integritatem
1847 3290 2001 3346 necessario

302 3380 461 3452 appellatus
471 3397 583 3434 munere
601 3381 752 3450 apostolico
771 3381 900 3452 fungitur
920 3391 948 3436 et
967 3385 1139 3435 sacramenta
1163 3382 1328 3455 requiritur,
1346 3399 1518 3453 consequens
1537 3381 1629 3444 suerit,
1648 3380 1842 3434 incredulitate
1859 3378 2000 3432 hominum

299 3467 455 3523 efficaciter
480 3467 661 3521 administrat.
704 3466 844 3538 cajaphas
869 3468 904 3523 de
926 3475 1014 3522 morte
1037 3465 1137 3520 Christi
1164 3470 1309 3525 veritatem
1321 3485 1355 3523 ac
1365 3468 1449 3524 fidem
1459 3469 1512 3522 Dei
1525 3467 1604 3522 reddi
1614 3467 1728 3534 irritam,
1742 3465 1877 3538 siquidem
1887 3464 1935 3519 ubi
1945 3480 2001 3518 non

299 3554 352 3608 toti
378 3553 500 3607 humano
528 3553 623 3625 generi
655 3553 770 3607 salutari
797 3553 979 3620 vaticinatur,
1006 3553 1138 3607 instinctu
1164 3557 1245 3612 adest
1268 3556 1315 3611 1116
1334 3555 1458 3624 1111611116,
1477 3554 1530 3609 Dei
1542 3554 1643 3607 veritas
1657 3559 1684 3609 et
1696 3552 1767 3607 fides
1779 3553 1808 3606 iu‘
1820 3549 2000 3607 sacramentis

299 3637 423 3709 Spiritus
436 3640 525 3694 sancti
537 3641 662 3709 linguam
677 3657 772 3695 eorum
786 3639 839 3694 sibi
856 3641 1029 3696 commodato
1043 3639 1137 3694 datum
1163 3642 1328 3699 abolebitur.
1370 3641 1426 3696 Sed
1451 3655 1622 3710 consequens
1651 3644 1693 3694 est
1709 3637 1860 3692 absurdum
1878 3636 1957 3691 Rom.
1976 3641 2000 3705 ³,

300 3723 443 3780 liberrima
470 3727 612 3780 voluntate
637 3727 677 3781 sie
703 3726 925 3795 gubernantias*
966 3727 1140 3796 Argumenta
1163 3747 1189 3782 v.
1218 3736 1242 3785 3.
1278 3729 1352 3798 Ergo
1378 3734 1407 3783 et
1429 3726 1604 3781 antecedens.
1649 3733 1672 3780 5.
1697 3725 1727 3781 Si
1755 3724 1872 3779 intentio
1895 3724 2000 3779 formae

300 3811 513 3867 Donatistarum
531 3819 561 3866 61
578 3812 825 3883 Anabaptistarum
845 3829 878 3867 ex
897 3812 953 3876 his,
973 3829 1044 3883 quae
1064 3812 1139 3865 dicta
1167 3815 1297 3887 baptismi
1321 3814 1460 3869 contraria
1483 3830 1539 3867 non
1561 3811 1634 3867 tollit
1656 3812 1844 3882 integritatem
1863 3817 1891 3865 et
1907 3809 1998 3865 effica-

301 3906 374 3967 Ιῑωί,
395 3898 472 3953 facili
491 3900 604 3969 negotio
624 3899 796 3961 refelluntur,
816 3899 995 3970 praecipuum
1008 3904 1051 3953 est
1061 3897 1139 3966 illud,
1165 3903 1237 3957 ciam
1258 3901 1436 3967 sacramenti,
1464 3899 1662 3953 multominus
1691 3898 1817 3953 defectus
1838 3896 2000 3952 intentionis

301 3986 376 4056 quod
405 3986 529 4040 minister
554 3984 696 4055 improbus
722 4002 777 4039 non
804 3984 906 4040 habeat
925 3984 1059 4055 Spiritum
1077 4001 1138 4037 san·
1163 4005 1226 4044 eam
1245 3986 1402 4042 labefactat.
1440 3983 1495 4039 Sed
1520 4002 1615 4039 verum
1636 3985 1727 4055 prius,
1763 4001 1830 4054 ergo
1849 3983 1933 4038 etiam
1951 3996 1999 4052 po·
2012 3997 2074 4039 v111.
2087 3996 2133 4038 aaa

302 4080 378 4126 ctum
398 4089 432 4127 ac
451 4072 567 4142 proinde
586 4088 642 4125 non
659 4071 748 4142 possit
767 4069 905 4125 beneficia
922 4069 1041 4141 Spiritus
1058 4070 1137 4124 alteri
1166 4074 1273 4128 sterius.
1309 4073 1471 4125 Assumtum
1495 4071 1637 4140 probatur.
1673 4070 1701 4125 Si
1726 4069 1799 4123 enim
1823 4068 1940 4124 ecclesia
1959 4085 1999 4123 re·

302 4157 443 4226 saniem
466 4157 529 4222 sed,
555 4156 596 4210 uti
621 4164 699 4227 patet
717 4173 750 4210 ex
768 4155 1016 4226 praecedentibus,
1042 4156 1138 4210 distin·
1165 4161 1253 4215 tineat
1278 4157 1481 4222 ordinationem
1502 4156 1619 4225 Christi,
1642 4156 1751 4210 etiamsi
1768 4155 1892 4209 minister
1909 4154 2000 4225 priva-

300 4245 447 4315 guendum
471 4244 543 4297 inter
571 4259 658 4314 ageas
684 4242 839 4313 principale
868 4247 896 4297 61
922 4242 1138 4297 instrumentale.
1164 4246 1216 4300 tim
1233 4254 1262 4300 et
1279 4244 1388 4299 occulte
1407 4242 1533 4298 haeresin
1552 4241 1799 4305 Arianamloveat,
1813 4248 2000 4295 veruntamen

302 4332 401 4402 Agens
419 4330 573 4401 principale
592 4346 648 4384 nou
662 4337 757 4400 potest
768 4328 902 4397 conferre,
923 4346 978 4400 quo
992 4329 1139 4400 ipsummet
1165 4334 1202 4389 ab
1226 4348 1259 4387 eo
1277 4330 1486 4386 administratur
1503 4327 1673 4399 baptismus,
1696 4329 1779 4382 modo
1804 4328 2000 4382 substantialia

303 4417 474 4484 destituitur,
494 4417 542 4471 sed
559 4432 610 4486 per
629 4432 714 4486 agens
726 4415 937 4471 instrumentale
950 4414 1068 4471 conferri
1079 4422 1139 4484 pot·
1165 4419 1309 4487 observet,
1326 4434 1389 4470 curn
1408 4421 1647 4470 sacramentanon
1660 4414 1786 4482 ministri,
1804 4414 1853 4469 sed
1869 4414 2001 4470 ecclesiae

303 4513 354 4572 est,
373 4503 451 4575 quod
470 4504 524 4573 ipsi
541 4520 596 4557 non
615 4502 696 4559 inest.
724 4502 847 4557 Thomas
865 4520 893 4573 p.
906 4509 930 4558 3.
949 4522 975 4573 q.
990 4509 1031 4559 61.
1045 4510 1096 4558 art
1111 4510 1138 4556 5:
1152 4493 1262 4599 {preces
1279 4520 1343 4558 suas
1364 4519 1473 4571 semper
1490 4501 1669 4573 adjungentis
1688 4507 1716 4555 et
1735 4501 1891 4571 depositum
1907 4501 2001 4571 sponsi

303 4590 522 4645 lustramentum
539 4592 598 4657 epit
612 4607 669 4643 non
682 4592 835 4642 secandum
842 4591 993 4659 propriam
1006 4592 1140 4655 sormam,
1152 4614 1155 4686 Ι
1167 4593 1210 4646 sui
1223 4593 1309 4645 instar
1323 4589 1436 4645 sedulae
1446 4587 1663 4642 matrisfamilias
1675 4586 1823 4657 diligenter
1833 4586 2000 4643 asservantis

302 4679 354 4730 sed
370 4678 523 4730 secundum
541 4677 669 4737 66161616
690 4677 763 4744 ejus,
784 4693 803 4728 6
820 4693 874 4744 quo
895 4684 1028 4730 monetur.
1068 4676 1141 4732 Vide
1153 4705 1155 4753 1
1167 4681 1241 4734 bona
1261 4677 1318 4732 sint
1342 4682 1370 4730 et
1396 4673 1539 4729 doctrinae
1556 4671 1668 4742 publice
1686 4672 1715 4726 in
1733 4673 1851 4728 ecclesia
1868 4672 2000 4738 sonantis,

304 4762 389 4820 libros
432 4769 536 4832 septem
573 4761 726 4832 Augustini
761 4763 880 4832 scriptos
917 4769 1015 4817 contra
1049 4761 1224 4820 Dona-'non
1245 4763 1354 4818 occulte
1378 4760 1407 4815 iu
1428 4761 1512 4815 corde
1534 4758 1652 4812 ministri
1674 4758 1788 4813 latentis
1807 4759 1863 4813 sint
1881 4759 2000 4814 testimo

301 4849 390 4903 tistus.
1153 4795 1222 4913 luia.
1257 4847 1432 4918 Augustinus
1451 4845 1499 4899 lib.
1516 4851 1539 4901 ³.
1557 4851 1654 4898 666116
1671 4842 1833 4898 Donatistas
1853 4860 1875 4897 c.
1899 4850 1945 4898 15:
1968 4843 2003 4896 Si

254 4951 275 4987 1ο
335 4940 381 5015 31.
426 4935 459 4988 ld
486 4935 577 5006 ipsum
599 4933 682 4987 etium
706 4933 741 4988 de
767 4933 920 4987 intentione
940 4932 1057 4986 ministri
1075 4916 1334 5004 dici-*evangelicis
1367 4933 1460 4987 661116
1488 4933 1518 4985 in
1548 4933 1659 4985 nomine
1689 4933 1788 4985 Patris
1818 4939 1843 4983 et
1875 4931 1948 4983 Filii
1975 4937 2001 4982 et

251 5001 289 5099 fil.
302 5039 374 5091 mus,
395 5037 457 5075 eam
477 5021 584 5075 scilicet
604 5019 639 5072 ad
660 5019 848 5089 integritatem
867 5025 895 5073 61
912 5018 1034 5073 fructum
1051 5035 1140 5073 sacra-
1170 5022 1294 5091 Spiritus
1326 5019 1418 5072 saneti
1446 5017 1582 5071 Marcion
1614 5017 1781 5085 baptismam
1813 5016 2001 5084 consenciat,

251 5104 279 5194 2⁶
304 5107 391 5162 menti
413 5107 509 5161 itidem
534 5124 591 5161 non
612 5105 714 5176 requiri
733 5102 862 5159 absoluta
880 5104 1003 5174 quadam
1022 5105 1141 5158 necessi·
1153 5100 1155 5126 ¹
1168 5112 1304 5178 integra-m
1324 5113 1384 5159 erat
1402 5112 1615 5171 samamentam,
1636 5104 1762 5172 66666616
1780 5105 1842 5172 ejas
1855 5104 1933 5170 fides
1951 5100 2001 5154 sab

261 5175 270 5184 ⁸
302 5201 370 5249 tate.
407 5192 642 5263 Distinguendum
667 5191 739 5245 enim
765 5190 838 5244 inter
864 5189 922 5256 illa,
948 5206 1020 5259 quae
1049 5190 1140 5260 requi·
1168 5196 1293 5262 ejusdem
1311 5191 1402 5245 serta
1421 5190 1506 5242 atiud
1523 5190 1681 5257 opinantis,
1702 5206 1784 5257 quom
1802 5187 1942 5241 6611161166
1959 5204 2002 5239 re·

251 5340 253 5349 .
303 5286 404 5334 rnntar
434 5278 471 5333 ad
497 5278 642 5334 essentiam
661 5283 689 5330 et
710 5275 899 5346 integritatem
923 5275 1096 5342 sacramenti,
1113 5242 1238 5339 etlritas
1256 5281 1350 5344 docet,
1380 5293 1435 5329 non
1454 5284 1524 5327 esset
1542 5276 1667 5344 integra,
1692 5276 1745 5327 sed
1759 5273 1900 5338 sabulosis
1916 5273 2001 5335 falsi-

301 5365 377 5421 inter
404 5364 466 5434 illa,
491 5352 567 5436 quae*
589 5364 625 5417 ad
652 5378 798 5433 personam
815 5360 935 5416 ministri
954 5357 1270 5447 requiruntur,1tatibrrs
1299 5363 1455 5432 inquinata.
1504 5367 1526 5415 6.
1555 5359 1585 5415 Si
1614 5359 1741 5414 efficacia
1767 5366 2001 5413 sacramentorum

301 5461 335 5507 ut
359 5451 451 5507 bonus
468 5451 504 5507 sit
527 5460 554 5506 61
575 5449 672 5504 fidelis.
714 5448 808 5503 Pietas
835 5454 863 5502 et
888 5447 1004 5502 intentio
1023 5448 1155 5503 ministri‘
1166 5452 1270 5525 pendet
1294 5451 1331 5505 ab
1358 5448 1511 5502 intentione
1537 5447 1670 5515 ministri,
1697 5451 1840 5517 sequetur,
1867 5446 2001 5515 majorem

298 5556 358 5594 nou
381 5538 559 5610 requiruntur
583 5536 619 5590 ad
644 5535 832 5606 integritatem
856 5535 1037 5604 sacramenti,
1069 5553 1227 5647 quae,esse
1252 5535 1403 5591 efficaciam
1428 5534 1464 5588 ab
1483 5533 1636 5587 intentione
1655 5533 1773 5602 majore,
1801 5531 1910 5601 quoties
1928 5532 2001 5585 eninr

298 5643 335 5682 ex
352 5625 408 5680 Dei
434 5623 603 5678 instituentis
629 5622 744 5676 veritate
772 5627 801 5674 et
823 5619 950 5691 potentia
969 5620 998 5674 in
1019 5622 1139 5676 solidum
1151 5624 1208 5784 [vis
1229 5622 1330 5694 agendi
1356 5621 1385 5674 iu
1412 5636 1496 5673 causa
1519 5624 1654 5689 augetur,
1678 5615 1794 5670 effectus
1813 5617 1895 5671 etiam
1914 5620 2002 5681 major

298 5711 453 5782 dependet,
470 5710 520 5766 sed
539 5710 674 5764 duntaxat
691 5707 728 5763 ad
746 5723 893 5778 personam
911 5706 1037 5765 ministri.
1073 5709 1136 5767 blan
1171 5710 1286 5765 exsistit.
1322 5706 1368 5763 Sic
1395 5723 1462 5777 ergo
1487 5721 1567 5760 sacra
1589 5720 1676 5758 coena
1694 5702 1740 5756 vel
1759 5703 1870 5772 majoris
1891 5702 1934 5756 rel
1952 5701 2001 5756 mi·
