4800 6659
425 565 483 628 ης
1019 559 1141 618 cocus
1161 560 1331 620 aremus
1351 559 1549 652 sammua?

422 713 501 769 vinus
538 719 567 769 et
605 714 652 786 qui
689 732 752 786 enm
788 721 942 789 sequantur
977 715 1032 771 duc
1065 715 1111 771 bic
1149 715 1258 785 docent,
1282 716 1347 772 edit
1365 714 1545 789 Heidelberg.
1565 733 1631 772 ann.
1654 719 1727 770 1611.
1745 712 1796 769 ubi
1811 710 1924 776 scribit,
1944 712 2026 780 qaod
2038 710 2093 781 Spi

423 815 495 871 quae
510 799 588 854 salva
605 801 721 858 veritate
739 800 894 873 approbare
912 820 969 858 non
986 818 1147 873 possumus,
1166 801 1256 874 primo
1281 811 1325 855 tus
1354 811 1467 857 sanetus
1497 804 1534 863 sit
1568 803 1708 856 duntasat
1743 800 1894 855 electorum
1923 798 2093 863 sanctificate

422 885 496 956 quod
513 884 583 942 fides
602 893 630 941 et
644 888 755 955 justitia
773 887 810 943 sit
828 886 977 945 electorum
994 895 1117 956 tantum,
1142 888 1195 941 boe
1214 895 1256 940 est
1280 887 1402 943 Paraeus
1431 889 1460 943 in
1484 906 1505 943 a
1535 889 1559 940 6.
1586 886 1666 943 Rom.
1699 877 1789 942 dubit.
1818 892 1841 940 7.
1871 903 1898 956 p.
1928 889 1991 940 661.
2020 899 2093 938 asser

422 971 495 1041 quod
526 970 566 1025 illi
591 971 679 1027 solum
707 990 789 1029 verae
814 972 991 1044 justificantis
1013 973 1078 1029 fidei
1104 972 1255 1044 participes
1277 983 1424 1043 peceatum
1440 992 1570 1043 repuens,
1590 975 1667 1043 quod
1685 973 1792 1026 renatis
1803 972 1948 1040 tribuitur,
1967 970 2093 1038 imprepr

420 1055 500 1127 finnt,
530 1057 577 1129 qui
601 1064 666 1114 sunt
687 1058 815 1115 absoluto
835 1059 889 1117 Dei
912 1059 1023 1117 decreto
1050 1058 1148 1128 electi,
1179 1059 1254 1113 unde
1280 1060 1322 1114 sie
1338 1062 1443 1124 uocari,
1461 1078 1493 1115 eo
1512 1063 1592 1130 quod
1606 1078 1662 1131 per
1677 1061 1733 1113 vim
1756 1060 1812 1113 sibi
1827 1060 1906 1129 rapit
1923 1057 2075 1126 imperium

420 1148 539 1214 negant,
566 1160 648 1199 verae
675 1143 739 1200 fidei
766 1146 828 1201 illos
853 1148 1001 1218 participes
1020 1164 1141 1219 unquam
1159 1146 1254 1214 fuisse,
1280 1155 1392 1201 muetos
1412 1164 1511 1216 eosque
1532 1148 1575 1200 ad
1592 1147 1671 1199 mace
1690 1154 1796 1215 tempus
1817 1147 1948 1199 incautos
1960 1144 1991 1196 in
2012 1158 2093 1195 nassa

422 1228 470 1298 qui
503 1229 673 1303 inpeccatis
703 1233 826 1303 prolapsi
852 1232 970 1288 finaliter
992 1239 1125 1305 pereunt:
1154 1232 1256 1287 deinde
1281 1234 1400 1304 abripit,
1424 1234 1459 1286 ab
1475 1234 1577 1286 iisdem
1598 1250 1664 1287 cero
1689 1250 1752 1288 moa
1770 1233 1872 1285 itemm
1889 1232 2026 1285 domatur
2044 1236 2092 1297 atq

422 1315 496 1385 quod
513 1313 582 1372 fides
600 1323 629 1372 ct
640 1318 752 1389 justitia
767 1316 851 1374 semel
869 1325 988 1389 accepta
1014 1337 1069 1375 non
1087 1319 1175 1391 possit
1192 1318 1257 1373 ullis
1282 1320 1426 1374 munitur.
1462 1318 1603 1374 Zanchius
1625 1318 1654 1372 in
1677 1318 1791 1374 miscell.
1809 1336 1836 1387 p.
1855 1322 1912 1374 133.
1937 1324 2055 1370 renatos
2070 1333 2093 1366 s·

420 1403 543 1470 peccatis
561 1403 659 1459 amitti.
696 1404 826 1461 Calvinus
844 1403 892 1458 lib.
911 1411 936 1461 3.
966 1405 1052 1459 instit
1069 1422 1092 1462 c.
1115 1412 1139 1462 2.
1159 1402 1186 1481 ὅ.
1212 1411 1256 1461 11;
1278 1424 1363 1477 posse
1382 1424 1415 1460 ea
1431 1415 1568 1460 conamur
1580 1408 1640 1460 Dei
1656 1407 1699 1461 cel
1717 1406 1916 1475 desperatmrm
1928 1385 2059 1474 peceare‘,
2074 1420 2093 1453 ss

422 1485 506 1540 Solos
529 1490 627 1545 eleetos
650 1492 752 1546 semine
776 1491 986 1561 incorruptibili
1004 1493 1084 1545 Deus
1113 1493 1142 1546 iu
1156 1509 1257 1563 perpe·
1282 1494 1325 1547 cel
1343 1510 1375 1546 ec
1394 1491 1566 1563 ignorantia,
1585 1494 1629 1547 cel
1648 1510 1682 1547 ea
1699 1493 1862 1559 infirmitate
1880 1498 1999 1558 tantuna,
2017 1489 2092 1542 etia

420 1580 497 1627 tunm
516 1585 676 1646 reperierat,
701 1585 731 1631 nt
747 1594 892 1646 nunquam
911 1580 1054 1649 dispereat
1073 1595 1165 1633 semen
1183 1579 1258 1632 uitae
1282 1579 1431 1633 inmanem
1448 1580 1629 1634 tentationem
1648 1587 1755 1633 voearet
1790 1577 1910 1649 Eglinus
1928 1577 2034 1647 disput.
2052 1580 2093 1631 3.·

420 1659 450 1713 iu
482 1678 576 1716 eorum
606 1663 740 1717 cardimus
766 1664 889 1717 insitum.
935 1665 999 1718 Hoc
1031 1667 1179 1720 tenendum
1209 1672 1256 1734 est,
1282 1672 1397 1736 peccato
1418 1664 1448 1719 in
1471 1664 1568 1736 Spirit
1592 1685 1613 1721 s.
1636 1664 1706 1721 thas.
1722 1670 1798 1722 tte:
1837 1665 1907 1719 clem
1933 1663 2039 1716 Punicas
2059 1680 2093 1731 pr

421 1748 548 1814 wamma
565 1749 667 1817 scipua
684 1749 722 1803 sit
740 1768 774 1804 ac
793 1750 895 1804 debilis
914 1750 944 1804 im
963 1751 1058 1805 electis
1073 1753 1161 1820 fides,
1189 1751 1257 1821 qnia
1283 1752 1406 1805 auderet
1434 1769 1590 1806 emmonem
1614 1751 1643 1804 in
1670 1753 1792 1805 mediam
1816 1760 1937 1816 noctem,
1960 1749 2093 1803 adolesse

420 1840 512 1887 tamem
524 1833 651 1904 Spiritus
664 1836 724 1889 Dei
740 1845 817 1891 certa
832 1836 895 1890 illis
914 1838 1004 1890 arrla
1022 1846 1061 1891 est
1079 1856 1113 1892 ae
1130 1837 1257 1908 sigillum
1283 1838 1399 1907 quidam
1416 1839 1526 1893 nomine
1542 1838 1687 1906 Eutychus
1706 1838 1806 1891 sederas
1825 1838 1855 1889 im
1871 1838 2001 1901 fenestra
2013 1834 2092 1889 obruet

419 1935 488 1972 suae
505 1920 678 1990 adoptionis,
697 1941 839 1993 nunquam
857 1941 889 1978 ea
908 1940 1002 1977 aarum
1017 1924 1149 1977 cordibus
1167 1921 1260 1978 deleri
1283 1942 1379 1979 sarano
1405 1926 1440 1978 de
1470 1924 1556 1978 tertia
1584 1924 1792 1993 compactione
1819 1923 1920 1976 cecidit
1944 1922 2077 1974 deorsum

415 2022 498 2074 posse
520 2006 582 2075 ejus
601 2009 783 2078 sculpturam.
819 2007 894 2066 Vide
909 2008 1013 2066 Beaam
1032 2010 1062 2064 in
1079 2009 1148 2065 Call
1171 2009 1257 2065 Mom-
1283 2011 1410 2064 sublatum
1427 2019 1467 2065 sst
1485 2018 1621 2066 mortisue.
1653 2010 1713 2064 Sed
1730 2028 1792 2064 cum
1800 2008 1911 2064 Paulus
1928 2007 2092 2062 ducendus

418 2091 492 2162 pelg.
514 2109 541 2164 p.
563 2098 623 2149 161.
643 2099 702 2151 465.
721 2100 902 2168 16166112.
918 2113 990 2167 resp.
1009 2096 1257 2168 manucapti:
1285 2098 1342 2151 ruit
1359 2098 1390 2151 in
1407 2106 1514 2152 sumet
1532 2097 1695 2168 complexus
1717 2096 1806 2153 aaa:
1840 2096 1886 2150 Ne
1909 2093 2093 2148 tumultuantis

421 2177 522 2231 Fidem
547 2178 639 2249 ipsam
667 2197 763 2235 veram
790 2183 881 2236 amini
902 2199 986 2253 nepo.
1021 2201 1048 2254 p.
1078 2188 1123 2239 73:
1152 2182 1259 2237 Latius
1285 2184 1381 2237 anima
1402 2186 1476 2238 enim
1494 2183 1558 2254 ejus
1584 2182 1697 2252 inipso
1713 2190 1763 2236 est.
1811 2182 1862 2235 Aa
1877 2182 1996 2235 mndem
2014 2181 2093 2233 mods

420 2264 504 2318 etiam
516 2264 690 2321 incestuosus
703 2268 763 2333 fuit
771 2267 876 2338 justris.
894 2287 922 2340 p.
938 2274 984 2325 ts:
1002 2270 1069 2324 Non
1076 2270 1141 2337 fnit
1159 2269 1261 2324 David
1284 2279 1395 2325 ostano
1414 2279 1599 2342 peccatorum
1624 2271 1740 2325 ebrutsss
1759 2268 1903 2325 Salomon.
1938 2268 2066 2337 Plusque
2089 2294 2093 2318 t

418 2352 638 2418 regenerationis
656 2354 776 2425 Spiritu,
794 2373 873 2426 prtem
890 2373 1012 2427 prorsus
1030 2355 1177 2420 amisisset,
1195 2374 1259 2410 rur·
1285 2358 1370 2411 tertia
1394 2358 1601 2426 contignatione
1628 2359 1728 2411 domus
1752 2356 2056 2426 spiritualemne,
2083 2353 2093 2407 i

419 2440 619 2510 eruderatus,
649 2443 702 2495 sed
728 2441 778 2511 qui
801 2442 910 2511 sopitus
927 2442 957 2496 in
976 2442 1038 2512 ipso
1053 2441 1183 2512 jacebat,
1197 2442 1258 2508 risit
1284 2450 1315 2496 ut
1337 2444 1434 2498 meres
1458 2444 1609 2498 laberetur
1635 2460 1690 2513 pre
1709 2449 1837 2510 mortuo,·
1861 2449 1953 2496 tamen
1970 2442 2061 2495 limum
2071 2441 2093 2509 j

420 2524 553 2579 divinitus
570 2528 727 2583 ministerio
740 2529 885 2583 Natlanis
904 2529 1047 2583 eaeitatue.
1077 2548 1104 2601 p.
1123 2535 1169 2585 79:
1190 2530 1258 2583 Non
1284 2530 1394 2598 mipuns
1421 2530 1451 2583 in
1479 2529 1542 2599 ipso
1572 2530 1703 2589 selmum
1724 2530 1815 2600 plane
1842 2545 1915 2593 esse,
1949 2536 2093 2598 quantumi

421 2610 483 2664 diei
501 2614 644 2667 Davidem
667 2622 880 2685 perpetrantem
897 2615 1070 2669 adulterium
1086 2616 1257 2683 616661,αὰ-
1276 2617 1393 2684 foetore
1419 2616 1540 2670 roaaime
1567 2616 1725 2686 cpplstruu,
1751 2618 1840 2669 donec
1863 2615 1909 2669 cel
1933 2615 1985 2667 sub
2014 2616 2093 2668 entr's

418 2696 520 2752 ulteria
546 2708 715 2769 perpetrato
733 2702 824 2770 fidem
852 2709 878 2754 et
908 2701 1047 2771 Spiritum
1069 2710 1196 2756 sommum
1214 2720 1257 2756 re·
1283 2702 1356 2755 citae
1374 2703 1626 2771 reaccenderetur,
1649 2720 1705 2757 non
1722 2702 1908 2757 concedimus.
1949 2701 2002 2771 (At
2027 2700 2093 2755 dicit

419 2781 548 2853 timuisse,
574 2788 626 2839 sad
648 2781 729 2840 illum
752 2787 816 2840 diui
837 2788 963 2857 quamvis
989 2789 1149 2843 adulterum
1175 2798 1257 2860 atque
1283 2793 1421 2857 mortuus,
1444 2805 1517 2843 mors
1545 2794 1589 2842 eat
1606 2787 1700 2844 totalis
1719 2788 1793 2843 vitae
1809 2787 1951 2858 privatio.)
1996 2786 2093 2843 anon

419 2869 503 2922 etiam
518 2870 688 2925 homicidam
705 2871 797 2943 (puae
809 2873 933 2941 suerunt
951 2875 1046 2928 earnis
1064 2894 1120 2931 nan
1132 2875 1257 2947 Spiritus
1282 2874 1359 2928 illum
1378 2874 1462 2930 ctiam
1479 2874 1509 2929 in
1523 2881 1636 2929 nostras
1658 2873 1788 2930 ecclesias
1805 2881 1916 2946 patrum
1934 2873 2070 2929 memoris
2086 2873 2093 2928 i

419 2960 530 3026 opera),
550 2964 642 3010 tamen
661 2959 795 3027 quoniam
814 2960 917 3015 electris
936 2969 1010 3033 erat,
1031 2963 1145 3033 aliquid
1164 2962 1257 3032 Spiri—
1282 2960 1382 3016 vehere
1402 2966 1517 3016 conatus
1539 2959 1595 3015 suit
1618 2958 1740 3015 Thomas
1766 2960 1967 3032 Naogeorgus,
1993 2960 2093 3015 ecclesi

418 3050 464 3096 tua
481 3044 574 3097 saneti
592 3052 619 3098 et
638 3045 709 3110 fidei
725 3045 755 3099 irs
773 3063 805 3101 eo
821 3047 913 3111 snime
932 3056 1086 3117 serratum,
1108 3050 1185 3119 praed
1202 3049 1257 3103 ali·
1283 3046 1409 3103 calensis
1426 3053 1455 3101 in
1475 3045 1635 3117 Thuringia
1652 3054 1762 3118 pastor,
1787 3047 1835 3117 qui
1852 3046 1883 3100 in
1898 3046 1956 3101 suis
1971 3046 2093 3101 annotat¹

419 3129 553 3199 quamdin
577 3131 699 3201 sopitum
720 3134 863 3188 Dominus
881 3141 973 3190 tamem
990 3153 1103 3190 mireum
1120 3137 1258 3195 excitauit.
1283 3132 1366 3188 nibus
1390 3134 1420 3187 iu
1448 3139 1469 3188 1.
1493 3132 1577 3203 epist.
1595 3132 1659 3187 lob
1683 3132 1806 3203 scripsit,
1831 3133 1933 3189 electos
1952 3134 2093 3203 maneraj

418 3220 449 3269 In
476 3216 685 3288 quaestionibus
716 3225 745 3273 et
773 3221 1000 3294 responsionibus
1028 3241 1056 3294 p.
1084 3229 1141 3281 161.
1171 3224 1257 3277 iuter-
1284 3225 1341 3274 stos
1356 3224 1385 3275 et
1401 3220 1521 3275 retinere
1541 3218 1678 3290 Spiritum
1698 3224 1835 3287 sanctum,
1854 3218 1962 3274 etiamsi
1980 3219 2093 3275 maniter

417 3303 513 3375 rumpi
551 3306 664 3375 quidem
701 3305 799 3362 scribit
835 3308 865 3361 in
900 3309 1034 3377 praeibas
1062 3310 1258 3365 tentationibus
1284 3312 1410 3378 peccent.
1451 3304 1525 3361 Vide
1548 3303 1681 3359 Rcfinum
1704 3305 1735 3360 in
1759 3312 1827 3361 orat
1853 3306 1889 3361 de
1906 3306 1965 3361 rita
1981 3305 2092 3363 lona

420 3388 567 3461 Spiritum,
585 3393 638 3446 sed
656 3411 800 3463 nunquam
818 3402 911 3449 tamen
924 3396 1039 3465 penitus
1062 3396 1152 3467 erspi5
1172 3398 1257 3452 inter·
1284 3392 1370 3449 dorici
1387 3391 1524 3448 electoris.
2060 3457 2065 3468 ι

416 3477 514 3545 rumpi
529 3494 624 3531 ueram
635 3480 726 3547 fidem
748 3480 862 3550 ejusque
879 3483 978 3553 effecta
998 3482 1028 3536 in
1046 3479 1154 3553 eneas,
1179 3493 1210 3539 ut
1226 3485 1257 3538 in
1321 3486 1379 3537 136.
1414 3478 1604 3533 Bcllarminas
1630 3477 1676 3532 lib
1704 3483 1728 3533 3.
1761 3478 1796 3534 de
1821 3477 1966 3550 justificat.
1995 3498 2058 3553 cap.
2085 3488 2093 3539 l

417 3564 467 3632 iis,
496 3564 547 3633 qui
560 3564 686 3638 letlarpo
707 3568 855 3637 laborant,
879 3577 906 3623 et
925 3570 956 3623 in
978 3571 1077 3639 ebriis,
1107 3571 1137 3624 in
1159 3572 1257 3640 quibus
1283 3566 1313 3622 in
1345 3566 1444 3623 erroris
1474 3566 1559 3637 hujus
1590 3564 1751 3621 tocietatcm
1779 3563 1970 3621 Chemnicium
1999 3568 2093 3641 adeoq

417 3650 610 3719 impediuntur
631 3639 795 3722 facultates
829 3656 955 3726 animae,
984 3675 1039 3711 non
1069 3658 1133 3727 ipsa
1164 3666 1257 3712 tamen
1283 3671 1377 3709 omnes
1397 3653 1582 3724 Augustanus
1610 3652 1728 3707 confess.
1753 3652 1879 3708 addictos
1897 3653 2093 3725 pertraheres

418 3735 514 3789 anima
534 3735 651 3796 tollitur.
687 3739 826 3796 Zanchius
845 3742 874 3796 in
891 3742 1007 3800 miscell.
1023 3742 1071 3798 tol.
1089 3748 1137 3799 65:
1165 3744 1257 3814 8ρὲνί-
1283 3746 1379 3795 natur:
1405 3741 1577 3810 Repugnamt
1603 3738 1713 3810 (inquit)
1741 3737 1860 3793 Caluino
1883 3758 1940 3794 mon
1960 3741 2093 3796 solumC

350 3886 352 3890 .
418 3830 461 3875 tus
486 3832 599 3878 samcms
625 3828 710 3881 semel
739 3828 830 3883 alicui
856 3832 941 3883 datus
966 3838 1058 3884 maaet
1081 3848 1142 3885 cum
1169 3848 1200 3885 so
1227 3832 1258 3884 in
1283 3827 1393 3893 tbolici,
1416 3827 1470 3879 sed
1491 3826 1581 3881 etiam·
1590 3825 1725 3895 plerique
1745 3825 1987 3891 lutheranorum,
2012 3836 2042 3881 et
2065 3830 2093 3900 ip

418 3918 569 3967 ammaum.
604 3910 1258 3989 Perkinsusdepraedestiu.etgrat.p.122:
1284 3913 1369 3966 eliam
1386 3913 1488 3967 Pelrut
1512 3913 1632 3980 Marte?
1656 3912 1686 3964 iu
1706 3929 1729 3964 θ·
1753 3916 1777 3968 8·
1795 3914 1877 3969 Rom·
1899 3922 1925 3967 el
1946 3915 2093 3970 Chemnici

417 3987 582 4053 l'nDavids
595 4009 661 4070 post
679 4001 790 4072 lapsum
810 4021 891 4057 verae
905 4004 980 4074 fidei
995 4012 1021 4057 et
1037 4006 1258 4073 regenerationis
1286 4000 1315 4052 ic
1330 4016 1420 4069 ,exam
1450 3999 1549 4053 coneil-
1572 3999 1599 4051 Τ
1597 3996 1703 4076 rideti-
1741 3997 1872 4060 eramen
1896 4000 1928 4054 ltt'
1944 4003 2001 4054 duo
2014 4011 2093 4073 poelt

417 4100 509 4138 semen
521 4088 687 4155 permansit.
723 4089 891 4145 Mariorstus
909 4090 938 4145 in
955 4107 978 4146 c.
996 4095 1038 4145 21.
1055 4090 1162 4145 Lucas:
1180 4092 1259 4145 Diti·
1286 4087 1331 4151 mi,
1351 4086 1404 4155 etsi
1422 4094 1519 4156 aperte
1533 4086 1662 4154 doceam,
1679 4102 1763 4154 pesse
1775 4086 2093 4155 jactaminterdumlal

416 4180 512 4240 peuter
531 4174 658 4240 observa,
683 4177 795 4230 etiamsi
816 4177 932 4231 uelimus
960 4180 1031 4231 data
1050 4195 1138 4248 opera
1149 4179 1259 4248 perire,
1285 4180 1377 4225 tamen
1396 4172 1499 4225 6661116
1519 4172 1664 4237 videnlur,
1690 4189 1745 4223 '²0²2
1760 4188 1845 4241 P⁰⁸⁸⁶
1863 4174 1943 4243 fimi
1967 4175 2037 4243 9¹⁴5st
2060 4193 2093 4228 ⁰¹⁸

416 4266 509 4313 tamem
530 4260 670 4315 Christum
695 4281 751 4318 non
769 4264 948 4334 permittere,
971 4265 1090 4318 retrahit
1117 4265 1191 4318 enim
1207 4283 1259 4319 nos
1285 4267 1401 4313 moriem
1419 4260 1519 4312 redeat
1537 4261 1579 4312 ad
1591 4259 1691 4328 fidem·
1734 4256 1814 4312 06νῦ6
1828 4260 1901 4327 coeit
1922 4277 2002 4314 error
2020 4262 2093 4315 illes

417 4347 453 4399 ae
476 4345 566 4402 careo.
607 4347 770 4405 Thesaurus
796 4349 866 4405 seh.
890 4350 956 4406 ruer
983 4351 1074 4406 cerrus
1092 4368 1109 4405 a
1127 4350 1258 4422 apuleo
1279 4347 1341 4416 fide
1363 4345 1645 4415 praeteritarum,
1670 4351 1700 4396 u
1718 4345 1848 4413 nemer,
1875 4346 1986 4399 nullum
2011 4348 2093 4413 Mel<

417 4432 497 4490 class.
524 4438 548 4489 a.
575 4432 636 4490 loco
659 4435 862 4493 16666616
887 4454 990 4509 genere
1006 4436 1077 4493 thes.
1094 4443 1123 4492 t:
1151 4439 1259 4494 Eleusis
1285 4450 1343 4486 mse
1365 4448 1450 4503 posse
1474 4433 1641 4502 reprobum,
1675 4431 1734 4484 sisi
1758 4449 1850 4485 recum
1873 4432 1933 4503 ipsi
1949 4432 2093 4503 aperturis

416 4519 503 4573 semel
518 4528 627 4574 tautum
642 4539 711 4577 cera
721 4524 807 4590 sides
826 4525 922 4591 datur,
941 4542 1025 4593 quam
1038 4542 1161 4593 prorsus
1179 4525 1258 4578 amit·
1280 4537 1412 4590 pupmare
1433 4519 1539 4589 nelint5
1564 4519 1704 4589 quomodo
1727 4520 1800 4572 enim
1824 4536 1857 4572 aa
1878 4521 1936 4582 fide
1956 4528 2046 4575 certor
2062 4538 2093 4574 ω

281 4606 344 4654 tm.
357 4608 403 4656 ¹⁷6·
416 4615 486 4676 tere,
511 4607 650 4677 Spiritum
678 4618 804 4664 sanctum
820 4611 930 4664 omnino
948 4618 1073 4665 comitere
1095 4619 1120 4665 et
1140 4629 1159 4664 a
1177 4610 1258 4665 Cleri·
1285 4608 1409 4660 dicerent
1437 4623 1530 4660 omnes
1542 4606 1656 4673 fideles
1675 4607 1711 4658 de
1727 4624 1781 4659 sua
1796 4608 2070 4675 praedestinatione,

415 4703 458 4749 sto
473 4696 585 4765 penitus
603 4696 732 4750 recidere
758 4714 814 4749 non
829 4702 957 4766 possunt.
1001 4695 1211 4754 Keclrermanus
1229 4698 1259 4753 in
1284 4695 1429 4747 crederent
1453 4694 1552 4759 sidetes
1569 4693 1682 4761 aliquos
1701 4694 1732 4745 in
1750 4701 1893 4748 aeternum
1909 4696 2006 4763 perire
2021 4711 2092 4764 poss

416 4784 483 4853 syst.
511 4780 634 4855 theolog.
658 4781 707 4837 lib.
734 4787 758 4837 3.
781 4799 806 4837 6.
834 4789 857 4837 1.
881 4800 909 4853 p.
936 4789 998 4839 tet:
1028 4785 1164 4850 Sclsifica
1180 4786 1258 4855 fides
1285 4779 1506 4851 Respondemus:
1535 4788 1556 4835 l.
1576 4778 1633 4833 Cur
1657 4777 1844 4834 Bellarminus
1870 4780 1952 4849 dicit,
1976 4781 2093 4852 plerosqr

416 4868 500 4921 semel
525 4886 646 4922 accensa
673 4869 704 4922 im
723 4870 817 4923 electis
841 4889 984 4940 nunqrsam
997 4879 1091 4941 potest
1107 4872 1196 4941 plane
1213 4859 1257 4926 ea·
1283 4867 1505 4923 Lutherancrum
1525 4864 1639 4921 Calvino
1662 4866 1692 4920 in
1718 4866 1772 4921 hac
1789 4867 1952 4938 quaestione
1980 4867 2093 4940 refragat

415 4954 522 5024 stiapui
540 4963 589 5008 aut
613 4956 743 5025 deficere.
778 4954 914 5011 ”Fidem
939 4975 1033 5013 veram
1056 4963 1085 5014 ct
1105 4956 1256 5013 salvificam
1284 4971 1347 5008 cum
1368 4953 1503 5009 confessio
1520 4954 1688 5025 Augustanus
1714 4954 1826 5021 doceat,
1855 4971 1949 5009 omnes
1971 4953 2093 5025 refragat

416 5058 476 5097 esse
506 5042 608 5097 donum
633 5041 688 5096 Dei
719 5040 783 5096 solis
812 5043 908 5099 electis
932 5044 1075 5115 proprium
1106 5044 1187 5100 docet
1211 5045 1258 5100 Pi·
1284 5044 1316 5077 ³¹*
1324 5040 1497 5107 (Witalserus
1509 5040 1537 5095 in
1549 5046 1618 5096 orat.
1633 5041 1683 5096 ult
1693 5039 1854 5113 cantabrig.
1865 5040 1963 5096 habita
1973 5057 2038 5099 sun.
2050 5046 2093 5097 tlt.

414 5135 507 5184 scator
524 5129 552 5183 in
572 5145 597 5186 c.
618 5134 643 5184 6.
662 5127 727 5184 Joh.
745 5128 852 5184 observ.
883 5134 921 5186 18.
940 5130 969 5185 iu
989 5147 1011 5193 a
1031 5136 1071 5186 12.
1090 5130 1196 5186 observ.
1217 5139 1257 5189 21.
1285 5136 1310 5186 9.
1320 5128 1379 5185 Oct.
1398 5132 1491 5198 negat,
1511 5126 1584 5181 hanc
1605 5128 1772 5197 opinionem,
1790 5129 1869 5196 quod
1887 5129 1938 5197 qui
1954 5129 2038 5184 semel
2055 5144 2093 5182 sss

414 5215 443 5270 in
461 5222 484 5271 2.
503 5215 600 5270 Thess.
615 5221 640 5282 3,
656 5234 683 5273 v.
706 5220 730 5270 2.
748 5233 776 5286 p.
797 5221 871 5273 1215.
889 5218 975 5272 totius
994 5215 1084 5287 operis
1097 5217 1257 5292 ibidemque
1284 5217 1568 5282 taruannensem
1589 5233 1730 5283 nunquam
1757 5223 1883 5269 amittere
1895 5219 2002 5287 possit,
2026 5234 2044 5271 a
2060 5215 2093 5273 Cr

414 5300 498 5357 schol.
518 5306 542 5356 2.
568 5319 596 5371 p.
623 5306 698 5358 1216.
726 5308 754 5357 et
780 5302 888 5360 observ.
914 5310 938 5359 4.
966 5321 994 5375 p.
1017 5304 1137 5360 retain
1156 5305 1211 5361 Tit.
1235 5314 1257 5377 l,
1285 5303 1349 5357 vino
1376 5301 1577 5372 excogitatam,
1617 5303 1669 5354 aad
1696 5302 1824 5356 saniores
1853 5303 2020 5368 Pontificios
2048 5304 2093 5359 ide

414 5404 440 5440 r.
462 5392 484 5442 1.
510 5386 594 5441 schol.
619 5394 641 5443 1.
663 5393 692 5443 et
710 5387 817 5444 observ.
839 5396 862 5446 2.
884 5410 912 5462 p.
935 5396 1008 5447 1273.
1050 5391 1129 5446 idem
1155 5393 1258 5450 volum.
1286 5390 1447 5456 tradidisse,
1459 5388 1575 5442 adducit
1591 5386 1655 5444 Joh.
1670 5388 1772 5443 Ferum
1794 5386 2093 5447 aasumensi

415 5478 439 5529 2.
457 5471 559 5544 disput.
578 5490 608 5545 p.
631 5480 689 5529 216.
709 5491 838 5545 expresse
857 5477 967 5547 scribit,
993 5477 1131 5548 Spiritum
1149 5496 1259 5548 repens·
1286 5484 1311 5529 et
1335 5475 1460 5545 quamvis
1488 5474 1656 5528 Dominicus
1682 5474 1752 5528 Sota
1781 5474 1811 5527 im
1837 5483 1932 5529 annot.
1963 5475 1992 5530 in
2020 5477 2093 5533 lars

414 5557 536 5613 rationis
560 5577 618 5614 nom
643 5562 701 5614 nisi
723 5562 817 5616 electis
840 5565 917 5618 dari.
959 5563 1042 5618 Adde
1062 5564 1199 5619 Polanum
1229 5564 1258 5618 in
1286 5564 1358 5616 lanc
1370 5563 1441 5615 Feri
1457 5562 1621 5616 sententiam
1633 5562 1829 5629 reprehendat,
1849 5570 1940 5616 tantan
1954 5561 2093 5621 Metam

414 5652 553 5718 syntagm.
571 5653 638 5701 tom.
660 5654 685 5704 2.
704 5646 765 5704 libr.
784 5656 809 5705 6.
829 5667 852 5704 6.
873 5656 913 5707 36.
935 5668 963 5722 p.
984 5656 1060 5708 3666.
1081 5651 1122 5708 lit.
1139 5650 1169 5706 C.
1190 5651 1257 5707 edit.
1287 5651 1449 5717 Medinam,
1480 5650 1530 5718 qni
1550 5649 1670 5703 coneilio
1692 5649 1817 5701 Trident.
1840 5648 1985 5715 interfuit,
2020 5653 2093 5709 Fere

414 5733 480 5788 int.
499 5733 548 5788 ubi
566 5731 651 5790 dicit:
671 5736 757 5789 Nulli
773 5738 892 5790 credunt
912 5738 970 5791 nisi
985 5738 1041 5791 soli
1060 5738 1149 5793 alesti.
1186 5736 1259 5791 Ocn-
1285 5736 1457 5805 amplissime
1475 5736 1635 5800 defendere.
1659 5733 1715 5789 Sed
1736 5733 1810 5789 aliud
1827 5735 1895 5809 quid
1914 5736 2093 5808 reprehend'u

413 5817 497 5874 6611111
514 5816 661 5881 anchiua
676 5820 740 5877 libr.
759 5828 783 5878 2.
805 5823 841 5878 ds
864 5830 969 5879 ustura
988 5824 1042 5879 Dei
1066 5840 1091 5880 e.
1111 5830 1136 5880 6.
1154 5842 1181 5895 p.
1199 5828 1257 5882 121.
1283 5822 1394 5879 videtur
1411 5822 1495 5879 soen
1512 5821 1543 5876 in
1556 5821 1643 5892 Fero,
1664 5820 1735 5875 illud
1759 5820 1866 5877 seilicet
1888 5824 1964 5896 quod
1984 5824 2093 5884 dccaar
