4800 6659
957 527 1010 584 Dll
1027 525 1144 587 nome
1161 526 1357 586 ornemus.
1412 567 1414 574 ι
1943 538 2002 598 100

321 688 402 756 tatia,
431 693 465 741 ut
489 687 588 741 11111
606 685 722 756 justitia
747 684 881 739 debeatur
901 700 1018 748 moes,
1047 686 1098 738 sed
1115 699 1148 738 ec
1174 690 1291 755 propter
1314 682 1410 756 quam'
1423 686 1555 743 Noschns
1582 688 1612 742 ln
1639 684 1745 743 diluvio
1770 690 1896 742 serratus
1912 691 1941 742 et
1955 702 2006 757 per

320 776 379 830 sola
402 774 464 827 Dei
484 773 675 840 liberalitate).
711 770 778 842 Cap.
798 770 891 827 XVII.
909 776 938 826 et
956 770 1065 827 XVIII.
1085 787 1148 840 pro·
1174 786 1346 843 consequens
1369 789 1462 828 coram
1484 775 1545 829 Deo
1565 769 1743 845 justificatus.
1783 773 2005 843 Respondemus:

320 862 534 929 1111111111,
565 876 653 930 opera
679 860 751 912 bona
766 859 909 926 jastonem
928 874 987 911 esse
1003 856 1148 910 1111111111
1175 854 1505 927 (111.1,1.8.(1111111
1518 860 1647 916 Noacbus
1665 857 1802 914 inuenisse
1822 860 1944 928 ordiam
1960 876 2005 914 co·
2102 910 2115 936 x

320 964 350 1002 ee
371 948 528 1015 condiano,
551 965 608 1000 non
631 946 722 999 solnm
745 945 856 997 ratione
873 944 968 1013 pasti,
997 945 1049 997 sed
1066 944 1149 996 etium
1174 960 1238 995 ram
1266 945 1338 1000 Deo.
1374 944 1450 1016 Ergo
1474 963 1531 1001 non
1556 963 1669 1018 opernm
1692 964 1804 1002 suornm
1818 946 1929 1016 merito,
1954 945 2005 1002 sed

318 1034 428 1087 ratione
455 1050 569 1102 opernm
589 1031 703 1098 (fatetur
722 1035 826 1097 autem,
854 1046 910 1083 non
930 1029 1018 1084 solum
1036 1034 1149 1098 veteres,
1174 1028 1362 1085 misericordia
1379 1031 1433 1087 Dei
1450 1032 1487 1087 ad
1504 1033 1589 1087 vitam
1609 1038 1749 1089 aeternam
1771 1032 1825 1087 1111
1843 1037 2005 1103 acceptatus

318 1124 385 1191 pnta
404 1118 603 1187 Scholastioos,
623 1118 672 1172 sed
690 1123 718 1171 et
735 1116 900 1172 recentiores
918 1117 1064 1185 scriptores
1083 1132 1149 1186 pon·
1175 1121 1204 1169 et
1221 1115 1299 1170 Deus
1316 1133 1350 1171 ex
1368 1118 1557 1173 misericordia
1574 1120 1697 1191 gratuita
1714 1120 1750 1173 ad
1769 1120 1858 1190 ipsum
1875 1118 2003 1189 respexit.

317 1204 415 1260 tificios
444 1205 473 1260 in
500 1221 533 1260 eo
558 1222 614 1259 non
638 1203 803 1271 convenire).
848 1202 915 1272 Cap.
939 1201 1019 1255 XIX
1042 1202 1149 1269 statuit,
1175 1202 1305 1257 Noachus
1331 1220 1387 1258 non
1408 1203 1499 1260 minus
1526 1222 1610 1276 quam
1636 1206 1736 1278 reliqui
1757 1206 1845 1261 sancti
1869 1206 2005 1261 remissio·

319 1294 412 1346 Deum
440 1291 621 1345 remunerari
648 1306 735 1359 opera
765 1290 837 1343 hana
858 1306 945 1358 suipra
972 1288 1148 1356 condignum,
1175 1305 1239 1342 nem
1267 1296 1442 1360 peccatorum
1479 1290 1619 1346 humiliter
1645 1298 1740 1362 petere
1769 1308 1880 1347 neceas
1908 1291 2006 1348 hahuit

317 1378 366 1433 ubi
387 1377 492 1433 refellit
515 1376 655 1431 Andrsam
675 1376 784 1447 Vagam
808 1376 850 1444 (at
866 1375 889 1428 si
907 1373 1008 1430 DEUS
1025 1389 1150 1429 remune-
1175 1373 1277 1431 Psalm
1297 1367 1345 1442 32,
1364 1395 1389 1431 v.
1409 1383 1432 1433 a.
1466 1378 1586 1433 Proinde
1603 1378 1626 1431 si
1646 1378 1724 1433 Deus
1744 1378 1772 1431 in
1788 1377 1924 1448 judicium
1942 1396 2006 1434 cnm

318 1471 395 1520 ratur
411 1464 488 1519 bona
506 1479 590 1534 opera
608 1478 692 1533 supra
712 1462 893 1533 condignum,
913 1460 1050 1532 quomodo
1070 1467 1151 1515 erunt
1176 1459 1237 1531 ipso
1253 1461 1356 1518 intrare
1371 1462 1517 1528 voluisset,
1542 1479 1636 1518 coram
1661 1482 1693 1520 eo
1710 1464 1925 1537 haudquaquam
1943 1482 2006 1520 con-

317 1551 459 1606 meritoris
480 1566 514 1603 ex
540 1547 697 1619 condigno?
727 1547 756 1603 Si
773 1547 906 1619 gradibus
925 1547 1028 1619 gloriae
1046 1546 1075 1600 in
1093 1545 1150 1600 vita
1177 1547 2005 1621 11111111οωὶ11,Ρ11111.130,1.3.Ρ11111.14112.

319 1642 434 1691 aeterna
457 1635 531 1690 bona
548 1651 632 1704 opera
648 1634 722 1688 ultra
740 1634 908 1705 condignum
928 1637 1149 1702 compensantur,
1177 1634 1225 1688 sed
1249 1634 1391 1705 amplexus
1417 1641 1458 1691 est
1478 1653 1544 1692 vera
1567 1636 1623 1691 fids
1641 1637 1849 1710 promissionem
1868 1638 2006 1709 evangeli·

319 1723 458 1797 quomodo
476 1723 537 1793 ipsa
555 1722 612 1776 vita
629 1728 743 1777 aeterna
762 1739 795 1776 ex
813 1722 952 1792 condigno
969 1735 1083 1790 operum
1095 1736 1149 1774 me·
1176 1736 1237 1774 cam
1261 1721 1297 1774 de
1319 1721 1421 1778 semine
1443 1722 1566 1778 mulieris
1587 1724 1737 1779 contritura
1756 1729 1841 1793 caput
1859 1725 2007 1794 serpentis:

253 1816 279 1863 tt
319 1810 378 1864 ritis
397 1808 552 1875 (11111111).
590 1807 657 1878 Cap.
675 1807 741 1863 XX.
762 1807 841 1860 XXI.
860 1806 955 1862 XXII.
974 1805 1099 1875 disputat
1115 1805 1151 1861 de
1176 1805 1239 1861 ideo
1250 1808 1392 1876 justitiae,
1410 1825 1482 1878 quae
1499 1817 1539 1862 eet
1552 1827 1607 1879 per
1618 1811 1715 1878 fidem,
1734 1810 1815 1863 heres
1829 1813 1926 1876 faetus
1941 1811 2006 1865 scri·

252 1878 371 1961 131111,
395 1911 467 1967 quae
487 1895 591 1949 cadunt
613 1892 666 1947 snb
684 1893 797 1962 memte,
819 1898 847 1948 et
864 1892 978 1947 statuit:
1013 1896 1036 1945 1.
1059 1893 1150 1963 Vitam
1176 1894 1268 1957 bitur,
1303 1894 1390 1956 Hebr.
1409 1901 1453 1964 11,
1475 1915 1499 1952 r.
1519 1904 1544 1953 t.
1579 1896 1660 1952 Hanc
1682 1896 1765 1953 fidem
1783 1898 1895 1968 publice
1913 1915 1945 1952 11
1965 1915 2007 1952 so·

252 1974 285 2014 ¹¹⁰·
319 1991 463 2037 odmm
488 1981 572 2034 etiam
595 1982 691 2049 quoad
709 1981 829 2050 primum
849 1981 910 2049 ejus
928 1982 1049 2047 pradum
1066 1980 1153 2033 reddi
1177 1981 1295 2035 lenniter
1311 1981 1475 2037 testificatus
1494 1989 1550 2053 eet,
1567 1999 1630 2037 cum
1648 1999 1775 2055 egressus
1792 2000 1826 2039 ex
1845 2000 1910 2039 arca
1926 1984 2007 2040 affer·

320 2072 454 2124 bonosum
472 2086 586 2137 operum
608 2068 716 2120 meritis
742 2066 859 2135 (fatetur
883 2071 991 2132 antem,
1017 2066 1151 2137 quaedam
1178 2073 1220 2121 ret
1238 2066 1357 2123 Domino
1374 2066 1542 2136 holocausta
1560 2084 1632 2140 quae
1646 2069 1786 2123 Christum
1804 2070 2009 2126 adumbrabant

320 2174 352 2211 ex
380 2153 449 2225 ipsis
473 2152 625 2208 Pontificiis
656 2158 776 2207 statuere
807 2154 893 2207 vitam
927 2159 1066 2208 aeternam
1096 2167 1152 2206 non
1178 2157 1206 2205 et
1226 2152 1326 2222 quibus
1344 2154 1433 2208 sancti
1451 2155 1486 2210 V.
1505 2154 1537 2208 Τ.
1557 2154 1592 2210 (11
1611 2154 1767 2225 expiatione
1778 2173 1829 2225 per
1843 2156 2008 2213 sacrificium

320 2241 420 2296 eadere
449 2239 501 2293 sub
530 2238 673 2306 meritum,
700 2256 763 2293 cum
795 2238 930 2294 debeatur
958 2242 1022 2310 jure
1045 2238 1152 2293 heredi·
1178 2238 1279 2294 Christi
1296 2239 1392 2295 futura
1408 2242 1640 2310 admonebantur,
1668 2240 1738 2297 Gen.
1758 2248 1786 2305 8,
1806 2260 1833 2295 v.
1852 2247 1893 2297 20.
1926 2244 2007 2308 Quod

319 2328 385 2383 tatis
411 2326 538 2382 omnibus
567 2324 634 2379 DEI
656 2324 739 2393 filiis,
766 2325 819 2380 hoc
842 2327 902 2396 ipso
919 2326 994 2398 qnod
1014 2328 1080 2379 sunt
1098 2324 1152 2380 Dei
1179 2343 1245 2398 ergo
1268 2327 1303 2381 ds
1324 2328 1451 2398 patribus
1474 2328 1509 2385 V.
1532 2330 1565 2383 T.
1588 2330 1616 2383 in
1641 2346 1742 2401 genere
1767 2328 1933 2399 affirmetur,
1961 2348 2008 2386 eos

319 2414 381 2482 filii,
409 2425 482 2485 quae
505 2417 548 2466 est
565 2411 648 2465 111111
665 2417 760 2466 noema
778 2412 933 2478 sententia).
952 2417 953 2421 ’
970 2415 997 2468 2.
1020 2410 1151 2464 Gratiam
1178 2431 1227 2483 per
1256 2414 1375 2485 gratiam
1405 2414 1508 2469 Christi
1534 2414 1701 2485 justificatos
1730 2421 1758 2470 et
1786 2416 1905 2470 salvatos
1938 2433 2007 2487 esse,

313 2498 528 2571 justificationis
544 2517 599 2552 non
613 2515 698 2566 porse
716 2498 836 2551 obtineri
851 2515 938 2567 nemea
955 2514 988 2551 ea
1005 2498 1150 2562 condiano,
1178 2500 1249 2556 Gen.
1275 2507 1321 2567 15,
1344 2518 1370 2554 v.
1396 2506 1419 2555 6.
1445 2502 1508 2556 Act
1534 2508 1578 2565 15,
1597 2520 1623 2554 v.
1642 2502 1777 2556 1111111.
1796 2508 1868 2570 4‚v.
1887 2507 1911 2556 6.
1934 2502 2009 2558 idem

318 2604 406 2657 nequae
426 2603 459 2639 ea
477 2603 598 2653 conperto
616 2586 721 2639 meritis
739 2603 853 2654 operum
865 2586 935 2639 solis
945 2585 1029 2638 liberi
1039 2584 1154 2637 arbitrii
1178 2588 1261 2641 etiam
1283 2587 1318 2641 de
1341 2587 1440 2642 Noaho
1458 2587 1642 2642 statuendum.
1677 2586 1719 2641 Ac
1739 2587 1762 2640 si
1780 2587 1825 2641 sel
1843 2588 1961 2642 maxime
1979 2589 2008 2643 in

318 2675 424 2729 1111111
449 2675 621 2743 effectorum,
648 2673 689 2739 (et
713 2670 825 2741 quidam
844 2670 1008 2725 scholastici
1024 2670 1151 2725 meritum
1178 2672 1270 2728 verbis
1293 2690 1326 2728 ex
1349 2673 1448 2745 ldoyse
1471 2673 1562 2728 citatis
1580 2672 1690 2743 justitia
1709 2672 1853 2727 inhaerens
1871 2673 2009 2746 intelliga-

319 2762 353 2816 de
372 2776 497 2832 congruo
516 2758 620 2812 talibus
640 2758 769 2829 operibus
793 2757 893 2812 diserte
917 2758 1057 2825 tribuunt,
1081 2774 1151 2828 quos
1177 2766 1236 2829 tur,
1266 2760 1390 2815 nondum
1418 2766 1510 2814 tamen
1537 2760 1674 2831 sequitur,
1700 2758 1776 2830 quod
1797 2776 1848 2829 per
1871 2776 1931 2815 sam
1948 2761 2009 2816 Noe

320 2853 431 2902 secutus
456 2853 499 2901 est
517 2844 620 2899 Ruard.
643 2844 788 2922 Tappsrus
812 2843 905 2915 magni
923 2844 1041 2897 nominis
1060 2843 1152 2897 Ponti·
1180 2851 1341 2916 acceptatur
1360 2863 1378 2901 a
1395 2845 1455 2901 Deo
1475 2846 1511 2900 ad
1531 2846 1617 2900 vitam
1637 2852 1786 2914 aeternam,
1805 2846 1854 2900 sed
1868 2847 1942 2917 quod
1954 2845 2009 2902 fide

320 2933 410 3002 icius,
429 2930 610 2986 lovaniensis
626 2929 821 2989 cancellarius,
844 2946 924 3000 quem
942 2929 1048 3000 Caepar
1068 2929 1151 2984 Ossa-
1174 2932 1345 3002 justificatus
1365 2934 1394 2987 in
1412 2934 1579 2988 exsuuenda
1596 2949 1660 2986 arca
1677 2932 1738 2987 Deo
1755 2931 1905 3000 obedierit,
1925 2949 2008 3004 quam

321 3020 371 3075 lius
404 3018 550 3089 spiscopus
582 3016 750 3072 Leirinensis
782 3015 974 3087 pelagianismi
1004 3020 1152 3086 propterca
1178 3018 1363 3073 obedientiam
1381 3019 1459 3073 Deus
1485 3025 1593 3090 gratam
1607 3018 1741 3073 habuerit
1758 3034 1791 3071 ac
1809 3012 1943 3075 beneficio
1959 3020 2008 3075 illo

320 3107 458 3173 1111111),
478 3106 595 3157 eandem
613 3103 737 3171 oratiam
753 3120 810 3156 non
826 3101 946 3155 obtineri
961 3102 1068 3155 meritis
1088 3121 1152 3155 eon·
1177 3106 1321 3176 temporali
1353 3113 1542 3160 remuneratus
1572 3104 1664 3160 fuerit
1694 3111 1717 3160 2.
1742 3104 1813 3160 Gen.
1839 3111 1888 3175 22,
1915 3125 1940 3160 r.
1968 3102 2143 3163 11111·ιί

321 3192 507 3262 seqseentibus,
529 3195 582 3245 sed
603 3192 693 3245 solum
717 3206 749 3241 aa
768 3205 890 3257 congruo
910 3188 1018 3241 meritas
1036 3205 1151 3256 operum
1177 3191 1246 3245 dicit
1264 3189 1378 3261 angelus
1399 3190 1512 3245 Domini
1534 3192 1571 3246 ad
1588 3191 1791 3246 Abrahamum:
1823 3192 1897 3253 Quia
1907 3194 2009 3260 famati
2021 3154 2136 3249 iiidie

321 3297 353 3333 ea
363 3281 426 3349 fide
445 3285 472 3331 et
488 3278 596 3331 casilia
616 3276 697 3329 DEI
713 3275 833 3345 speciali
853 3275 1065 3344 procedentium
1085 3277 1151 3345 (qua
1176 3279 1249 3331 banc
1275 3295 1335 3331 reru
1363 3276 1427 3347 (hoc
1449 3281 1492 3332 cst
1516 3277 1581 3347 quia
1603 3276 1714 3330 voluisti
1737 3276 1878 3331 immolare
1897 3277 2007 3349 filium),
2020 3269 2076 3299 ‘⁶¹¹¹‘

322 3367 355 3420 de
380 3382 411 3420 re
440 3364 507 3437 quid
532 3363 708 3418 statuendum
731 3363 781 3431 sit,
807 3362 982 3432 exposuimus
1002 3378 1051 3415 suo
1071 3360 1150 3426 loco).
1173 3382 1228 3433 per
1245 3382 1289 3419 me
1306 3365 1397 3433 ipsum
1408 3365 1522 3434 jur-aei,
1547 3366 1625 3433 qread
1642 3364 1826 3417 benedicendo
1846 3365 2007 3418 benedicam

320 3458 345 3507 d.
370 3455 437 3507 Non
465 3467 550 3522 passa
582 3468 666 3503 unum
695 3450 781 3503 elteri
805 3467 838 3503 en
866 3449 1006 3516 eondipno
1029 3448 1151 3515 qratiam
1178 3453 1236 3505 titi.
1263 3452 1347 3523 Ergo
1369 3451 1529 3507 obedientia
1551 3450 1681 3505 Abrahae
1701 3449 1755 3505 tuit
1777 3451 1902 3505 meritum
1927 3449 2010 3506 bene·

319 3540 490 3611 promereri,
519 3540 570 3591 sed
598 3544 689 3590 tamen
719 3554 752 3590 eu
780 3555 911 3605 eonprua.
958 3540 981 3591 t.
1005 3536 1152 3589 Hominem
1179 3537 1308 3593 dictionis
1333 3555 1366 3593 ac
1385 3535 1573 3608 promissionis
1590 3538 1625 3590 dc
1642 3536 1751 3593 Messio.
1787 3536 2009 3607 Respondemus:

320 3629 426 3697 imum
455 3626 559 3679 maeri
584 3642 616 3677 ea
646 3625 785 3694 eondipna
814 3631 989 3691 coamentem
1012 3623 1152 3691 justitiae.
1179 3625 1331 3696 Apostolus
1360 3625 1439 3681 Rom.
1463 3631 1494 3691 4,
1521 3641 1548 3677 v.
1574 3630 1598 3680 2.
1625 3629 1653 3678 11
1679 3640 1755 3695 seqq.
1785 3623 1887 3679 diserte
1916 3631 2010 3696 negat,

322 3721 345 3767 5.
364 3713 584 3784 Reparationem
600 3720 665 3781 post
682 3713 794 3781 lapsum
812 3718 838 3763 et
853 3711 1089 3780 perseuerantiam
1107 3728 1153 3762 us·
1180 3713 1373 3765 Abrotonum
1400 3728 1432 3763 en
1455 3711 1587 3779 11111111
1611 3719 1706 3764 eoram
1730 3712 1793 3764 Deo
1819 3712 2011 3781 inutilitatum,
2101 3783 2103 3785 ³

323 3818 373 3872 que
394 3800 425 3853 in
436 3801 524 3869 finem
542 3817 597 3852 non
615 3800 718 3851 eadere
736 3799 785 3849 sub
803 3798 932 3850 meritum
950 3799 985 3850 de
1004 3797 1153 3865 eondipno,
1183 3798 1257 3869 quod
1276 3798 1367 3867 ipsum
1386 3812 1419 3849 er
1438 3801 1515 3850 textu
1532 3796 1654 3851 Massico
1674 3796 1817 3851 evidenter
1834 3796 2010 3867 comprobat:

324 3888 387 3941 bene
412 3895 504 3939 tamen
527 3900 560 3937 en
581 3901 704 3953 congruo
728 3884 937 3951 reparationem
959 3890 1025 3952 pest
1041 3884 1154 3953 lapsum
1182 3885 1313 3938 Credidit
1330 3884 1403 3936 enim
1420 3883 1564 3937 Abrohom
1586 3885 1658 3951 Deo,
1677 3892 1703 3936 et
1722 3884 1887 3952 imputatum
1907 3891 1946 3936 est
1964 3884 2011 3937 itte·

253 3972 426 4028 ttetmereri
441 3979 468 4024 et
487 3973 592 4023 donnum
611 3970 839 4038 pnseoerunn'ue
855 3969 988 4037 prestun
1007 3969 1156 4038 impetrari
1181 3973 1221 4023 od
1240 3971 1396 4039 justitiam,
1429 3968 1499 4025 Gen.
1521 3974 1565 4036 15,
1583 3987 1609 4023 v.
1629 3975 1653 4024 6.
1689 3968 1766 4023 Haec
1788 3986 1854 4040 ergo
1879 3969 2009 4023 dicuntur

319 4078 402 4131 posse
423 4061 464 4125 (st
483 4074 532 4110 cur
549 4073 603 4110 non
622 4060 651 4109 et
668 4055 774 4122 mereri,
791 4072 853 4109 cum
872 4070 905 4107 ex
923 4054 1071 4124 hypothesi
1091 4054 1154 4109 Bel·
1181 4057 1217 4110 ad
1236 4055 1424 4109 Abrahamum
1442 4072 1497 4108 non
1511 4054 1733 4123 justificandum,
1751 4054 1800 4108 sed
1816 4054 2009 4125 justificatum.

322 4145 431 4202 larmini
450 4144 537 4199 oratio
555 4143 591 4196 sit
607 4148 686 4195 actus
705 4140 814 4195 omnino
834 4140 1033 4209 messor-iustu
1053 4141 1081 4194 in
1094 4142 1153 4213 qui·
1180 4141 1328 4195 Promissis
1352 4142 1400 4194 illa
1416 4140 1575 4196 Abrahamo
1592 4142 1711 4210 repetita
1727 4141 1783 4194 duo
1800 4140 2009 4210 complectitur:

322 4236 374 4290 hus
397 4231 525 4286 omnibns
549 4228 617 4300 quid
640 4227 802 4299 probemus,
828 4228 872 4281 vel
893 4227 1093 4296 improbemus,
1121 4244 1153 4281 er
1181 4228 1437 4298 multiplicationem
1456 4227 1567 4281 seminis
1585 4233 1613 4281 et
1630 4226 1785 4281 missionem
1806 4226 1908 4281 Christi
1927 4244 1960 4281 er
1978 4243 2011 4282 eo

323 4318 549 4392 praecedentium
568 4315 787 4371 consideratione
808 4314 886 4368 nullo
903 4314 1016 4384 negotio
1035 4313 1154 4384 perspici
1180 4313 1327 4383 nascendi3
1355 4312 1499 4383 promissio
1524 4312 1559 4366 de
1579 4312 1681 4367 Massia
1704 4311 1758 4366 1111
1778 4313 1862 4382 plane
1880 4313 2011 4383 gratuita,

322 4413 423 4479 potest,
1181 4401 1247 4455 data
1267 4399 1339 4455 enim
1359 4406 1426 4467 erat,
1444 4405 1592 4468 antequam
1610 4397 1722 4452 Issacue
1742 4404 1913 4466 nasceretur,
1938 4398 2009 4454 Gen.

252 4511 310 4553 sou
360 4498 418 4550 132.
454 4490 531 4545 Η111
556 4496 633 4557 1111,
657 4504 728 4559 qnae
746 4505 796 4557 pro
817 4487 984 4542 stabilienda
1001 4488 1110 4558 justitia
1127 4494 1155 4543 et
1184 4485 1571 4553 12,’1,3.111.18,1.18.
1600 4499 1633 4538 11
1653 4484 1738 4555 igitur
1754 4490 1863 4538 tantum
1881 4484 2011 4540 hocloco

252 4575 277 4655 ξ’
324 4579 429 4636 meritis
447 4594 559 4648 operum
577 4575 691 4629 adduxit
700 4574 891 4642 Bellarminua,
909 4574 932 4628 si
950 4591 1021 4644 quas
1039 4575 1074 4628 ab
1093 4574 1154 4628 aliis
1180 4574 1315 4643 repetitur
1334 4579 1362 4626 et
1380 4571 1571 4634 confirmatur,
1591 4588 1643 4625 nec
1662 4571 1728 4625 data
1745 4570 1799 4625 1111
1816 4579 1930 4642 propter
1946 4571 2011 4626 ohe·

252 4669 302 4717 tte·
323 4665 478 4720 afferuntur
497 4664 653 4733 Scripturas
674 4661 762 4726 dicta,
786 4676 819 4714 ea
844 4659 926 4714 facile
945 4660 1075 4730 explicari
1093 4679 1153 4731 pos·
1181 4660 1314 4714 dientiam
1331 4658 1374 4713 vel
1391 4659 1466 4712 bona
1488 4673 1573 4726 opera
1590 4656 1736 4726 Abrahae,
1753 4658 1802 4713 sed
1821 4675 1855 4713 ex
1873 4659 1964 4730 gratia
1982 4664 2012 4713 ct

252 4731 400 4815 iissent,
428 4751 451 4805 si
481 4751 660 4804 amandantur
685 4747 828 4818 generales
852 4747 916 4801 illae
946 4748 1154 4817 responsionum
1181 4746 1368 4800 misericordia
1396 4745 1463 4798 DEI
1489 4745 1525 4799 ab
1553 4752 1664 4797 aeterno
1691 4744 1746 4798 fuit
1776 4745 1895 4799 decreta
1930 4746 2010 4800 Post·

252 4834 289 4915 ξω
323 4839 436 4901 classes,
466 4853 534 4908 quas
557 4835 592 4889 D.
617 4834 793 4889 Chemnicius
817 4841 888 4903 part.
912 4840 936 4889 3.
961 4834 1011 4887 loc.
1039 4850 1098 4904 cap.
1119 4835 1154 4888 de
1180 4849 1263 4904 quam
1284 4833 1369 4903 igitur
1386 4830 1594 4901 promissionem
1612 4830 1783 4900 spiritualem
1803 4831 1838 4885 de
1856 4832 1958 4886 hiensis
1975 4848 2009 4885 ex

255 4932 303 4968 ⁸2⁸·
323 4941 429 4997 argum.
451 4922 512 4976 adv.
531 4939 557 4992 p.
580 4925 635 4976 180.
656 4927 683 4974 et
701 4936 775 4991 seqq.
798 4920 954 4987 constituit,
981 4937 1096 4991 quarum
1115 4920 1154 4973 di·
1180 4919 1283 4973 semine
1304 4936 1354 4972 suo
1371 4918 1510 4972 nascituro
1527 4917 1703 4971 Abrahamus
1720 4916 1775 4973 fide
1792 4920 1902 4989 accepit
1920 4925 1948 4972 et
1965 4934 2010 4971 oo·

252 4990 307 5071 im.
321 5011 456 5083 ligantem
483 5014 510 5063 et
536 5006 660 5062 sedulam
688 5006 878 5076 repetitionem
906 5006 1007 5077 cuique
1030 5007 1153 5060 veritatis
1180 5023 1239 5059 ram
1257 5005 1333 5061 DEO
1353 5003 1521 5075 justificatus
1541 5009 1595 5071 est,
1620 5004 1729 5073 accepit
1752 5004 1835 5058 etiam
1857 5004 1928 5058 hanc
1948 5021 2010 5074 pro·

321 5098 447 5152 studioso
472 5095 554 5150 valde
579 5094 810 5149 commendemus.
846 5094 887 5150 Ut
909 5101 1002 5148 autem
1019 5094 1155 5148 concinna
1181 5093 1338 5147 missionem
1363 5092 1398 5145 de
1426 5090 1548 5159 praemio
1571 5090 1706 5144 bonorum
1732 5108 1845 5161 operum
1872 5107 1904 5144 11
1928 5090 2010 5144 simul
2023 5132 2042 5174 a
2056 5135 2111 5174 w.

321 5185 437 5238 istarum
464 5182 630 5236 solutionum
659 5180 809 5251 applicatio
834 5180 965 5250 exemplis
988 5180 1154 5251 quibusdam
1180 5180 1287 5233 audivit
1305 5178 1496 5247 repetitionem
1512 5177 1699 5248 promissionis
1717 5178 1752 5231 de
1765 5178 1873 5232 1111111.
1904 5182 1927 5232 3.
1942 5176 2010 5233 Les.
2023 5183 2059 5225 11.
2074 5187 2116 5226 ra-

321 5272 538 5336 demonstretur,
555 5284 745 5337 percurremus
763 5267 906 5332 brcvibus,
932 5284 1002 5337 quae
1023 5284 1056 5321 ex
1072 5267 1107 5322 V.
1127 5273 1155 5322 et
1184 5272 1222 5335 18,
1240 5284 1266 5319 r.
1287 5273 1316 5321 5:
1342 5266 1463 5318 Facitne
1481 5266 1556 5334 lepos
1574 5281 1650 5318 mooe
1667 5264 1855 5331 mantissis,
1875 5238 2136 5337 qnopsr-ffiiss,

320 5358 355 5411 N.
374 5356 408 5413 T.
428 5371 478 5426 pro
498 5354 663 5408 stabilienda
681 5369 795 5423 operum
816 5354 928 5423 justitie
950 5361 977 5408 et
997 5354 1099 5408 meritis
1117 5354 1153 5408 ab
1180 5354 1270 5407 tinent
1291 5352 1367 5405 dicta
1394 5351 1502 5419 onmia,
1527 5367 1599 5423 quae
1625 5351 1661 5405 de
1684 5349 1795 5420 justitia
1816 5350 1886 5420 legia
1913 5356 2008 5423 agunt.
2022 5342 2086 5431 :¹¹:¹⁶²
2099 5342 2122 5379 ¹¹¹
2149 5417 2153 5425 ι

252 5442 384 5499 ’.111111
407 5440 560 5496 Pontificiis
588 5438 768 5509 scriptoribus
795 5438 956 5495 afferuntur.
991 5440 1033 5493 Er
1057 5441 1092 5495 V.
1120 5441 1153 5496 T.
1180 5440 1390 5510 Respondemus
1415 5456 1465 5508 per
1481 5439 1699 5493 concessionem:
1734 5436 1860 5505 Iustitia,
1887 5452 1959 5508 qnae
1979 5436 2008 5491 iu
2022 5443 2083 5483 vnn.
2098 5440 2143 5483 ¹⁰2

252 5507 296 5603 {2¹⁷
302 5522 501 5600 ‘proferuntur
519 5526 588 5581 haec
608 5527 695 5580 dicta:
734 5525 839 5581 t.Gen.
859 5533 882 5588 l,
902 5543 928 5579 v.
952 5533 971 5581 1.
994 5526 1061 5581 dicit
1077 5526 1153 5581 Dsus
1180 5527 1243 5597 lege
1261 5523 1471 5596 praescribitur,
1501 5524 1611 5579 omnino
1630 5524 1694 5577 talis
1712 5528 1765 5586 est,
1789 5526 1823 5577 nt
1841 5522 1864 5576 si
1881 5522 1958 5576 illam
1977 5538 2011 5576 ea

252 5625 274 5655 Β
321 5616 357 5669 ad
376 5614 536 5670 Noschum:
567 5614 721 5683 Ingredere
746 5621 775 5666 tu
799 5622 824 5666 et
848 5620 907 5666 tata
933 5615 1031 5667 domna
1057 5622 1107 5666 tua
1123 5614 1153 5666 in
1180 5612 1365 5682 perfectione,
1393 5627 1463 5681 quac
1480 5611 1508 5664 in
1528 5611 1590 5682 lege
1607 5608 1819 5680 praescribitur,
1836 5609 1864 5663 in
1882 5609 1936 5663 hac
1953 5609 2012 5663 vita

252 5678 267 5708 Β
321 5720 436 5768 aream,
460 5701 528 5770 quia
553 5709 578 5753 te
601 5701 662 5753 eidi
678 5700 791 5769 justum
815 5718 910 5753 caram
928 5717 971 5753 me
991 5701 1020 5752 in
1038 5717 1153 5768 penmo—
1179 5704 1397 5769 praestaremus,
1422 5716 1472 5768 per
1488 5714 1548 5752 eam
1563 5694 1777 5767 justificaremur
1795 5702 1823 5751 et
1838 5696 2011 5763 viveremus3

320 5790 393 5846 11111
414 5787 489 5853 ido,·
516 5786 617 5859 quibus
644 5787 735 5842 verbis
761 5787 872 5842 ridetur
897 5803 981 5841 causa
1008 5786 1152 5859 assignari,
1180 5785 1227 5840 sed
1245 5783 1371 5861 Christus
1390 5789 1418 5839 et
1439 5781 1555 5853 apostoli
1579 5784 1730 5849 testantur,
1754 5784 1791 5836 ad
1813 5781 2009 5853 perfectionem
