4800 6659
947 514 1002 572 DE
1020 509 1136 572 BONIS
1152 509 1350 570 OPERIBUB·
1938 506 1996 581 'qq

313 676 428 734 rmore:
441 674 535 740 serti,
558 691 615 730 sas
634 674 780 728 auditores
803 679 911 726 ustum
932 671 1067 737 felleum
1089 685 1137 723 sos
1163 666 1224 720 tum
1242 666 1328 721 saba
1342 668 1481 735 sacam,
1498 685 1534 724 sa
1551 669 1689 739 diesim,
1705 684 1778 741 quas
1789 667 1909 725 etaim
1920 668 1998 723 side·

310 759 393 828 ipsos,
420 775 449 812 r.
467 766 517 817 ts:
541 762 610 831 quio
625 761 653 813 ss'
669 760 732 829 φὰν
749 760 865 814 aaddor
883 766 924 813 est
942 758 1021 812 serbi
1037 764 1063 812 et
1080 774 1136 811 non
1164 754 1265 808 buntor
1282 756 1323 808 ad
1338 754 1499 810 Mtandos
1517 756 1642 811 lemnes
1660 758 1702 811 ad
1717 773 1805 826 opera
1823 756 1904 811 bosa

278 894 280 896 ,
307 847 413 914 foetor,
450 845 497 898 hic
524 846 732 917 comparabitur
759 846 821 899 uiro
854 844 1048 899 consideranti
1077 841 1136 896 sot·
1197 845 1240 895 61.
1273 839 1378 904 Quinta
1403 840 1499 897 classis
1526 848 1752 914 argumentorum
1778 843 1867 913 petita
1891 849 1936 897 est
1962 844 2120 898 extimi·

307 939 356 984 tom
380 937 449 999 etc‚;
479 948 505 988 r.
530 938 576 989 tt:
606 932 657 1001 qui
684 939 775 985 autem
794 931 970 1001 perspsssrit
994 931 1024 985 is
1049 930 1136 999 lepem
1162 926 1284 997 quadarn
1301 927 1520 994 ratiocinatione,
1539 945 1623 1001 quam
1639 929 1692 985 hoc
1710 930 1793 985 modo
1810 908 2062 986 Bonaminust‘·

305 1015 442 1070 umnam
460 1018 618 1086 perfectam
641 1027 668 1072 st
679 1020 872 1088 permanserit
890 1019 920 1074 ie
939 1034 987 1087 ea,
1014 1034 1071 1071 seu
1087 1034 1136 1069 aa·
1161 1011 1278 1068 format:
1307 1014 1342 1068 Si
1364 1017 1438 1079 fides
1456 1016 1521 1070 sota
1540 1017 1666 1070 salvaret
1683 1024 1709 1070 et
1725 1033 1814 1085 opera
1833 1034 1889 1070 non
1907 1024 1997 1071 essem
2043 1077 2046 1082 ,

304 1105 379 1158 ditor
406 1102 573 1173 obliniatur,
599 1108 651 1159 sed
670 1107 769 1171 faetor
792 1106 899 1176 operis,
926 1106 971 1160 hic
995 1105 1089 1158 heom
1106 1102 1137 1154 ia
1162 1100 1322 1154 sesmaria
1347 1101 1404 1154 uisi
1435 1102 1545 1156 scaone
1570 1101 1753 1171 praesentias
1780 1111 1811 1155 ut
1837 1104 1949 1165 frosm
1971 1110 1998 1157 st

300 1192 380 1253 facto
410 1206 462 1242 suo
492 1189 554 1242 erit.
598 1188 673 1245 Nihil
702 1208 768 1263 ergo
795 1191 872 1246 aliud
900 1208 934 1246 ex
960 1189 1012 1245 hoc
1036 1186 1137 1244 Jacobi
1161 1186 1245 1255 siem
1255 1188 1339 1254 fidei,
1355 1196 1526 1258 seqwstar,
1545 1190 1631 1254 fidem
1648 1187 1762 1241 sulcare
1777 1205 1868 1258 posse,
1886 1187 2000 1243 etiam&

301 1275 376 1331 dicto
404 1276 468 1330 elici
492 1282 598 1347 potest,
622 1293 704 1347 quam
729 1278 803 1350 quod
828 1295 892 1333 rere
917 1277 956 1348 pii
977 1283 1004 1332 et
1022 1276 1137 1331 credant
1162 1280 1270 1326 careret
1301 1274 1379 1327 omui
1401 1274 1472 1328 bosso
1500 1291 1586 1343 opere
1612 1281 1638 1329 st
1655 1276 1807 1343 conjuncta
1823 1283 1893 1329 esset
1910 1276 1999 1329 omui

298 1360 448 1433 evangelio
466 1368 497 1416 et
517 1360 647 1432 operibus
663 1364 745 1433 juxta
758 1364 827 1435 legis
839 1364 1042 1435 praescriptum
1055 1361 1137 1417 factis
1163 1360 1212 1412 bue
1229 1359 1306 1414 sitiit
1325 1368 1351 1414 et
1364 1361 1500 1429 peccatis
1529 1360 1707 1431 Comequens
1725 1360 1893 1429 estsalsum.
1918 1363 1999 1430 Erae

298 1447 384 1502 fidem
403 1464 484 1502 susm
501 1454 647 1506 testentirr.
682 1447 758 1521 Er30
780 1451 855 1505 bona
875 1467 960 1523 opera
976 1449 1136 1505 relationem
1163 1453 1189 1498 st
1209 1447 1386 1503 succedens.
1419 1446 1645 1518 Respondemus:
1672 1447 1797 1518 ejusdem
1821 1447 1930 1519 geneis
1955 1465 1999 1502 so-

297 1534 404 1590 hsbent
427 1552 483 1589 non
509 1534 547 1588 sd
566 1534 768 1590 beatitudinem
786 1535 904 1591 hominis
922 1542 1055 1608 tauquam
1073 1552 1137 1590 cau·
1163 1530 1273 1603 phisma
1298 1532 1468 1588 excussimus
1495 1532 1525 1587 in
1542 1539 1653 1591 tractu.
1675 1534 1711 1589 de
1726 1532 1870 1604 justificat
1890 1530 1918 1608 g.
1941 1539 1999 1591 ut.

297 1637 347 1676 sae
363 1620 401 1676 sd
419 1620 564 1686 effectum,
588 1620 637 1676 sed
663 1621 700 1675 ad
718 1621 855 1677 hominem
872 1622 985 1678 beatum
1003 1627 1136 1694 tanquam
1163 1618 1316 1674 Videamus
1340 1627 1447 1687 tamen,
1471 1622 1539 1692 quid
1558 1638 1608 1692 pro
1626 1620 1814 1677 confirmanda
1831 1620 2000 1678 connexione

297 1707 435 1779 adjuncta
452 1708 489 1763 ed
509 1706 673 1779 subjectum.
1163 1706 1368 1776 propositionis,
1388 1723 1473 1778 quam
1485 1707 1603 1762 dicimus
1617 1724 1678 1764 esse
1689 1707 1874 1776 fslsmsimam,
1891 1706 1999 1761 Beller-

232 1803 272 1841 ss·
339 1800 380 1852 60.
415 1794 551 1859 Quartam
569 1799 794 1865 argumentorum
812 1796 936 1865 classem,
954 1794 1055 1867 quibus
1073 1809 1137 1864 ope·
1163 1792 1255 1847 minus
1277 1793 1330 1849 hoc
1354 1793 1415 1849 loco
1439 1793 1552 1850 afferat:
1579 1796 1675 1865 Opera
1695 1793 1809 1866 (inquit)
1833 1812 1890 1848 sou
1905 1795 1999 1863 requi·

232 1864 270 1893 un.
299 1900 364 1936 rum
386 1881 582 1937 necessitatem
606 1881 643 1936 ad
666 1882 784 1937 salutem
807 1882 920 1954 probet,
945 1882 1016 1952 petit
1032 1880 1136 1936 Bellar·
1162 1888 1265 1933 rantur
1285 1881 1315 1934 in
1333 1888 1401 1934 actu
1419 1882 1555 1935 salvandi
1570 1882 1628 1935 uisi
1642 1898 1699 1952 per
1716 1882 1863 1950 accidens,
1889 1881 1999 1938 nullasu

299 1968 392 2023 minus
421 1983 454 2022 en
480 1969 635 2022 mediceae
659 1971 864 2033 ecclesiastica,
891 1968 940 2023 ubi
958 1968 1047 2039 primo
1065 1983 1138 2020 com·
1164 1967 1238 2019 esim
1255 1967 1320 2037 ipsa
1338 1968 1393 2021 vim
1411 1962 1546 2022 solvau‘di
1561 1969 1673 2037 batem,
1699 1986 1788 2039 sequte
1804 1969 2001 2036 Mdurtfidsi

298 2062 383 2126 parat
410 2060 533 2109 noscam
558 2055 712 2110 doctrinam
730 2073 794 2110 cum
811 2054 1035 2127 profligatissime
1052 2054 1138 2109 Simo·
1163 2070 1252 2122 nsque
1269 2054 1372 2108 tollunt
1389 2072 1408 2107 a
1420 2056 1482 2124 fids
1498 2056 1570 2123 vim,
1594 2074 1678 2126 ptam
1699 2056 1781 2109 babet
1797 2054 1944 2118 salvandi,
1969 2062 2000 2108 at

298 2142 447 2196 nianorum
462 2147 493 2195 et
510 2140 746 2197 Eunomiauorum
765 2143 886 2206 haeresi,
914 2141 960 2197 cui
984 2140 1139 2195 calumniae
1164 2141 1328 2194 adversarii
1352 2144 1534 2211 contendunt,
1558 2143 1647 2211 ipitw
1664 2143 1743 2196 bousb
1763 2142 1893 2211 operibus
1912 2142 2000 2196 osuri-

298 2228 487 2285 satisfecimus
512 2229 639 2299 superius
666 2226 693 2304 §.
717 2236 758 2285 lt.
794 2229 905 2285 Deinde
927 2228 1033 2299 profert
1051 2228 1139 2298 ⁸sario
1164 2227 1214 2280 bos
1232 2227 1351 2281 mblau's
1369 2229 1607 2283 odbocsolooret.
1627 2228 1851 2300 Respondemus:
1870 2228 2000 2299 putidum

293 2316 524 2386 percursatum,
550 2315 651 2387 quibus
669 2322 775 2387 negant
792 2316 876 2371 fidem
894 2316 1023 2371 sufficere
1041 2316 1078 2369 ad
1096 2331 1138 2369 sa·
1163 2313 1217 2369 hoc
1234 2314 1374 2385 sophisma
1390 2315 1471 2370 toties
1492 2315 1640 2385 repetitum
1659 2322 1688 2369 et
1709 2315 1880 2370 inculcatum
1903 2331 1999 2386 proce·

298 2402 710 2473 lntem,nisiaccedantopera.
738 2404 960 2474 Respondemus:
975 2403 1137 2468 leuando·
1165 2400 1207 2455 dit
1230 2418 1264 2456 ex
1286 2401 1359 2456 falsa
1383 2400 1544 2473 hypothesi,
1572 2402 1647 2472 quod
1665 2400 1734 2456 fides
1749 2418 1816 2457 vera
1832 2402 1921 2473 possit
1939 2418 2000 2459 esse

300 2506 413 2561 cunque
434 2496 528 2560 patres
548 2487 632 2543 fidem
656 2490 715 2545 sine
732 2491 862 2561 operibus
880 2490 1008 2544 sufficere
1024 2496 1137 2559 negant,
1164 2488 1224 2542 siue
1241 2487 1321 2543 bonis
1339 2487 1479 2559 operibus,
1498 2488 1565 2559 quin
1586 2487 1670 2541 etiam
1688 2504 1751 2542 cnm
1765 2488 1844 2543 malis
1858 2487 1998 2559 operibns,

299 2577 455 2649 loquuntur
474 2573 581 2630 deiide
599 2575 643 2631 sel
661 2575 802 2631 haeretica
822 2584 850 2632 et
867 2576 946 2645 falsa,
967 2577 1012 2631 vel
1030 2581 1138 2630 memus
1163 2572 1216 2627 hoc
1235 2581 1277 2629 est
1294 2590 1357 2629 cum
1373 2575 1496 2645 peccatis
1514 2580 1611 2630 contra
1629 2573 1825 2629 conscientiam
1840 2576 1998 2645 conjuncta,

299 2670 329 2720 et
346 2663 442 2726 inani,
461 2662 506 2717 rel
525 2662 657 2716 historica
674 2663 763 2717 solum
783 2664 894 2728 notitia,
914 2663 958 2717 rel
979 2662 1055 2717 nuda
1071 2661 1137 2716 fidei
1163 2662 1244 2732 cujus
1261 2662 1429 2716 contrarium
1447 2679 1497 2716 suo
1515 2661 1577 2717 loco
1594 2660 1799 2717 evidentissime
1819 2661 1997 2717 ostendimus.

248 2788 255 2796 -
299 2749 488 2822 professione;
512 2764 562 2802 nos
587 2755 679 2805 autem
705 2749 816 2820 quando
837 2765 901 2803 cum
924 2748 1050 2820 apostolo
1069 2748 1137 2803 dici·
1164 2746 1311 2818 Duplicem
1330 2749 1471 2816 ἐνέργειαν
1490 2747 1556 2804 fidei
1575 2746 1730 2817 tribuimus,
1742 2748 1891 2803 iormalem
1907 2766 1999 2818 unam,

300 2854 371 2904 mus,
381 2836 447 2905 fide
460 2835 619 2905 justificari
635 2836 773 2888 bominem
791 2836 893 2904 absque
913 2835 1044 2905 operibus
1059 2836 1137 2903 lepte
1163 2850 1220 2904 qua
1236 2834 1348 2905 respicit
1368 2833 1524 2904 Christum,
1552 2851 1635 2906 quem
1652 2833 1847 2906 apprehendit,
1869 2840 1946 2890 tenet
1964 2851 1999 2891 ac

299 2922 384 2977 fidem
405 2919 589 2993 intelligimus
612 2937 706 2976 veram
730 2926 759 2976 et
775 2921 880 2984 vivam,
904 2938 976 2991 quae
999 2938 1050 2992 per
1069 2920 1137 2975 cari-
1163 2920 1300 2990 possidet,
1328 2922 1364 2976 ad
1394 2921 1466 2976 hanc
1493 2920 1559 2977 fidei
1585 2923 1728 2994 ἐνέργειαν
1753 2938 1808 2977 non
1832 2928 2016 2988 concurrunt⁴

299 3015 386 3065 tatem
404 3013 433 3063 et
451 3006 540 3062 omnis
560 3008 670 3079 generis
690 3008 764 3062 bona
781 3024 867 3079 opera
884 3007 983 3063 efficax
1003 3013 1055 3076 est,
1072 3007 1137 3063 lieet
1163 3023 1256 3077 opera,
1275 3008 1324 3062 sed
1343 3004 1404 3062 sola
1422 3007 1492 3063 fides
1509 3008 1539 3061 in
1556 3024 1590 3063 ea
1608 3009 1683 3080 agit,
1701 3007 1857 3063 effectivam
1875 3009 1999 3080 altemm,

301 3111 336 3150 ea
352 3096 382 3149 in
398 3093 607 3165 justificationis
625 3100 718 3151 actum
736 3111 791 3149 non
810 3094 957 3150 adsciscat.
982 3100 1006 3150 2.
1019 3094 1137 3160 Quando
1163 3110 1221 3165 qua
1248 3094 1362 3163 respicit
1390 3094 1560 3165 proximum,
1589 3094 1635 3149 cui
1659 3094 1835 3151 dilectionem
1857 3101 1887 3150 et
1911 3097 2000 3151 omnis

301 3187 409 3238 veteres
432 3180 499 3236 fidei
517 3188 545 3236 et
564 3180 699 3235 bonorum
718 3198 833 3253 operum
850 3182 1074 3253 conjunctionem
1092 3198 1137 3235 ur-
1162 3179 1273 3250 generis
1296 3179 1388 3235 officia
1412 3180 1555 3251 impendit
1592 3180 1724 3246 Quamvis
1749 3180 1835 3253 igitur
1851 3181 1920 3237 tides
1940 3182 2000 3237 sola

302 3272 383 3341 gent,
408 3283 586 3339 nequaquam
603 3267 656 3323 hoc
675 3267 784 3332 volunt,
808 3268 883 3340 quod
909 3268 978 3323 fides
1002 3274 1031 3323 et
1053 3284 1138 3339 opera
1159 3265 1295 3337 justificet
1313 3272 1342 3323 et
1358 3267 1456 3337 salvet,
1475 3284 1618 3340 nunquam
1635 3273 1730 3323 umen
1748 3275 1791 3324 est
1806 3268 1874 3334 sola,
1892 3268 1945 3324 hoe
1956 3276 1999 3326 est

303 3354 401 3411 eodem
429 3354 511 3409 modo
537 3369 597 3409 sese
621 3354 743 3411 habeant
765 3355 955 3427 adjustitiam
975 3361 1003 3411 et
1020 3356 1137 3411 sulutem
1164 3372 1181 3409 a
1206 3354 1287 3411 bonis
1310 3354 1439 3424 operibus
1465 3361 1601 3426 separatu
1637 3355 1768 3411 Vicissim
1790 3355 1916 3428 quamvis
1933 3372 2000 3412 rera

305 3441 397 3513 (eujus
420 3441 587 3497 conmarium
609 3448 700 3497 exstat
716 3443 745 3496 in
763 3443 818 3497 illis
837 3443 932 3513 dictis,
959 3443 1062 3515 quibus
1078 3443 1138 3497 sola
1162 3441 1233 3496 fides
1250 3458 1306 3497 non
1326 3442 1363 3495 sit
1382 3458 1400 3496 e
1418 3440 1498 3496 bonis
1517 3441 1647 3512 operibus
1667 3448 1804 3513 separata,
1823 3459 1999 3515 nequaquam

306 3526 362 3584 fide
379 3527 516 3584 hominem
533 3526 682 3599 justificari
699 3537 727 3584 et
743 3529 844 3585 salvari
860 3530 1003 3586 nobiscum
1017 3546 1138 3599 pronun·
1162 3535 1257 3583 tamen
1275 3545 1308 3583 ex
1325 3544 1358 3582 eo
1376 3528 1510 3601 seqnitur,
1529 3529 1604 3600 quod
1621 3545 1678 3583 una
1695 3545 1758 3583 cum
1777 3529 1857 3587 honis
1868 3530 2000 3600 operibus

305 3615 397 3684 liant),
410 3615 594 3670 sednaturam
603 3615 757 3671 veraefidei
767 3616 936 3687 describunt,
949 3633 1021 3688 quae
1033 3617 1137 3671 abonis
1159 3614 1296 3687 justificet
1321 3622 1350 3672 et
1375 3616 1478 3685 salvet,
1498 3617 1594 3671 multa
1621 3616 1694 3672 enim
1718 3624 1784 3672 sunt
1803 3617 1897 3685 simul,
1926 3633 1999 3689 quac

305 3702 436 3777 operibus
455 3706 586 3772 tanquam
604 3702 724 3772 propriis
741 3709 769 3757 et
785 3703 946 3758 necessariis
965 3704 1022 3758 suis
1042 3703 1136 3757 fructi·
1162 3710 1255 3757 umen
1279 3703 1316 3757 ad
1340 3721 1426 3757 unum
1450 3703 1625 3775 eundemque
1642 3702 1773 3758 effectum
1790 3703 1999 3775 producendum

304 3788 355 3843 bus
380 3788 502 3857 κριταὶ
525 3804 577 3842 nec
602 3788 690 3858 possit
707 3805 758 3843 nec
776 3788 885 3844 debeat
920 3795 946 3843 3.
965 3789 1052 3844 Aliud
1069 3806 1136 3860 ergo
1162 3806 1217 3844 uon
1244 3796 1425 3858 concurrunt,
1454 3796 1486 3845 ut
1512 3789 1619 3864 aliquot
1643 3790 1774 3860 exemptis
1801 3789 1928 3861 superius
1952 3791 1998 3846 de·

303 3880 346 3928 est
365 3881 496 3941 statuere,
512 3873 587 3945 qnod
606 3874 681 3929 bona
701 3891 787 3946 opera
805 3876 1035 3941 sintnecessuria,
1058 3876 1135 3931 aliud
1161 3880 1343 3930 monstratum
1373 3876 1435 3932 suit.
1484 3876 1565 3941 Quod
1596 3891 1663 3947 ergo
1692 3877 1877 3932 Bellarminus
1906 3877 1998 3947 infert,

304 3974 374 4029 vero,
394 3959 470 4031 quod
491 3960 546 4015 sint
564 3963 720 4016 necessaria
737 3963 773 4016 ad
792 3961 917 4018 sulutem.
953 3963 1136 4035 Nequaquam
1162 3964 1234 4017 bosa
1254 3980 1340 4031 opera
1357 3981 1414 4018 uon
1432 3963 1533 4017 babeat
1550 3964 1606 4017 sim
1622 3963 1769 4032 salvandi,
1797 3980 1847 4016 nec
1865 3981 1927 4018 sam
1945 3966 1997 4018 ad-

308 4042 442 4111 ducemus,
461 4046 535 4117 quod
553 4048 728 4102 medentibus
746 4068 802 4104 reon
817 4050 1059 4119 absitquorumois
1070 4067 1135 4119 per·
1162 4051 1232 4102 dunt
1249 4050 1294 4103 ael
1310 4050 1440 4103 adimunt
1456 4048 1546 4117 fidei,
1583 4066 1649 4117 erpo
1673 4049 1792 4101 wbtatis
1809 4049 1888 4103 bonis
1907 4050 1997 4120 operi·

304 4132 421 4197 paratio
446 4139 474 4185 et
497 4135 709 4202 perseuerantia
736 4136 902 4189 delictorum
923 4136 1006 4205 (sicut
1028 4136 1057 4190 in
1082 4136 1135 4191 hoc
1162 4137 1212 4188 bus
1229 4136 1302 4199 fides
1320 4136 1413 4189 adbuc
1432 4135 1531 4203 solvat,
1551 4134 1580 4188 id
1596 4139 1696 4205 peccat
1714 4140 1812 4190 contra
1827 4135 1905 4208 leges
1915 4153 1997 4193 verae

310 4212 397 4285 capite
419 4218 602 4274 Bellurminus
629 4221 710 4276 uobis
735 4222 910 4293 impudenter
935 4222 1060 4291 tribuit),
1085 4223 1135 4277 sed
1161 4221 1385 4292 consequentiae,
1403 4237 1467 4275 cum
1484 4236 1655 4291 consequens
1667 4221 1731 4291 plus
1744 4221 1901 4290 concludat,
1913 4239 1998 4294 quam
2115 4284 2119 4291 ,

310 4317 398 4355 veram
419 4300 503 4360 fidem
523 4322 585 4360 cum
604 4309 726 4377 peccatis
742 4316 839 4363 contra
857 4309 1052 4364 conscientiam
1072 4327 1136 4366 con·
1161 4308 1326 4364 antecedens
1345 4307 1488 4380 permittit,
1508 4306 1538 4361 id
1557 4307 1630 4361 enim
1648 4311 1759 4362 tuntum
1776 4308 1910 4380 sequitur,
1930 4327 1997 4383 ergo

311 4386 401 4442 sistere
422 4385 530 4439 queret„
552 4393 642 4448 verbis
667 4410 818 4465 negamus,
844 4396 961 4450 undem
985 4412 1050 4450 vero
1073 4414 1135 4451 cum
1161 4396 1238 4450 hona
1262 4411 1346 4466 opera
1372 4411 1428 4448 non
1454 4393 1537 4448 simul
1562 4409 1624 4448 cum
1645 4392 1701 4448 fide
1721 4393 1878 4464 justificant
1899 4402 1928 4452 et
1945 4398 1997 4453 sal·

312 4472 385 4528 bonis
409 4468 538 4542 operibat
564 4468 704 4535 inubiduo
728 4498 801 4542 nexu
819 4485 995 4554 conjunctam
1016 4499 1075 4538 esse
1094 4483 1136 4536 di·
1161 4488 1242 4546 sant,
1264 4479 1314 4536 sed
1330 4480 1382 4535 hoc
1403 4479 1455 4534 soli
1473 4479 1539 4534 fidei
1557 4479 1777 4551 relinquendum.
1813 4483 1996 4555 Nequaquam

313 4560 401 4614 cimm-
437 4554 629 4611 Nefflfflium
653 4571 719 4625 ⁰¹8⁰
743 4585 776 4622 uc
800 4568 955 4623 necessario
978 4569 1135 4640 urgendum
1160 4584 1227 4623 vcro
1255 4567 1351 4622 inferri
1382 4572 1487 4638 potest:
1517 4583 1584 4638 ergo
1613 4564 1730 4621 sublatis
1761 4567 1840 4624 bonis
1868 4570 1997 4641 operibus

313 4662 367 4701 ute
384 4643 498 4699 dicim
518 4641 652 4695 b⁰1¹⁰f¹¹¹¹¹
672 4655 784 4708 ⁰P0r¹¹m
804 4654 926 4708 audium
945 4662 1058 4726 propter
1071 4671 1135 4709 cau·
1160 4655 1230 4711 fides
1255 4655 1346 4710 adhuc
1371 4654 1474 4719 salvat,
1499 4655 1565 4725 quia
1583 4654 1700 4709 sublatis
1718 4656 1764 4710 vel
1779 4658 1889 4729 negatis
1909 4658 1997 4730 operi-

314 4750 353 4787 Μ
377 4728 530 4800 fflmplm'ffl
558 4726 684 4796 ΜΡΘΥῙΠΒ
709 4738 895 4802 emmim,
922 4741 962 4796 ita
985 4749 1076 4796 tamen
1104 4747 1136 4796 ut
1161 4743 1214 4798 bus
1233 4742 1312 4797 bonis
1330 4740 1437 4796 tollitur
1455 4742 1500 4795 vel
1517 4746 1635 4811 negatm
1654 4740 1716 4812 ipsa
1733 4741 1818 4813 fides,
1843 4744 1907 4798 talis
1925 4744 1997 4799 enim

315 4815 423 4873 &⁰³1⁰
442 4815 477 4869 ‘³⁰
491 4812 690 4885 j¹¹⁸ffifi⁰⁸fi⁰¹¹⁰
708 4828 758 4865 ⁸¹¹⁸
775 4822 882 4867 effluit*
895 4819 1048 4888 integrm,
1071 4836 1093 4885 4.
1105 4828 1135 4883 si
1160 4829 1231 4885 tides
1255 4835 1297 4884 est
1321 4834 1429 4882 mortua
1452 4833 1480 4881 et
1499 4827 1581 4882 inane
1601 4826 1792 4894 simulacrum,
1818 4836 1862 4885 est
1880 4831 1998 4886 cadaver

317 4906 376 4977 quid
397 4901 549 4973 imitemiu‘
573 4900 607 4953 ‘1⁰
633 4897 712 4953 ΜΒ
736 4896 863 4968 ⁰Pffl⁸b¹¹⁸
885 4903 924 4967 Pii
943 4911 1049 4962 veteres
1072 4933 1134 4978 pro·
1162 4916 1303 4988 quoddam
1331 4913 1408 4981 fidei,
1440 4930 1495 4967 non
1518 4920 1611 4969 autem
1635 4932 1701 4993 pera
1728 4921 1757 4970 et
1779 4915 1903 4972 salvifica
1918 4916 1996 4972 tides.

317 4988 451 5053 nmamt,
480 4987 636 5042 noverim
666 5002 711 5040 0⁰⁸
739 4984 767 5037 in
793 4982 911 5036 h⁰mllfi⁸
942 4992 974 5038 ud
1003 4995 1136 5065 populum
1163 5000 1217 5067 At,
1246 5001 1337 5073 iuquit
1368 5000 1566 5070 Bellarminus,
1594 5002 1703 5070 sufficit
1729 5003 1771 5055 od
1795 5003 1997 5073 hypotheticam

232 5083 273 5125 llll.
282 5072 420 5141 limari,
435 5069 498 5123 ideo
516 5086 578 5126 cum
587 5072 719 5136 viderent,
737 5071 869 5125 bonorum
887 5086 1001 5140 Operum
1015 5081 1138 5129 Stadium
1159 5087 1382 5156 propopitiongm
1403 5090 1594 5154 menendum,
1618 5089 1702 5152 fidem
1723 5089 1783 5141 qim
1801 5091 1931 5159 wop-ihm
1950 5089 1996 5143 bo.

317 5159 384 5230 opud
414 5156 562 5228 plerosque
592 5159 754 5230 frigescere,
783 5157 973 5213 necessitatem
1003 5161 1137 5215 bonorum
1163 5165 1208 5215 uis
1228 5162 1350 5229 intetttqs'
1364 5183 1448 5232 posse
1465 5181 1548 5242 atquc
1566 5173 1601 5226 ab
1618 5174 1674 5242 sis,
1699 5174 1727 5227 si
1747 5192 1802 5228 nou
1826 5192 1871 5244 re,
1897 5175 1996 5229 saltem

313 5261 424 5316 operum
440 5258 473 5297 ac
491 5245 652 5312 perpetuam
674 5244 822 5298 eorundem
840 5260 902 5297 cum
921 5243 976 5299 fide
994 5246 1137 5302 connexio·
1162 5249 1273 5301 ratione
1291 5248 1432 5316 separari,
1452 5261 1529 5316 quoa
1546 5275 1581 5303 m
1594 5260 1757 5314 adversarii
1769 5262 1881 5331 quidem
1893 5277 1997 5328 mm

314 5350 373 5388 nem
396 5328 494 5384 merito
518 5336 656 5396 umerunt,
681 5329 844 5400 quandoque
870 5331 953 5386 etiam
979 5331 1138 5387 rhetoricati
1160 5334 1276 5405 possint.
1317 5333 1541 5404 Respondemus:
1572 5334 1738 5395 Dianoetics
1769 5344 1817 5396 illa
1846 5345 1996 5401 abstractio

314 5415 464 5474 immodicis
490 5411 619 5468 laudibus
637 5414 730 5469 sudem
748 5415 908 5473 extulerunt.
944 5419 1138 5490 Recognoscst
1161 5437 1219 5474 non
1236 5418 1364 5475 immutat
1378 5419 1418 5475 rei
1434 5428 1571 5489 naturam,
1592 5422 1642 5476 sed
1659 5423 1796 5480 distinctis
1814 5430 1995 5501 conceptibus

315 5502 496 5562 Bellarminus
524 5516 574 5554 sua
594 5495 675 5555 verbs
696 5500 745 5556 lib.
766 5507 789 5557 2.
814 5502 844 5557 de
868 5509 938 5575 grat.
961 5510 989 5560 et
1010 5505 1057 5562 lib.
1078 5506 1137 5561 urb.
1161 5505 1347 5577 apprehendit
1369 5522 1416 5576 ea,
1442 5523 1514 5579 quae
1537 5507 1609 5564 inter
1626 5527 1656 5565 se
1674 5518 1738 5566 sunt
1755 5518 1784 5567 et
1799 5522 1912 5570 manent
1933 5534 1999 5589 per:

315 5611 372 5665 esp.
394 5595 434 5646 lt.
458 5605 529 5658 resp.
555 5585 590 5639 ad
615 5589 644 5639 ³:
672 5590 771 5642 Patres
794 5592 952 5659 (asserentes
971 5591 1062 5647 Deum
1083 5593 1137 5649 ele·
1161 5600 1246 5664 petuo
1277 5594 1437 5664 conjuncta,
1469 5607 1645 5668 nequaquam
1670 5597 1756 5668 igitur
1783 5615 1816 5655 ex
1843 5618 1877 5657 ea
1900 5604 1996 5661 inferri

316 5681 387 5752 gisse
415 5693 470 5739 eos,
498 5689 567 5745 quos
596 5669 739 5741 praesciit
763 5676 850 5745 justes
869 5676 991 5747 suturae,
1020 5696 1136 5749 quorum
1163 5684 1267 5752 potest,
1284 5678 1370 5735 tidem
1388 5681 1514 5736 omnibus
1532 5682 1612 5738 bonis
1631 5683 1761 5754 operibus
1779 5687 1891 5745 realiter
1911 5690 1995 5748 desti-

316 5767 418 5823 b⁰¹¹¹¹m
434 5758 605 5834 P¹⁰P⁰⁸st¹¹m
622 5762 687 5813 ³¹¹oe
705 5766 890 5835 paenorum)
908 5784 969 5819 cum
988 5767 1030 5819 od
1044 5785 1136 5837 popo·
1160 5772 1250 5822 tutam
1270 5782 1330 5822 esse
1348 5784 1382 5823 ac
1400 5784 1510 5824 manem
1527 5786 1621 5825 ruam
1637 5768 1729 5844 fidem,
1751 5791 1817 5848 ergo
1837 5776 1921 5835 etim
1939 5797 1995 5836 120„

365 5857 468 5947 aphau
480 5856 529 5899 tou
555 5855 590 5897 rr.
1648 5880 1663 5928 ³
