<?xml version="1.0" encoding="UTF-8"?>
<!DOCTYPE html PUBLIC "-//W3C//DTD XHTML 1.0 Transitional//EN"
    "http://www.w3.org/TR/xhtml1/DTD/xhtml1-transitional.dtd">
<html xmlns="http://www.w3.org/1999/xhtml" xml:lang="en" lang="en">
 <head>
  <title>
</title>
<meta http-equiv="Content-Type" content="text/html;charset=utf-8" />
  <meta name='ocr-system' content='tesseract 3.04.00' />
  <meta name='ocr-capabilities' content='ocr_page ocr_carea ocr_par ocr_line ocrx_word'/>
</head>
<body>
  <div class='ocr_page' id='page_1' title='image "./locitheologicit02gerhgoog/locitheologicit02gerhgoog_0020.png"; bbox 0 0 4800 6659; ppageno 0'>
   <div class='ocr_carea' id='block_1_1' title="bbox 373 562 1551 629">
    <p class='ocr_par' dir='ltr' id='par_1_1' title="bbox 373 562 1551 629">
     <span class='ocr_line' id='line_1_1' title="bbox 373 562 1551 629; baseline -0.008 0"><span class='ocrx_word' id='word_1_1' title='bbox 373 582 378 591; x_wconf 85' lang='grc'><em>“</em></span> <span class='ocrx_word' id='word_1_2' title='bbox 449 574 485 629; x_wconf 87' lang='grc'><strong><em>10</em></strong></span> <span class='ocrx_word' id='word_1_3' title='bbox 1034 564 1157 623; x_wconf 85' lang='lat' dir='ltr'><strong><em>Locus</em></strong></span> <span class='ocrx_word' id='word_1_4' title='bbox 1175 562 1346 620; x_wconf 76' lang='lat' dir='ltr'>DECIMUS</span> <span class='ocrx_word' id='word_1_5' title='bbox 1363 562 1551 620; x_wconf 82' lang='lat' dir='ltr'>SEPTIMUS</span> 
     </span>
    </p>
   </div>
   <div class='ocr_carea' id='block_1_2' title="bbox 324 717 2146 1219">
    <p class='ocr_par' dir='ltr' id='par_1_2' title="bbox 324 717 2146 1219">
     <span class='ocr_line' id='line_1_2' title="bbox 445 717 2144 790; baseline -0.001 -18"><span class='ocrx_word' id='word_1_6' title='bbox 445 718 556 790; x_wconf 83' lang='lat' dir='ltr'>proprie</span> <span class='ocrx_word' id='word_1_7' title='bbox 580 717 656 773; x_wconf 86' lang='lat' dir='ltr'><strong><em>dicta</em></strong></span> <span class='ocrx_word' id='word_1_8' title='bbox 680 718 816 774; x_wconf 89' lang='lat' dir='ltr'><strong><em>bonorum</em></strong></span> <span class='ocrx_word' id='word_1_9' title='bbox 839 736 955 790; x_wconf 88' lang='lat' dir='ltr'><strong><em>operum</em></strong></span> <span class='ocrx_word' id='word_1_10' title='bbox 979 720 1107 776; x_wconf 89' lang='lat' dir='ltr'><strong><em>absolute</em></strong></span> <span class='ocrx_word' id='word_1_11' title='bbox 1125 718 1280 775; x_wconf 88' lang='lat' dir='ltr'><strong><em>considera·</em></strong></span> <span class='ocrx_word' id='word_1_12' title='bbox 1302 718 1365 782; x_wconf 83' lang='lat' dir='ltr'><strong><em>fide</em></strong></span> <span class='ocrx_word' id='word_1_13' title='bbox 1384 718 1557 786; x_wconf 84' lang='lat' dir='ltr'><strong><em>impossibile</em></strong></span> <span class='ocrx_word' id='word_1_14' title='bbox 1576 726 1617 771; x_wconf 88' lang='lat' dir='ltr'><strong><em>cst</em></strong></span> <span class='ocrx_word' id='word_1_15' title='bbox 1637 720 1699 772; x_wconf 84' lang='lat' dir='ltr'><strong><em>Deo</em></strong></span> <span class='ocrx_word' id='word_1_16' title='bbox 1714 719 1838 786; x_wconf 83' lang='lat' dir='ltr'><strong><em>placere.</em></strong></span> <span class='ocrx_word' id='word_1_17' title='bbox 1875 717 1954 777; x_wconf 82' lang='lat' dir='ltr'><strong><em>Rom.</em></strong></span> <span class='ocrx_word' id='word_1_18' title='bbox 1979 725 2024 786; x_wconf 80' lang='lat'><strong><em>14,</em></strong></span> <span class='ocrx_word' id='word_1_19' title='bbox 2051 737 2076 770; x_wconf 90' lang='lat' dir='ltr'><strong><em>v.</em></strong></span> <span class='ocrx_word' id='word_1_20' title='bbox 2095 723 2144 772; x_wconf 81' lang='lat'><strong><em>23:</em></strong></span> 
     </span>
     <span class='ocr_line' id='line_1_3' title="bbox 445 802 2145 876; baseline 0 -18"><span class='ocrx_word' id='word_1_21' title='bbox 445 810 536 858; x_wconf 88' lang='lat' dir='ltr'><strong><em>torum</em></strong></span> <span class='ocrx_word' id='word_1_22' title='bbox 559 803 662 869; x_wconf 87' lang='lat' dir='ltr'><strong><em>forma,</em></strong></span> <span class='ocrx_word' id='word_1_23' title='bbox 688 806 738 860; x_wconf 90' lang='lat' dir='ltr'><strong><em>sed</em></strong></span> <span class='ocrx_word' id='word_1_24' title='bbox 761 822 824 859; x_wconf 90' lang='lat' dir='ltr'><strong><em>cum</em></strong></span> <span class='ocrx_word' id='word_1_25' title='bbox 846 805 973 876; x_wconf 84' lang='lat' dir='ltr'><strong><em>perfecta</em></strong></span> <span class='ocrx_word' id='word_1_26' title='bbox 990 806 1039 861; x_wconf 91' lang='lat' dir='ltr'><strong><em>illa</em></strong></span> <span class='ocrx_word' id='word_1_27' title='bbox 1057 823 1120 859; x_wconf 86' lang='lat' dir='ltr'><strong><em>curn</em></strong></span> <span class='ocrx_word' id='word_1_28' title='bbox 1138 806 1201 876; x_wconf 87' lang='lat' dir='ltr'><strong><em>lege</em></strong></span> <span class='ocrx_word' id='word_1_29' title='bbox 1218 822 1282 859; x_wconf 92' lang='lat' dir='ltr'><strong><em>con·</em></strong></span> <span class='ocrx_word' id='word_1_30' title='bbox 1312 802 1452 872; x_wconf 73' lang='lat' dir='ltr'><em>Quicquid</em></span> <span class='ocrx_word' id='word_1_31' title='bbox 1469 822 1526 857; x_wconf 87' lang='lat' dir='ltr'><strong><em>non</em></strong></span> <span class='ocrx_word' id='word_1_32' title='bbox 1543 806 1575 867; x_wconf 75' lang='lat' dir='ltr'><strong><em>fit</em></strong></span> <span class='ocrx_word' id='word_1_33' title='bbox 1593 821 1626 856; x_wconf 84' lang='lat' dir='ltr'><strong><em>cs</em></strong></span> <span class='ocrx_word' id='word_1_34' title='bbox 1643 804 1709 872; x_wconf 77' lang='lat' dir='ltr'><strong><em>fids,</em></strong></span> <span class='ocrx_word' id='word_1_35' title='bbox 1722 812 1870 872; x_wconf 86' lang='lat' dir='ltr'><strong><em>peccatum</em></strong></span> <span class='ocrx_word' id='word_1_36' title='bbox 1890 811 1938 858; x_wconf 86' lang='lat' dir='ltr'><strong><em>est.</em></strong></span> <span class='ocrx_word' id='word_1_37' title='bbox 1980 809 2002 858; x_wconf 89' lang='grc'><strong><em>1.</em></strong></span> <span class='ocrx_word' id='word_1_38' title='bbox 2024 804 2099 858; x_wconf 88' lang='lat' dir='ltr'><strong><em>Petr.</em></strong></span> <span class='ocrx_word' id='word_1_39' title='bbox 2121 809 2145 866; x_wconf 93' lang='grc'><strong><em>2,</em></strong></span> 
     </span>
     <span class='ocr_line' id='line_1_4' title="bbox 445 887 2145 962; baseline -0.002 -18"><span class='ocrx_word' id='word_1_40' title='bbox 445 887 569 944; x_wconf 84' lang='lat' dir='ltr'><strong><em>formitas</em></strong></span> <span class='ocrx_word' id='word_1_41' title='bbox 589 889 618 943; x_wconf 93' lang='lat' dir='ltr'><strong><em>in</em></strong></span> <span class='ocrx_word' id='word_1_42' title='bbox 636 890 689 945; x_wconf 87' lang='lat' dir='ltr'><strong><em>hae</em></strong></span> <span class='ocrx_word' id='word_1_43' title='bbox 708 891 775 959; x_wconf 85' lang='lat' dir='ltr'><strong><em>vita,</em></strong></span> <span class='ocrx_word' id='word_1_44' title='bbox 793 907 829 944; x_wconf 91' lang='lat' dir='ltr'><strong><em>ne</em></strong></span> <span class='ocrx_word' id='word_1_45' title='bbox 847 891 958 962; x_wconf 89' lang='lat' dir='ltr'><strong><em>quidem</em></strong></span> <span class='ocrx_word' id='word_1_46' title='bbox 979 891 1007 944; x_wconf 91' lang='lat' dir='ltr'><strong><em>in</em></strong></span> <span class='ocrx_word' id='word_1_47' title='bbox 1021 898 1179 946; x_wconf 88' lang='lat' dir='ltr'><strong><em>renatorum</em></strong></span> <span class='ocrx_word' id='word_1_48' title='bbox 1193 891 1282 962; x_wconf 90' lang='lat' dir='ltr'><strong><em>operi-</em></strong></span> <span class='ocrx_word' id='word_1_49' title='bbox 1309 905 1334 944; x_wconf 89' lang='lat' dir='ltr'><strong><em>v.</em></strong></span> <span class='ocrx_word' id='word_1_50' title='bbox 1357 896 1386 943; x_wconf 85' lang='lat'><strong><em>5:</em></strong></span> <span class='ocrx_word' id='word_1_51' title='bbox 1409 889 1475 959; x_wconf 86' lang='lat' dir='ltr'><strong><em>Ipsi</em></strong></span> <span class='ocrx_word' id='word_1_52' title='bbox 1496 899 1630 959; x_wconf 77' lang='lat' dir='ltr'><strong><em>tanquam</em></strong></span> <span class='ocrx_word' id='word_1_53' title='bbox 1654 890 1768 958; x_wconf 84' lang='lat' dir='ltr'><strong><em>lapides</em></strong></span> <span class='ocrx_word' id='word_1_54' title='bbox 1786 889 1843 943; x_wconf 86' lang='lat' dir='ltr'><strong><em>oivi</em></strong></span> <span class='ocrx_word' id='word_1_55' title='bbox 1858 889 2145 957; x_wconf 81' lang='lat' dir='ltr'><strong><em>superaedificamini,</em></strong></span> 
     </span>
     <span class='ocr_line' id='line_1_5' title="bbox 324 974 2146 1049; baseline -0.001 -20"><span class='ocrx_word' id='word_1_56' title='bbox 324 979 385 1022; x_wconf 79' lang='lat' dir='ltr'><strong><em>Vm·</em></strong></span> <span class='ocrx_word' id='word_1_57' title='bbox 400 979 432 1021; x_wconf 64' lang='lat'><strong><em>1&amp;</em></strong></span> <span class='ocrx_word' id='word_1_58' title='bbox 447 974 500 1029; x_wconf 90' lang='lat' dir='ltr'><strong><em>bus</em></strong></span> <span class='ocrx_word' id='word_1_59' title='bbox 517 976 680 1045; x_wconf 88' lang='lat' dir='ltr'><strong><em>inveniatur,</em></strong></span> <span class='ocrx_word' id='word_1_60' title='bbox 699 977 763 1032; x_wconf 90' lang='lat' dir='ltr'><strong><em>ideo</em></strong></span> <span class='ocrx_word' id='word_1_61' title='bbox 781 977 810 1030; x_wconf 94' lang='lat' dir='ltr'><strong><em>in</em></strong></span> <span class='ocrx_word' id='word_1_62' title='bbox 829 978 972 1049; x_wconf 80' lang='lat' dir='ltr'><strong><em>evangelio</em></strong></span> <span class='ocrx_word' id='word_1_63' title='bbox 990 977 1152 1046; x_wconf 82' lang='lat' dir='ltr'><strong>ostenditur,</strong></span> <span class='ocrx_word' id='word_1_64' title='bbox 1169 983 1283 1047; x_wconf 90' lang='lat' dir='ltr'><strong><em>propter</em></strong></span> <span class='ocrx_word' id='word_1_65' title='bbox 1310 982 1360 1028; x_wconf 84' lang='lat' dir='ltr'><strong><em>etc.</em></strong></span> <span class='ocrx_word' id='word_1_66' title='bbox 1379 977 1568 1028; x_wconf 71' lang='lat' dir='ltr'><strong><em>sacerdotium</em></strong></span> <span class='ocrx_word' id='word_1_67' title='bbox 1587 984 1714 1028; x_wconf 88' lang='lat' dir='ltr'><strong><em>sanctum</em></strong></span> <span class='ocrx_word' id='word_1_68' title='bbox 1737 978 1837 1045; x_wconf 78' lang='lat' dir='ltr'><strong><em>offerre</em></strong></span> <span class='ocrx_word' id='word_1_69' title='bbox 1858 976 2021 1043; x_wconf 70' lang='lat' dir='ltr'><strong><em>spirituales</em></strong></span> <span class='ocrx_word' id='word_1_70' title='bbox 2039 976 2146 1029; x_wconf 84' lang='lat' dir='ltr'><strong><em>hostias</em></strong></span> 
     </span>
     <span class='ocr_line' id='line_1_6' title="bbox 447 1059 2145 1135; baseline -0.002 -20"><span class='ocrx_word' id='word_1_71' title='bbox 447 1059 587 1115; x_wconf 86' lang='lat' dir='ltr'><strong><em>Christum</em></strong></span> <span class='ocrx_word' id='word_1_72' title='bbox 616 1062 794 1117; x_wconf 81' lang='lat' dir='ltr'><strong><em>mediatorem</em></strong></span> <span class='ocrx_word' id='word_1_73' title='bbox 818 1062 874 1118; x_wconf 87' lang='lat' dir='ltr'><strong><em>fide</em></strong></span> <span class='ocrx_word' id='word_1_74' title='bbox 900 1062 1102 1135; x_wconf 90' lang='lat' dir='ltr'><strong><em>apprehensum</em></strong></span> <span class='ocrx_word' id='word_1_75' title='bbox 1125 1069 1282 1118; x_wconf 89' lang='lat' dir='ltr'><strong><em>renatorum</em></strong></span> <span class='ocrx_word' id='word_1_76' title='bbox 1309 1061 1495 1128; x_wconf 79' lang='lat' dir='ltr'><strong><em>acceptabiles</em></strong></span> <span class='ocrx_word' id='word_1_77' title='bbox 1521 1064 1585 1114; x_wconf 86' lang='lat' dir='ltr'><strong><em>Deo</em></strong></span> <span class='ocrx_word' id='word_1_78' title='bbox 1610 1079 1662 1129; x_wconf 88' lang='lat' dir='ltr'><strong><em>per</em></strong></span> <span class='ocrx_word' id='word_1_79' title='bbox 1685 1061 1832 1115; x_wconf 78' lang='lat' dir='ltr'><strong><em>Christum.</em></strong></span> <span class='ocrx_word' id='word_1_80' title='bbox 1868 1060 2008 1115; x_wconf 89' lang='lat' dir='ltr'><strong><em>Lutherus</em></strong></span> <span class='ocrx_word' id='word_1_81' title='bbox 2033 1070 2100 1115; x_wconf 87' lang='lat' dir='ltr'><strong><em>tom.</em></strong></span> <span class='ocrx_word' id='word_1_82' title='bbox 2120 1067 2145 1114; x_wconf 78' lang='lat'><strong><em>4.</em></strong></span> 
     </span>
     <span class='ocr_line' id='line_1_7' title="bbox 447 1133 2145 1219; baseline -0.002 -18"><span class='ocrx_word' id='word_1_83' title='bbox 447 1162 532 1215; x_wconf 87' lang='lat' dir='ltr'><strong><em>opera</em></strong></span> <span class='ocrx_word' id='word_1_84' title='bbox 555 1146 616 1201; x_wconf 91' lang='lat' dir='ltr'><strong><em>Deo</em></strong></span> <span class='ocrx_word' id='word_1_85' title='bbox 638 1147 750 1219; x_wconf 87' lang='lat' dir='ltr'><strong><em>placere</em></strong></span> <span class='ocrx_word' id='word_1_86' title='bbox 774 1155 858 1219; x_wconf 91' lang='lat' dir='ltr'><strong><em>atque</em></strong></span> <span class='ocrx_word' id='word_1_87' title='bbox 876 1149 912 1203; x_wconf 90' lang='lat' dir='ltr'><strong><em>ab</em></strong></span> <span class='ocrx_word' id='word_1_88' title='bbox 930 1149 990 1219; x_wconf 91' lang='lat' dir='ltr'><strong><em>ipso</em></strong></span> <span class='ocrx_word' id='word_1_89' title='bbox 1009 1149 1162 1219; x_wconf 87' lang='lat' dir='ltr'><strong><em>acceptari,</em></strong></span> <span class='ocrx_word' id='word_1_90' title='bbox 1188 1165 1281 1219; x_wconf 90' lang='lat' dir='ltr'><strong><em>quem·</em></strong></span> <span class='ocrx_word' id='word_1_91' title='bbox 1294 1133 1385 1215; x_wconf 80' lang='lat' dir='ltr'><strong><em>llatin.</em></strong></span> <span class='ocrx_word' id='word_1_92' title='bbox 1411 1146 1523 1202; x_wconf 85' lang='lat' dir='ltr'><strong><em>Jenens.</em></strong></span> <span class='ocrx_word' id='word_1_93' title='bbox 1544 1146 1590 1201; x_wconf 91' lang='lat' dir='ltr'><strong><em>fol.</em></strong></span> <span class='ocrx_word' id='word_1_94' title='bbox 1610 1153 1673 1202; x_wconf 82' lang='lat'>403:</span> <span class='ocrx_word' id='word_1_95' title='bbox 1698 1148 1800 1201; x_wconf 86' lang='lat' dir='ltr'><strong><em>Omnia</em></strong></span> <span class='ocrx_word' id='word_1_96' title='bbox 1823 1156 1920 1201; x_wconf 87' lang='lat' dir='ltr'><strong><em>nostra</em></strong></span> <span class='ocrx_word' id='word_1_97' title='bbox 1945 1151 2008 1201; x_wconf 90' lang='lat' dir='ltr'><strong><em>Deo</em></strong></span> <span class='ocrx_word' id='word_1_98' title='bbox 2027 1148 2145 1216; x_wconf 85' lang='lat' dir='ltr'><strong><em>placent</em></strong></span> 
     </span>
    </p>
   </div>
   <div class='ocr_carea' id='block_1_3' title="bbox 320 1232 2148 1905">
    <p class='ocr_par' dir='ltr' id='par_1_3' title="bbox 320 1232 2148 1905">
     <span class='ocr_line' id='line_1_8' title="bbox 447 1232 2146 1305; baseline 0 -20"><span class='ocrx_word' id='word_1_99' title='bbox 447 1232 597 1287; x_wconf 87' lang='lat' dir='ltr'><strong><em>admodum</em></strong></span> <span class='ocrx_word' id='word_1_100' title='bbox 620 1232 806 1288; x_wconf 89' lang='lat' dir='ltr'><strong><em>obedientiam</em></strong></span> <span class='ocrx_word' id='word_1_101' title='bbox 830 1233 881 1288; x_wconf 87' lang='lat' dir='ltr'><strong><em>filii</em></strong></span> <span class='ocrx_word' id='word_1_102' title='bbox 906 1240 1015 1305; x_wconf 80' lang='lat' dir='ltr'><strong><em>gratam</em></strong></span> <span class='ocrx_word' id='word_1_103' title='bbox 1039 1252 1072 1288; x_wconf 88' lang='lat' dir='ltr'><strong><em>ac</em></strong></span> <span class='ocrx_word' id='word_1_104' title='bbox 1090 1240 1179 1289; x_wconf 90' lang='lat' dir='ltr'><strong><em>ratam</em></strong></span> <span class='ocrx_word' id='word_1_105' title='bbox 1198 1233 1284 1287; x_wconf 89' lang='lat' dir='ltr'><strong><em>habet</em></strong></span> <span class='ocrx_word' id='word_1_106' title='bbox 1309 1249 1365 1284; x_wconf 92' lang='lat' dir='ltr'><strong><em>non</em></strong></span> <span class='ocrx_word' id='word_1_107' title='bbox 1377 1240 1498 1300; x_wconf 86' lang='lat' dir='ltr'><strong><em>propter</em></strong></span> <span class='ocrx_word' id='word_1_108' title='bbox 1522 1232 1650 1285; x_wconf 75' lang='lat' dir='ltr'><strong><em>merium</em></strong></span> <span class='ocrx_word' id='word_1_109' title='bbox 1678 1250 1726 1286; x_wconf 86' lang='lat' dir='ltr'><strong><em>seu</em></strong></span> <span class='ocrx_word' id='word_1_110' title='bbox 1752 1234 1918 1303; x_wconf 85' lang='lat' dir='ltr'><strong><em>diqnitatem</em></strong></span> <span class='ocrx_word' id='word_1_111' title='bbox 1943 1234 2071 1303; x_wconf 75' lang='lat' dir='ltr'><strong><em>aliquam</em></strong></span> <span class='ocrx_word' id='word_1_112' title='bbox 2097 1252 2146 1285; x_wconf 90' lang='lat' dir='ltr'><strong><em>no·</em></strong></span> 
     </span>
     <span class='ocr_line' id='line_1_9' title="bbox 446 1318 2146 1391; baseline -0.001 -20"><span class='ocrx_word' id='word_1_113' title='bbox 446 1334 562 1388; x_wconf 88' lang='lat' dir='ltr'><strong><em>parens,</em></strong></span> <span class='ocrx_word' id='word_1_114' title='bbox 586 1318 652 1374; x_wconf 88' lang='lat' dir='ltr'><strong><em>licet</em></strong></span> <span class='ocrx_word' id='word_1_115' title='bbox 675 1319 704 1372; x_wconf 91' lang='lat' dir='ltr'><strong><em>in</em></strong></span> <span class='ocrx_word' id='word_1_116' title='bbox 728 1336 788 1374; x_wconf 88' lang='lat' dir='ltr'><strong><em>sese</em></strong></span> <span class='ocrx_word' id='word_1_117' title='bbox 811 1320 847 1374; x_wconf 89' lang='lat' dir='ltr'><strong><em>sit</em></strong></span> <span class='ocrx_word' id='word_1_118' title='bbox 871 1320 1041 1390; x_wconf 80' lang='lat' dir='ltr'><strong><em>imperfecta</em></strong></span> <span class='ocrx_word' id='word_1_119' title='bbox 1077 1320 1138 1383; x_wconf 83' lang='lat' dir='ltr'><strong><em>Quo</em></strong></span> <span class='ocrx_word' id='word_1_120' title='bbox 1163 1320 1284 1391; x_wconf 85' lang='lat' dir='ltr'><strong><em>pertinet</em></strong></span> <span class='ocrx_word' id='word_1_121' title='bbox 1309 1326 1410 1386; x_wconf 87' lang='lat' dir='ltr'><strong><em>stram,</em></strong></span> <span class='ocrx_word' id='word_1_122' title='bbox 1438 1326 1501 1371; x_wconf 90' lang='lat' dir='ltr'><strong><em>sunt</em></strong></span> <span class='ocrx_word' id='word_1_123' title='bbox 1527 1319 1600 1371; x_wconf 84' lang='lat' dir='ltr'><strong><em>enim</em></strong></span> <span class='ocrx_word' id='word_1_124' title='bbox 1626 1320 1721 1371; x_wconf 87' lang='lat' dir='ltr'><strong><em>amnia</em></strong></span> <span class='ocrx_word' id='word_1_125' title='bbox 1735 1319 1862 1388; x_wconf 70' lang='lat' dir='ltr'><strong><em>pollata,</em></strong></span> <span class='ocrx_word' id='word_1_126' title='bbox 1889 1321 1942 1373; x_wconf 83' lang='lat' dir='ltr'><strong><em>scd</em></strong></span> <span class='ocrx_word' id='word_1_127' title='bbox 1955 1329 2076 1388; x_wconf 86' lang='lat' dir='ltr'><strong><em>propter</em></strong></span> <span class='ocrx_word' id='word_1_128' title='bbox 2097 1321 2146 1371; x_wconf 84' lang='lat' dir='ltr'><strong><em>do-</em></strong></span> 
     </span>
     <span class='ocr_line' id='line_1_10' title="bbox 448 1402 2147 1478; baseline 0.001 -22"><span class='ocrx_word' id='word_1_129' title='bbox 448 1402 553 1457; x_wconf 89' lang='lat' dir='ltr'><strong><em>dictum</em></strong></span> <span class='ocrx_word' id='word_1_130' title='bbox 571 1404 687 1476; x_wconf 81' lang='lat' dir='ltr'>Evagrii</span> <span class='ocrx_word' id='word_1_131' title='bbox 706 1405 830 1476; x_wconf 83' lang='lat' dir='ltr'><strong><em>episcopi</em></strong></span> <span class='ocrx_word' id='word_1_132' title='bbox 846 1405 1027 1474; x_wconf 85' lang='lat' dir='ltr'><strong><em>Antiocheni,</em></strong></span> <span class='ocrx_word' id='word_1_133' title='bbox 1045 1406 1119 1478; x_wconf 92' lang='lat' dir='ltr'><strong><em>quod</em></strong></span> <span class='ocrx_word' id='word_1_134' title='bbox 1135 1405 1282 1477; x_wconf 85' lang='lat' dir='ltr'><strong><em>Philippus</em></strong></span> <span class='ocrx_word' id='word_1_135' title='bbox 1310 1422 1375 1456; x_wconf 72' lang='lat' dir='ltr'><strong><em>rursm</em></strong></span> <span class='ocrx_word' id='word_1_136' title='bbox 1396 1404 1479 1471; x_wconf 76' lang='lat' dir='ltr'><strong><em>sirici,</em></strong></span> <span class='ocrx_word' id='word_1_137' title='bbox 1505 1406 1582 1473; x_wconf 82' lang='lat' dir='ltr'><strong><em>quod</em></strong></span> <span class='ocrx_word' id='word_1_138' title='bbox 1603 1405 1744 1462; x_wconf 81' lang='lat' dir='ltr'><strong><em>credimus</em></strong></span> <span class='ocrx_word' id='word_1_139' title='bbox 1769 1406 1799 1458; x_wconf 83' lang='lat' dir='ltr'><strong><em>in</em></strong></span> <span class='ocrx_word' id='word_1_140' title='bbox 1817 1404 1965 1459; x_wconf 72' lang='lat' dir='ltr'><strong><em>Christum.</em></strong></span> <span class='ocrx_word' id='word_1_141' title='bbox 2000 1408 2032 1439; x_wconf 67' lang='lat'><strong><em>*³¹³</em></strong></span> <span class='ocrx_word' id='word_1_142' title='bbox 2039 1405 2147 1458; x_wconf 84' lang='lat' dir='ltr'><strong><em>Forma</em></strong></span> 
     </span>
     <span class='ocr_line' id='line_1_11' title="bbox 448 1488 2146 1563; baseline -0.002 -19"><span class='ocrx_word' id='word_1_143' title='bbox 448 1488 610 1544; x_wconf 83' lang='lat' dir='ltr'><strong><em>Melanthea</em></strong></span> <span class='ocrx_word' id='word_1_144' title='bbox 646 1491 765 1563; x_wconf 81' lang='lat' dir='ltr'><strong><em>allegat:</em></strong></span> <span class='ocrx_word' id='word_1_145' title='bbox 821 1495 906 1547; x_wconf 90' lang='lat' dir='ltr'><strong><em>Bona</em></strong></span> <span class='ocrx_word' id='word_1_146' title='bbox 944 1510 1031 1563; x_wconf 87' lang='lat' dir='ltr'><strong><em>opera</em></strong></span> <span class='ocrx_word' id='word_1_147' title='bbox 1065 1493 1183 1562; x_wconf 85' lang='lat' dir='ltr'><strong><em>placere</em></strong></span> <span class='ocrx_word' id='word_1_148' title='bbox 1218 1494 1284 1544; x_wconf 86' lang='lat' dir='ltr'><strong><em>Deo</em></strong></span> <span class='ocrx_word' id='word_1_149' title='bbox 1310 1489 1464 1542; x_wconf 71' lang='lat' dir='ltr'><strong><em>intriracca</em></strong></span> <span class='ocrx_word' id='word_1_150' title='bbox 1489 1491 1623 1543; x_wconf 82' lang='lat' dir='ltr'><strong><em>bonarum</em></strong></span> <span class='ocrx_word' id='word_1_151' title='bbox 1653 1508 1766 1559; x_wconf 84' lang='lat' dir='ltr'><strong><em>operam</em></strong></span> <span class='ocrx_word' id='word_1_152' title='bbox 1796 1499 1835 1543; x_wconf 87' lang='lat' dir='ltr'><strong><em>est</em></strong></span> <span class='ocrx_word' id='word_1_153' title='bbox 1865 1492 1929 1559; x_wconf 78' lang='lat' dir='ltr'><strong><em>apsa</em></strong></span> <span class='ocrx_word' id='word_1_154' title='bbox 1956 1490 2146 1544; x_wconf 70' lang='lat' dir='ltr'><strong><em>convenientia</em></strong></span> 
     </span>
     <span class='ocr_line' id='line_1_12' title="bbox 448 1576 2146 1651; baseline -0.001 -22"><span class='ocrx_word' id='word_1_155' title='bbox 448 1582 660 1651; x_wconf 70' lang='grc' dir='ltr'><em>προηγουμένης</em></span> <span class='ocrx_word' id='word_1_156' title='bbox 676 1581 723 1646; x_wconf 79' lang='grc' dir='ltr'><strong><em>τῆς</em></strong></span> <span class='ocrx_word' id='word_1_157' title='bbox 739 1587 864 1641; x_wconf 75' lang='grc' dir='ltr'><strong><em>πίστεως.</em></strong></span> <span class='ocrx_word' id='word_1_158' title='bbox 900 1580 983 1634; x_wconf 85' lang='lat' dir='ltr'><strong><em>Fides</em></strong></span> <span class='ocrx_word' id='word_1_159' title='bbox 1000 1597 1067 1651; x_wconf 80' lang='lat' dir='ltr'><strong><em>ergo</em></strong></span> <span class='ocrx_word' id='word_1_160' title='bbox 1086 1579 1123 1633; x_wconf 90' lang='lat' dir='ltr'><strong><em>ad</em></strong></span> <span class='ocrx_word' id='word_1_161' title='bbox 1141 1595 1226 1649; x_wconf 89' lang='lat' dir='ltr'><strong><em>opera</em></strong></span> <span class='ocrx_word' id='word_1_162' title='bbox 1243 1595 1284 1633; x_wconf 90' lang='lat' dir='ltr'><strong><em>re·</em></strong></span> <span class='ocrx_word' id='word_1_163' title='bbox 1311 1593 1372 1628; x_wconf 89' lang='lat' dir='ltr'><strong><em>cum</em></strong></span> <span class='ocrx_word' id='word_1_164' title='bbox 1398 1576 1458 1645; x_wconf 83' lang='lat' dir='ltr'><strong><em>leqe</em></strong></span> <span class='ocrx_word' id='word_1_165' title='bbox 1484 1577 1543 1628; x_wconf 84' lang='lat' dir='ltr'><strong><em>Dei</em></strong></span> <span class='ocrx_word' id='word_1_166' title='bbox 1565 1593 1615 1630; x_wconf 86' lang='lat' dir='ltr'><strong><em>scu</em></strong></span> <span class='ocrx_word' id='word_1_167' title='bbox 1635 1576 1765 1650; x_wconf 79' lang='lat' dir='ltr'><strong><em>lusoptn,</em></strong></span> <span class='ocrx_word' id='word_1_168' title='bbox 1789 1578 1959 1645; x_wconf 63' lang='lat' dir='ltr'><strong><em>extrinseca,</em></strong></span> <span class='ocrx_word' id='word_1_169' title='bbox 1984 1597 2002 1629; x_wconf 91' lang='lat' dir='ltr'><strong><em>a</em></strong></span> <span class='ocrx_word' id='word_1_170' title='bbox 2022 1596 2077 1645; x_wconf 89' lang='lat' dir='ltr'><strong><em>qua</em></strong></span> <span class='ocrx_word' id='word_1_171' title='bbox 2099 1579 2146 1629; x_wconf 82' lang='lat' dir='ltr'><strong><em>de-</em></strong></span> 
     </span>
     <span class='ocr_line' id='line_1_13' title="bbox 320 1662 2148 1736; baseline -0.001 -20"><span class='ocrx_word' id='word_1_172' title='bbox 320 1686 381 1736; x_wconf 68' lang='lat' dir='ltr'><strong><em>Quos</em></strong></span> <span class='ocrx_word' id='word_1_173' title='bbox 449 1667 575 1717; x_wconf 86' lang='lat' dir='ltr'><strong><em>natorum</em></strong></span> <span class='ocrx_word' id='word_1_174' title='bbox 593 1663 686 1718; x_wconf 89' lang='lat' dir='ltr'><strong><em>multis</em></strong></span> <span class='ocrx_word' id='word_1_175' title='bbox 705 1666 794 1719; x_wconf 90' lang='lat' dir='ltr'><strong><em>modis</em></strong></span> <span class='ocrx_word' id='word_1_176' title='bbox 812 1665 965 1720; x_wconf 86' lang='lat' dir='ltr'><strong><em>concurrit:</em></strong></span> <span class='ocrx_word' id='word_1_177' title='bbox 990 1670 1014 1719; x_wconf 88' lang='lat'><strong><em>1.</em></strong></span> <span class='ocrx_word' id='word_1_178' title='bbox 1033 1665 1143 1718; x_wconf 85' lang='lat' dir='ltr'><strong><em>ratione</em></strong></span> <span class='ocrx_word' id='word_1_179' title='bbox 1160 1665 1284 1717; x_wconf 85' lang='lat' dir='ltr'><strong><em>notitiae.</em></strong></span> <span class='ocrx_word' id='word_1_180' title='bbox 1311 1662 1491 1715; x_wconf 80' lang='lat' dir='ltr'><strong><em>nominantur</em></strong></span> <span class='ocrx_word' id='word_1_181' title='bbox 1520 1663 1583 1714; x_wconf 84' lang='lat' dir='ltr'><strong><em>Deo</em></strong></span> <span class='ocrx_word' id='word_1_182' title='bbox 1609 1671 1737 1731; x_wconf 87' lang='lat' dir='ltr'><strong><em>accepta,</em></strong></span> <span class='ocrx_word' id='word_1_183' title='bbox 1772 1672 1813 1716; x_wconf 86' lang='lat' dir='ltr'><strong><em>est</em></strong></span> <span class='ocrx_word' id='word_1_184' title='bbox 1838 1666 1924 1732; x_wconf 75' lang='lat' dir='ltr'><strong><em>sides,</em></strong></span> <span class='ocrx_word' id='word_1_185' title='bbox 1955 1682 2012 1731; x_wconf 86' lang='lat' dir='ltr'><strong><em>qua</em></strong></span> <span class='ocrx_word' id='word_1_186' title='bbox 2038 1671 2148 1715; x_wconf 85' lang='lat' dir='ltr'><strong><em>tantum</em></strong></span> 
     </span>
     <span class='ocr_line' id='line_1_14' title="bbox 321 1736 2147 1827; baseline -0.001 -26"><span class='ocrx_word' id='word_1_187' title='bbox 321 1736 416 1827; x_wconf 47' lang='lat' dir='ltr'><strong><em>fflgf,</em></strong></span> <span class='ocrx_word' id='word_1_188' title='bbox 449 1747 526 1802; x_wconf 89' lang='lat' dir='ltr'><strong><em>Deus</em></strong></span> <span class='ocrx_word' id='word_1_189' title='bbox 557 1749 585 1802; x_wconf 92' lang='lat' dir='ltr'><strong><em>in</em></strong></span> <span class='ocrx_word' id='word_1_190' title='bbox 613 1750 697 1805; x_wconf 86' lang='lat' dir='ltr'><strong><em>verbo</em></strong></span> <span class='ocrx_word' id='word_1_191' title='bbox 722 1769 773 1821; x_wconf 88' lang='lat' dir='ltr'><strong><em>per</em></strong></span> <span class='ocrx_word' id='word_1_192' title='bbox 801 1751 933 1821; x_wconf 86' lang='lat' dir='ltr'><strong><em>Spiritum</em></strong></span> <span class='ocrx_word' id='word_1_193' title='bbox 961 1757 1087 1805; x_wconf 88' lang='lat' dir='ltr'><strong><em>sanctum</em></strong></span> <span class='ocrx_word' id='word_1_194' title='bbox 1115 1750 1284 1805; x_wconf 89' lang='lat' dir='ltr'><strong><em>voluntatem</em></strong></span> <span class='ocrx_word' id='word_1_195' title='bbox 1312 1765 1400 1817; x_wconf 88' lang='lat' dir='ltr'><strong><em>opera</em></strong></span> <span class='ocrx_word' id='word_1_196' title='bbox 1425 1756 1523 1801; x_wconf 88' lang='lat' dir='ltr'><strong><em>nostra</em></strong></span> <span class='ocrx_word' id='word_1_197' title='bbox 1544 1748 1659 1817; x_wconf 86' lang='lat' dir='ltr'><strong><em>placent</em></strong></span> <span class='ocrx_word' id='word_1_198' title='bbox 1683 1750 1747 1803; x_wconf 87' lang='lat' dir='ltr'><strong><em>Deo</em></strong></span> <span class='ocrx_word' id='word_1_199' title='bbox 1762 1758 1882 1819; x_wconf 88' lang='lat' dir='ltr'><strong><em>propter</em></strong></span> <span class='ocrx_word' id='word_1_200' title='bbox 1901 1749 2051 1805; x_wconf 72' lang='lat' dir='ltr'><strong><em>Christum.</em></strong></span> <span class='ocrx_word' id='word_1_201' title='bbox 2088 1750 2147 1802; x_wconf 85' lang='lat' dir='ltr'><strong><em>lllo</em></strong></span> 
     </span>
     <span class='ocr_line' id='line_1_15' title="bbox 320 1834 2147 1905; baseline 0 -18"><span class='ocrx_word' id='word_1_202' title='bbox 320 1838 423 1880; x_wconf 72' lang='lat' dir='ltr'><strong><em>meas·</em></strong></span> <span class='ocrx_word' id='word_1_203' title='bbox 450 1852 528 1890; x_wconf 87' lang='lat' dir='ltr'><strong><em>suam</em></strong></span> <span class='ocrx_word' id='word_1_204' title='bbox 554 1836 633 1891; x_wconf 89' lang='lat' dir='ltr'><strong><em>nobis</em></strong></span> <span class='ocrx_word' id='word_1_205' title='bbox 657 1838 805 1905; x_wconf 83' lang='lat' dir='ltr'><strong><em>revelavit,</em></strong></span> <span class='ocrx_word' id='word_1_206' title='bbox 831 1856 863 1893; x_wconf 87' lang='lat' dir='ltr'><strong><em>ex</em></strong></span> <span class='ocrx_word' id='word_1_207' title='bbox 889 1838 941 1893; x_wconf 88' lang='lat' dir='ltr'><strong><em>hac</em></strong></span> <span class='ocrx_word' id='word_1_208' title='bbox 965 1839 1026 1893; x_wconf 87' lang='lat' dir='ltr'><strong><em>luce</em></strong></span> <span class='ocrx_word' id='word_1_209' title='bbox 1048 1839 1126 1893; x_wconf 81' lang='lat' dir='ltr'><strong><em>verbi</em></strong></span> <span class='ocrx_word' id='word_1_210' title='bbox 1152 1838 1240 1892; x_wconf 88' lang='lat' dir='ltr'><strong><em>oritur</em></strong></span> <span class='ocrx_word' id='word_1_211' title='bbox 1257 1838 1285 1892; x_wconf 92' lang='lat' dir='ltr'><strong><em>in</em></strong></span> <span class='ocrx_word' id='word_1_212' title='bbox 1311 1841 1437 1902; x_wconf 77' lang='lat' dir='ltr'><strong><em>respectu</em></strong></span> <span class='ocrx_word' id='word_1_213' title='bbox 1464 1834 1606 1903; x_wconf 81' lang='lat' dir='ltr'><strong><em>leqaliter,</em></strong></span> <span class='ocrx_word' id='word_1_214' title='bbox 1633 1835 1683 1887; x_wconf 76' lang='lat' dir='ltr'><strong><em>leac</em></strong></span> <span class='ocrx_word' id='word_1_215' title='bbox 1712 1835 1870 1903; x_wconf 81' lang='lat' dir='ltr'><strong><em>ccanqelice</em></strong></span> <span class='ocrx_word' id='word_1_216' title='bbox 1900 1836 1972 1888; x_wconf 81' lang='lat' dir='ltr'><strong><em>bona</em></strong></span> <span class='ocrx_word' id='word_1_217' title='bbox 1997 1835 2057 1887; x_wconf 81' lang='lat' dir='ltr'><strong><em>clici</em></strong></span> <span class='ocrx_word' id='word_1_218' title='bbox 2079 1854 2147 1902; x_wconf 86' lang='lat' dir='ltr'><strong><em>pas·</em></strong></span> 
     </span>
    </p>
   </div>
   <div class='ocr_carea' id='block_1_4' title="bbox 320 1891 2148 1991">
    <p class='ocr_par' dir='ltr' id='par_1_4' title="bbox 320 1891 2148 1991">
     <span class='ocr_line' id='line_1_16' title="bbox 320 1891 2148 1991; baseline -0.003 -14"><span class='ocrx_word' id='word_1_219' title='bbox 320 1891 426 1991; x_wconf 54' lang='lat' dir='ltr'><strong><em>:isliu</em></strong></span> <span class='ocrx_word' id='word_1_220' title='bbox 450 1922 580 1977; x_wconf 83' lang='lat' dir='ltr'><strong><em>cordibus</em></strong></span> <span class='ocrx_word' id='word_1_221' title='bbox 605 1924 705 1978; x_wconf 69' lang='lat' dir='ltr'><strong><em>noetus</em></strong></span> <span class='ocrx_word' id='word_1_222' title='bbox 729 1925 777 1978; x_wconf 83' lang='lat' dir='ltr'><strong><em>lux</em></strong></span> <span class='ocrx_word' id='word_1_223' title='bbox 801 1924 873 1980; x_wconf 90' lang='lat' dir='ltr'><strong><em>fidei.</em></strong></span> <span class='ocrx_word' id='word_1_224' title='bbox 910 1924 988 1980; x_wconf 86' lang='lat' dir='ltr'><strong><em>Rom.</em></strong></span> <span class='ocrx_word' id='word_1_225' title='bbox 1010 1930 1055 1991; x_wconf 78' lang='lat'><strong><em>10,</em></strong></span> <span class='ocrx_word' id='word_1_226' title='bbox 1078 1941 1103 1979; x_wconf 81' lang='lat' dir='ltr'><strong><em>v.</em></strong></span> <span class='ocrx_word' id='word_1_227' title='bbox 1126 1931 1170 1979; x_wconf 83' lang='lat'><strong><em>17:</em></strong></span> <span class='ocrx_word' id='word_1_228' title='bbox 1196 1925 1285 1978; x_wconf 75' lang='lat' dir='ltr'><strong><em>Fides</em></strong></span> <span class='ocrx_word' id='word_1_229' title='bbox 1312 1928 1389 1987; x_wconf 83' lang='lat' dir='ltr'><strong><em>sunt,</em></strong></span> <span class='ocrx_word' id='word_1_230' title='bbox 1416 1920 1470 1973; x_wconf 83' lang='lat' dir='ltr'><strong><em>illu</em></strong></span> <span class='ocrx_word' id='word_1_231' title='bbox 1494 1921 1604 1972; x_wconf 83' lang='lat' dir='ltr'><strong><em>ratione</em></strong></span> <span class='ocrx_word' id='word_1_232' title='bbox 1626 1920 1727 1973; x_wconf 77' lang='lat' dir='ltr'><strong><em>uatem</em></strong></span> <span class='ocrx_word' id='word_1_233' title='bbox 1753 1939 1811 1974; x_wconf 85' lang='lat' dir='ltr'><strong><em>esse</em></strong></span> <span class='ocrx_word' id='word_1_234' title='bbox 1836 1922 2007 1989; x_wconf 78' lang='lat' dir='ltr'><strong><em>absolutum,</em></strong></span> <span class='ocrx_word' id='word_1_235' title='bbox 2034 1921 2087 1973; x_wconf 84' lang='lat' dir='ltr'><strong><em>hac</em></strong></span> <span class='ocrx_word' id='word_1_236' title='bbox 2105 1939 2148 1972; x_wconf 90' lang='lat' dir='ltr'><strong><em>rc·</em></strong></span> 
     </span>
    </p>
   </div>
   <div class='ocr_carea' id='block_1_5' title="bbox 319 1998 411 2034">
    <p class='ocr_par' dir='ltr' id='par_1_5' title="bbox 319 1998 411 2034">
     <span class='ocr_line' id='line_1_17' title="bbox 319 1998 411 2034; baseline 0.011 -1"><span class='ocrx_word' id='word_1_237' title='bbox 319 1998 411 2034; x_wconf 62' lang='lat' dir='ltr'><strong><em>{Olim-</em></strong></span> 
     </span>
    </p>
   </div>
   <div class='ocr_carea' id='block_1_6' title="bbox 321 2006 2150 2087">
    <p class='ocr_par' dir='ltr' id='par_1_6' title="bbox 321 2006 2150 2087">
     <span class='ocr_line' id='line_1_18' title="bbox 321 2006 2150 2087; baseline 0 -28"><span class='ocrx_word' id='word_1_238' title='bbox 321 2054 378 2087; x_wconf 61' lang='grc' dir='ltr'>Μ</span> <span class='ocrx_word' id='word_1_239' title='bbox 450 2016 491 2061; x_wconf 87' lang='lat' dir='ltr'><strong><em>est</em></strong></span> <span class='ocrx_word' id='word_1_240' title='bbox 509 2026 541 2061; x_wconf 82' lang='lat' dir='ltr'><strong><em>ea</em></strong></span> <span class='ocrx_word' id='word_1_241' title='bbox 559 2011 675 2078; x_wconf 64' lang='lat' dir='ltr'><strong><em>ausina,</em></strong></span> <span class='ocrx_word' id='word_1_242' title='bbox 693 2011 808 2063; x_wconf 79' lang='lat' dir='ltr'><strong><em>auditus</em></strong></span> <span class='ocrx_word' id='word_1_243' title='bbox 828 2019 920 2064; x_wconf 69' lang='lat' dir='ltr'><strong><em>niuem</em></strong></span> <span class='ocrx_word' id='word_1_244' title='bbox 934 2028 990 2079; x_wconf 77' lang='lat' dir='ltr'><strong><em>par</em></strong></span> <span class='ocrx_word' id='word_1_245' title='bbox 1010 2012 1122 2064; x_wconf 81' lang='lat' dir='ltr'><strong><em>verbum</em></strong></span> <span class='ocrx_word' id='word_1_246' title='bbox 1140 2012 1207 2075; x_wconf 78' lang='lat' dir='ltr'><strong><em>Dei,</em></strong></span> <span class='ocrx_word' id='word_1_247' title='bbox 1223 2011 1286 2065; x_wconf 76' lang='lat' dir='ltr'><strong><em>aba·</em></strong></span> <span class='ocrx_word' id='word_1_248' title='bbox 1311 2006 1469 2075; x_wconf 79' lang='lat' dir='ltr'><strong><em>eptaticum.</em></strong></span> <span class='ocrx_word' id='word_1_249' title='bbox 1498 2007 1545 2066; x_wconf 66' lang='lat' dir='ltr'><strong><em>,Et</em></strong></span> <span class='ocrx_word' id='word_1_250' title='bbox 1565 2006 1681 2080; x_wconf 71' lang='lat' dir='ltr'><strong><em>irrepta</em></strong></span> <span class='ocrx_word' id='word_1_251' title='bbox 1698 2011 1848 2074; x_wconf 87' lang='lat' dir='ltr'><strong><em>estforma</em></strong></span> <span class='ocrx_word' id='word_1_252' title='bbox 1861 2009 2037 2075; x_wconf 83' lang='lat' dir='ltr'><strong><em>constituens,</em></strong></span> <span class='ocrx_word' id='word_1_253' title='bbox 2057 2015 2150 2066; x_wconf 74' lang='grc' dir='ltr'><strong><em>πίστις</em></strong></span> 
     </span>
    </p>
   </div>
   <div class='ocr_carea' id='block_1_7' title="bbox 348 2093 2191 5881">
    <p class='ocr_par' dir='ltr' id='par_1_7' title="bbox 448 2093 2191 3201">
     <span class='ocr_line' id='line_1_19' title="bbox 450 2093 1492 2168; baseline -0.003 -20"><span class='ocrx_word' id='word_1_254' title='bbox 450 2110 505 2165; x_wconf 88' lang='lat' dir='ltr'><strong><em>que</em></strong></span> <span class='ocrx_word' id='word_1_255' title='bbox 531 2094 583 2149; x_wconf 91' lang='lat' dir='ltr'><strong><em>hac</em></strong></span> <span class='ocrx_word' id='word_1_256' title='bbox 608 2095 671 2150; x_wconf 87' lang='lat' dir='ltr'><strong><em>luce</em></strong></span> <span class='ocrx_word' id='word_1_257' title='bbox 697 2096 774 2151; x_wconf 83' lang='lat' dir='ltr'><strong><em>verbi</em></strong></span> <span class='ocrx_word' id='word_1_258' title='bbox 804 2102 832 2152; x_wconf 90' lang='lat' dir='ltr'><strong><em>et</em></strong></span> <span class='ocrx_word' id='word_1_259' title='bbox 855 2096 921 2151; x_wconf 88' lang='lat' dir='ltr'><strong><em>fidei</em></strong></span> <span class='ocrx_word' id='word_1_260' title='bbox 948 2113 1058 2167; x_wconf 88' lang='lat' dir='ltr'><strong><em>semper</em></strong></span> <span class='ocrx_word' id='word_1_261' title='bbox 1079 2096 1185 2168; x_wconf 81' lang='lat' dir='ltr'><strong><em>cogitat</em></strong></span> <span class='ocrx_word' id='word_1_262' title='bbox 1208 2114 1286 2152; x_wconf 87' lang='lat' dir='ltr'><strong><em>mens</em></strong></span> <span class='ocrx_word' id='word_1_263' title='bbox 1312 2093 1492 2146; x_wconf 52' lang='lat' dir='ltr'><strong><em>mentemst*</em></strong></span> 
     </span>
     <span class='ocr_line' id='line_1_20' title="bbox 450 2179 2146 2253; baseline -0.001 -19"><span class='ocrx_word' id='word_1_264' title='bbox 450 2180 586 2235; x_wconf 88' lang='lat' dir='ltr'><strong><em>humana:</em></strong></span> <span class='ocrx_word' id='word_1_265' title='bbox 609 2182 670 2253; x_wconf 89' lang='lat' dir='ltr'><strong><em>quis</em></strong></span> <span class='ocrx_word' id='word_1_266' title='bbox 690 2183 750 2249; x_wconf 89' lang='lat' dir='ltr'><strong><em>scit,</em></strong></span> <span class='ocrx_word' id='word_1_267' title='bbox 768 2200 804 2237; x_wconf 91' lang='lat' dir='ltr'><strong><em>an</em></strong></span> <span class='ocrx_word' id='word_1_268' title='bbox 823 2183 883 2251; x_wconf 87' lang='lat' dir='ltr'><strong><em>hoc,</em></strong></span> <span class='ocrx_word' id='word_1_269' title='bbox 902 2183 977 2253; x_wconf 93' lang='lat' dir='ltr'><strong><em>quod</em></strong></span> <span class='ocrx_word' id='word_1_270' title='bbox 996 2199 1072 2252; x_wconf 83' lang='lat' dir='ltr'><strong><em>agas,</em></strong></span> <span class='ocrx_word' id='word_1_271' title='bbox 1088 2182 1198 2252; x_wconf 88' lang='lat' dir='ltr'><strong><em>placeat</em></strong></span> <span class='ocrx_word' id='word_1_272' title='bbox 1215 2183 1285 2251; x_wconf 89' lang='lat' dir='ltr'><strong><em>Deo,</em></strong></span> <span class='ocrx_word' id='word_1_273' title='bbox 1350 2184 1388 2233; x_wconf 83' lang='grc'><strong><em>19.</em></strong></span> <span class='ocrx_word' id='word_1_274' title='bbox 1423 2179 1486 2233; x_wconf 90' lang='lat' dir='ltr'><strong><em>Hoc</em></strong></span> <span class='ocrx_word' id='word_1_275' title='bbox 1512 2196 1578 2251; x_wconf 87' lang='lat' dir='ltr'><strong><em>ergo</em></strong></span> <span class='ocrx_word' id='word_1_276' title='bbox 1605 2180 1748 2243; x_wconf 87' lang='lat' dir='ltr'><strong><em>volumus,</em></strong></span> <span class='ocrx_word' id='word_1_277' title='bbox 1778 2181 1889 2251; x_wconf 89' lang='lat' dir='ltr'><strong><em>quando</em></strong></span> <span class='ocrx_word' id='word_1_278' title='bbox 1907 2180 1991 2235; x_wconf 88' lang='lat' dir='ltr'><strong><em>fidem</em></strong></span> <span class='ocrx_word' id='word_1_279' title='bbox 2011 2180 2146 2235; x_wconf 85' lang='lat' dir='ltr'><strong><em>bonorum</em></strong></span> 
     </span>
     <span class='ocr_line' id='line_1_21' title="bbox 448 2264 2148 2339; baseline 0 -19"><span class='ocrx_word' id='word_1_280' title='bbox 448 2282 485 2320; x_wconf 91' lang='lat' dir='ltr'><strong><em>an</em></strong></span> <span class='ocrx_word' id='word_1_281' title='bbox 508 2266 545 2319; x_wconf 91' lang='lat' dir='ltr'><strong><em>sit</em></strong></span> <span class='ocrx_word' id='word_1_282' title='bbox 568 2283 632 2322; x_wconf 85' lang='lat' dir='ltr'><strong><em>vere</em></strong></span> <span class='ocrx_word' id='word_1_283' title='bbox 658 2266 762 2322; x_wconf 91' lang='lat' dir='ltr'><strong><em>bonum</em></strong></span> <span class='ocrx_word' id='word_1_284' title='bbox 782 2268 873 2338; x_wconf 85' lang='lat' dir='ltr'><strong><em>opus?</em></strong></span> <span class='ocrx_word' id='word_1_285' title='bbox 892 2284 959 2339; x_wconf 85' lang='lat' dir='ltr'><strong><em>ergo</em></strong></span> <span class='ocrx_word' id='word_1_286' title='bbox 976 2276 1008 2322; x_wconf 94' lang='lat' dir='ltr'><strong><em>ut</em></strong></span> <span class='ocrx_word' id='word_1_287' title='bbox 1026 2284 1112 2338; x_wconf 87' lang='lat' dir='ltr'><strong><em>opera</em></strong></span> <span class='ocrx_word' id='word_1_288' title='bbox 1129 2268 1286 2323; x_wconf 83' lang='lat' dir='ltr'><strong><em>verobona</em></strong></span> <span class='ocrx_word' id='word_1_289' title='bbox 1312 2282 1426 2336; x_wconf 89' lang='lat' dir='ltr'><strong><em>operum</em></strong></span> <span class='ocrx_word' id='word_1_290' title='bbox 1444 2264 1561 2320; x_wconf 89' lang='lat' dir='ltr'><strong><em>formam</em></strong></span> <span class='ocrx_word' id='word_1_291' title='bbox 1581 2283 1640 2320; x_wconf 89' lang='lat' dir='ltr'><strong><em>esse</em></strong></span> <span class='ocrx_word' id='word_1_292' title='bbox 1659 2266 1784 2335; x_wconf 87' lang='lat' dir='ltr'><strong><em>dicimus,</em></strong></span> <span class='ocrx_word' id='word_1_293' title='bbox 1805 2267 1880 2337; x_wconf 91' lang='lat' dir='ltr'><strong><em>quod</em></strong></span> <span class='ocrx_word' id='word_1_294' title='bbox 1899 2266 2024 2321; x_wconf 88' lang='lat' dir='ltr'><strong><em>Christus</em></strong></span> <span class='ocrx_word' id='word_1_295' title='bbox 2043 2268 2148 2320; x_wconf 88' lang='lat' dir='ltr'><strong><em>media-</em></strong></span> 
     </span>
     <span class='ocr_line' id='line_1_22' title="bbox 448 2351 2149 2427; baseline -0.002 -21"><span class='ocrx_word' id='word_1_296' title='bbox 448 2358 478 2406; x_wconf 90' lang='lat' dir='ltr'><strong><em>et</em></strong></span> <span class='ocrx_word' id='word_1_297' title='bbox 501 2351 562 2407; x_wconf 91' lang='lat' dir='ltr'><strong><em>Deo</em></strong></span> <span class='ocrx_word' id='word_1_298' title='bbox 595 2360 677 2424; x_wconf 80' lang='lat' dir='ltr'><strong><em>grata</em></strong></span> <span class='ocrx_word' id='word_1_299' title='bbox 701 2353 783 2423; x_wconf 90' lang='lat' dir='ltr'><strong><em>fiant,</em></strong></span> <span class='ocrx_word' id='word_1_300' title='bbox 809 2354 960 2427; x_wconf 90' lang='lat' dir='ltr'><strong><em>requiritur</em></strong></span> <span class='ocrx_word' id='word_1_301' title='bbox 983 2354 1030 2408; x_wconf 85' lang='lat' dir='ltr'><strong><em>lux</em></strong></span> <span class='ocrx_word' id='word_1_302' title='bbox 1054 2354 1131 2410; x_wconf 84' lang='lat' dir='ltr'><strong><em>verbi</em></strong></span> <span class='ocrx_word' id='word_1_303' title='bbox 1156 2362 1185 2410; x_wconf 94' lang='lat' dir='ltr'><strong><em>et</em></strong></span> <span class='ocrx_word' id='word_1_304' title='bbox 1209 2354 1284 2410; x_wconf 89' lang='lat' dir='ltr'><strong><em>fidei.</em></strong></span> <span class='ocrx_word' id='word_1_305' title='bbox 1311 2359 1355 2405; x_wconf 89' lang='lat' dir='ltr'><strong><em>tor</em></strong></span> <span class='ocrx_word' id='word_1_306' title='bbox 1372 2368 1438 2406; x_wconf 86' lang='lat' dir='ltr'><strong><em>vera</em></strong></span> <span class='ocrx_word' id='word_1_307' title='bbox 1454 2351 1509 2407; x_wconf 89' lang='lat' dir='ltr'><strong><em>fide</em></strong></span> <span class='ocrx_word' id='word_1_308' title='bbox 1527 2353 1715 2423; x_wconf 88' lang='lat' dir='ltr'><strong><em>apprehensus</em></strong></span> <span class='ocrx_word' id='word_1_309' title='bbox 1734 2360 1763 2407; x_wconf 91' lang='lat' dir='ltr'><strong><em>et</em></strong></span> <span class='ocrx_word' id='word_1_310' title='bbox 1781 2352 1919 2407; x_wconf 90' lang='lat' dir='ltr'><strong><em>hominem</em></strong></span> <span class='ocrx_word' id='word_1_311' title='bbox 1938 2359 1966 2407; x_wconf 90' lang='lat' dir='ltr'><strong><em>et</em></strong></span> <span class='ocrx_word' id='word_1_312' title='bbox 1990 2369 2075 2423; x_wconf 89' lang='lat' dir='ltr'><strong><em>opera</em></strong></span> <span class='ocrx_word' id='word_1_313' title='bbox 2088 2354 2149 2422; x_wconf 87' lang='lat' dir='ltr'><strong><em>ejus</em></strong></span> 
     </span>
     <span class='ocr_line' id='line_1_23' title="bbox 450 2436 2148 2512; baseline 0.002 -23"><span class='ocrx_word' id='word_1_314' title='bbox 450 2439 475 2490; x_wconf 83' lang='grc'><strong><em>2,</em></strong></span> <span class='ocrx_word' id='word_1_315' title='bbox 495 2438 617 2492; x_wconf 83' lang='lat' dir='ltr'><strong><em>Ratione</em></strong></span> <span class='ocrx_word' id='word_1_316' title='bbox 637 2440 781 2510; x_wconf 82' lang='lat' dir='ltr'><strong><em>fiduciae;</em></strong></span> <span class='ocrx_word' id='word_1_317' title='bbox 807 2439 982 2512; x_wconf 79' lang='lat' dir='ltr'><strong><em>evangelium</em></strong></span> <span class='ocrx_word' id='word_1_318' title='bbox 1001 2440 1097 2509; x_wconf 89' lang='lat' dir='ltr'><strong><em>docet,</em></strong></span> <span class='ocrx_word' id='word_1_319' title='bbox 1119 2458 1169 2495; x_wconf 88' lang='lat' dir='ltr'><strong><em>nos</em></strong></span> <span class='ocrx_word' id='word_1_320' title='bbox 1189 2458 1285 2495; x_wconf 90' lang='lat' dir='ltr'><strong><em>recon-</em></strong></span> <span class='ocrx_word' id='word_1_321' title='bbox 1311 2436 1373 2492; x_wconf 90' lang='lat' dir='ltr'><strong><em>Deo</em></strong></span> <span class='ocrx_word' id='word_1_322' title='bbox 1399 2445 1515 2507; x_wconf 88' lang='lat' dir='ltr'><strong><em>accepta</em></strong></span> <span class='ocrx_word' id='word_1_323' title='bbox 1543 2439 1653 2503; x_wconf 87' lang='lat' dir='ltr'><strong><em>reddat,</em></strong></span> <span class='ocrx_word' id='word_1_324' title='bbox 1682 2439 1756 2511; x_wconf 91' lang='lat' dir='ltr'><strong><em>quod</em></strong></span> <span class='ocrx_word' id='word_1_325' title='bbox 1782 2446 1896 2509; x_wconf 86' lang='lat' dir='ltr'><strong><em>propter</em></strong></span> <span class='ocrx_word' id='word_1_326' title='bbox 1926 2436 2066 2493; x_wconf 83' lang='lat' dir='ltr'><strong><em>Christum</em></strong></span> <span class='ocrx_word' id='word_1_327' title='bbox 2093 2456 2148 2492; x_wconf 92' lang='lat' dir='ltr'><strong><em>non</em></strong></span> 
     </span>
     <span class='ocr_line' id='line_1_24' title="bbox 449 2522 2147 2598; baseline 0.001 -22"><span class='ocrx_word' id='word_1_328' title='bbox 449 2522 539 2577; x_wconf 80' lang='lat' dir='ltr'><strong><em>ciliani</em></strong></span> <span class='ocrx_word' id='word_1_329' title='bbox 567 2523 628 2579; x_wconf 86' lang='lat' dir='ltr'><strong><em>Deo</em></strong></span> <span class='ocrx_word' id='word_1_330' title='bbox 652 2541 685 2579; x_wconf 89' lang='lat' dir='ltr'><strong><em>ac</em></strong></span> <span class='ocrx_word' id='word_1_331' title='bbox 714 2524 743 2579; x_wconf 90' lang='lat' dir='ltr'><strong><em>in</em></strong></span> <span class='ocrx_word' id='word_1_332' title='bbox 768 2524 840 2579; x_wconf 91' lang='lat' dir='ltr'><strong><em>filios</em></strong></span> <span class='ocrx_word' id='word_1_333' title='bbox 868 2525 904 2580; x_wconf 93' lang='lat' dir='ltr'><strong><em>ab</em></strong></span> <span class='ocrx_word' id='word_1_334' title='bbox 927 2526 987 2595; x_wconf 90' lang='lat' dir='ltr'><strong><em>ipso</em></strong></span> <span class='ocrx_word' id='word_1_335' title='bbox 1015 2527 1144 2597; x_wconf 87' lang='lat' dir='ltr'><strong><em>adoptari</em></strong></span> <span class='ocrx_word' id='word_1_336' title='bbox 1172 2534 1285 2598; x_wconf 87' lang='lat' dir='ltr'><strong><em>propter</em></strong></span> <span class='ocrx_word' id='word_1_337' title='bbox 1311 2524 1400 2578; x_wconf 86' lang='lat' dir='ltr'><strong><em>solum</em></strong></span> <span class='ocrx_word' id='word_1_338' title='bbox 1430 2540 1549 2594; x_wconf 91' lang='lat' dir='ltr'><strong><em>persona</em></strong></span> <span class='ocrx_word' id='word_1_339' title='bbox 1572 2523 1634 2578; x_wconf 92' lang='lat' dir='ltr'><strong><em>Deo</em></strong></span> <span class='ocrx_word' id='word_1_340' title='bbox 1664 2522 1718 2578; x_wconf 88' lang='lat' dir='ltr'><strong><em>fide</em></strong></span> <span class='ocrx_word' id='word_1_341' title='bbox 1752 2524 1958 2594; x_wconf 87' lang='lat' dir='ltr'><strong><em>reconcilietur,</em></strong></span> <span class='ocrx_word' id='word_1_342' title='bbox 1989 2525 2038 2579; x_wconf 87' lang='lat' dir='ltr'><strong><em>sed</em></strong></span> <span class='ocrx_word' id='word_1_343' title='bbox 2065 2525 2147 2579; x_wconf 74' lang='lat' dir='ltr'><strong><em>eham</em></strong></span> 
     </span>
     <span class='ocr_line' id='line_1_25' title="bbox 449 2608 2148 2683; baseline 0 -20"><span class='ocrx_word' id='word_1_344' title='bbox 449 2608 606 2677; x_wconf 81' lang='lat' dir='ltr'><strong><em>Christum3</em></strong></span> <span class='ocrx_word' id='word_1_345' title='bbox 631 2610 705 2667; x_wconf 89' lang='lat' dir='ltr'><strong><em>hunc</em></strong></span> <span class='ocrx_word' id='word_1_346' title='bbox 722 2611 810 2683; x_wconf 83' lang='lat' dir='ltr'><strong><em>igitur</em></strong></span> <span class='ocrx_word' id='word_1_347' title='bbox 833 2610 902 2666; x_wconf 89' lang='lat' dir='ltr'><strong><em>fides</em></strong></span> <span class='ocrx_word' id='word_1_348' title='bbox 923 2611 1108 2682; x_wconf 80' lang='lat' dir='ltr'><strong><em>apprehendit</em></strong></span> <span class='ocrx_word' id='word_1_349' title='bbox 1126 2629 1160 2667; x_wconf 88' lang='lat' dir='ltr'><strong><em>ac</em></strong></span> <span class='ocrx_word' id='word_1_350' title='bbox 1179 2614 1286 2682; x_wconf 81' lang='lat' dir='ltr'><strong><em>statuit,</em></strong></span> <span class='ocrx_word' id='word_1_351' title='bbox 1311 2626 1396 2680; x_wconf 87' lang='lat' dir='ltr'><strong><em>opera</em></strong></span> <span class='ocrx_word' id='word_1_352' title='bbox 1418 2610 1556 2665; x_wconf 89' lang='lat' dir='ltr'><strong><em>credentis</em></strong></span> <span class='ocrx_word' id='word_1_353' title='bbox 1581 2610 1643 2665; x_wconf 86' lang='lat' dir='ltr'><strong><em>Deo</em></strong></span> <span class='ocrx_word' id='word_1_354' title='bbox 1671 2610 1817 2680; x_wconf 82' lang='lat' dir='ltr'><strong><em>placeant,</em></strong></span> <span class='ocrx_word' id='word_1_355' title='bbox 1841 2610 1915 2680; x_wconf 90' lang='lat' dir='ltr'><strong><em>quod</em></strong></span> <span class='ocrx_word' id='word_1_356' title='bbox 1939 2609 1995 2664; x_wconf 90' lang='lat' dir='ltr'><strong><em>fide</em></strong></span> <span class='ocrx_word' id='word_1_357' title='bbox 2019 2611 2048 2665; x_wconf 89' lang='lat' dir='ltr'><strong><em>in</em></strong></span> <span class='ocrx_word' id='word_1_358' title='bbox 2069 2610 2148 2664; x_wconf 88' lang='lat' dir='ltr'><strong><em>Chri·</em></strong></span> 
     </span>
     <span class='ocr_line' id='line_1_26' title="bbox 449 2695 2147 2769; baseline 0.001 -20"><span class='ocrx_word' id='word_1_359' title='bbox 449 2701 564 2768; x_wconf 86' lang='lat' dir='ltr'><strong><em>propter</em></strong></span> <span class='ocrx_word' id='word_1_360' title='bbox 586 2697 676 2768; x_wconf 91' lang='lat' dir='ltr'><strong><em>ipsum</em></strong></span> <span class='ocrx_word' id='word_1_361' title='bbox 700 2704 728 2752; x_wconf 88' lang='lat' dir='ltr'><strong><em>et</em></strong></span> <span class='ocrx_word' id='word_1_362' title='bbox 751 2715 802 2753; x_wconf 89' lang='lat' dir='ltr'><strong><em>nos</em></strong></span> <span class='ocrx_word' id='word_1_363' title='bbox 825 2704 853 2753; x_wconf 93' lang='lat' dir='ltr'><strong><em>et</em></strong></span> <span class='ocrx_word' id='word_1_364' title='bbox 870 2715 955 2767; x_wconf 90' lang='lat' dir='ltr'><strong><em>opera</em></strong></span> <span class='ocrx_word' id='word_1_365' title='bbox 974 2705 1069 2753; x_wconf 73' lang='lat' dir='ltr'><strong><em>noema</em></strong></span> <span class='ocrx_word' id='word_1_366' title='bbox 1085 2699 1147 2753; x_wconf 89' lang='lat' dir='ltr'><strong><em>Deo</em></strong></span> <span class='ocrx_word' id='word_1_367' title='bbox 1166 2699 1284 2769; x_wconf 82' lang='lat' dir='ltr'><strong><em>placere,</em></strong></span> <span class='ocrx_word' id='word_1_368' title='bbox 1311 2704 1384 2750; x_wconf 89' lang='lat' dir='ltr'><strong><em>stum</em></strong></span> <span class='ocrx_word' id='word_1_369' title='bbox 1410 2696 1492 2750; x_wconf 87' lang='lat' dir='ltr'><strong><em>detur</em></strong></span> <span class='ocrx_word' id='word_1_370' title='bbox 1516 2695 1641 2750; x_wconf 89' lang='lat' dir='ltr'><strong><em>remissio</em></strong></span> <span class='ocrx_word' id='word_1_371' title='bbox 1660 2704 1837 2766; x_wconf 88' lang='lat' dir='ltr'><strong><em>peccatorum</em></strong></span> <span class='ocrx_word' id='word_1_372' title='bbox 1857 2714 1912 2750; x_wconf 92' lang='lat' dir='ltr'><strong><em>non</em></strong></span> <span class='ocrx_word' id='word_1_373' title='bbox 1930 2697 2018 2752; x_wconf 89' lang='lat' dir='ltr'><strong><em>solum</em></strong></span> <span class='ocrx_word' id='word_1_374' title='bbox 2036 2713 2147 2767; x_wconf 87' lang='lat' dir='ltr'><strong><em>pracce-</em></strong></span> 
     </span>
     <span class='ocr_line' id='line_1_27' title="bbox 449 2781 2149 2854; baseline 0 -18"><span class='ocrx_word' id='word_1_375' title='bbox 449 2782 519 2837; x_wconf 91' lang='lat' dir='ltr'><strong><em>haec</em></strong></span> <span class='ocrx_word' id='word_1_376' title='bbox 543 2782 663 2837; x_wconf 89' lang='lat' dir='ltr'><strong><em>fiduciae</em></strong></span> <span class='ocrx_word' id='word_1_377' title='bbox 687 2783 824 2839; x_wconf 75' lang='lat' dir='ltr'><strong><em>certitudo</em></strong></span> <span class='ocrx_word' id='word_1_378' title='bbox 849 2784 999 2854; x_wconf 88' lang='lat' dir='ltr'><strong><em>requiritur</em></strong></span> <span class='ocrx_word' id='word_1_379' title='bbox 1022 2784 1133 2840; x_wconf 90' lang='lat' dir='ltr'><strong><em>omnino</em></strong></span> <span class='ocrx_word' id='word_1_380' title='bbox 1153 2784 1182 2838; x_wconf 91' lang='lat' dir='ltr'><strong><em>in</em></strong></span> <span class='ocrx_word' id='word_1_381' title='bbox 1205 2785 1285 2840; x_wconf 90' lang='lat' dir='ltr'><strong><em>bonis</em></strong></span> <span class='ocrx_word' id='word_1_382' title='bbox 1313 2782 1443 2851; x_wconf 89' lang='lat' dir='ltr'><strong><em>dentium,</em></strong></span> <span class='ocrx_word' id='word_1_383' title='bbox 1463 2782 1512 2836; x_wconf 89' lang='lat' dir='ltr'><strong><em>sed</em></strong></span> <span class='ocrx_word' id='word_1_384' title='bbox 1530 2783 1613 2838; x_wconf 88' lang='lat' dir='ltr'><strong><em>etiam</em></strong></span> <span class='ocrx_word' id='word_1_385' title='bbox 1631 2781 1821 2837; x_wconf 88' lang='lat' dir='ltr'><strong><em>infirmitatum</em></strong></span> <span class='ocrx_word' id='word_1_386' title='bbox 1840 2782 2057 2852; x_wconf 90' lang='lat' dir='ltr'><strong><em>adhaerentium,</em></strong></span> <span class='ocrx_word' id='word_1_387' title='bbox 2076 2800 2149 2853; x_wconf 89' lang='lat' dir='ltr'><strong><em>quae</em></strong></span> 
     </span>
     <span class='ocr_line' id='line_1_28' title="bbox 450 2868 2148 2940; baseline 0.001 -17"><span class='ocrx_word' id='word_1_388' title='bbox 450 2869 594 2939; x_wconf 90' lang='lat' dir='ltr'><strong><em>operibus,</em></strong></span> <span class='ocrx_word' id='word_1_389' title='bbox 617 2876 649 2924; x_wconf 91' lang='lat' dir='ltr'><strong><em>ut</em></strong></span> <span class='ocrx_word' id='word_1_390' title='bbox 666 2869 813 2925; x_wconf 80' lang='lat' dir='ltr'><strong><em>haesitatio</em></strong></span> <span class='ocrx_word' id='word_1_391' title='bbox 830 2878 858 2925; x_wconf 92' lang='lat' dir='ltr'><strong><em>et</em></strong></span> <span class='ocrx_word' id='word_1_392' title='bbox 876 2871 1021 2926; x_wconf 88' lang='lat' dir='ltr'><strong><em>fluctuatio</em></strong></span> <span class='ocrx_word' id='word_1_393' title='bbox 1038 2871 1223 2927; x_wconf 90' lang='lat' dir='ltr'><strong><em>conscientiae</em></strong></span> <span class='ocrx_word' id='word_1_394' title='bbox 1240 2890 1284 2926; x_wconf 86' lang='lat' dir='ltr'><strong><em>ex·</em></strong></span> <span class='ocrx_word' id='word_1_395' title='bbox 1311 2868 1372 2939; x_wconf 90' lang='lat' dir='ltr'><strong><em>ipsa</em></strong></span> <span class='ocrx_word' id='word_1_396' title='bbox 1391 2868 1465 2923; x_wconf 88' lang='lat' dir='ltr'><strong><em>bona</em></strong></span> <span class='ocrx_word' id='word_1_397' title='bbox 1484 2885 1569 2939; x_wconf 89' lang='lat' dir='ltr'><strong><em>opera</em></strong></span> <span class='ocrx_word' id='word_1_398' title='bbox 1587 2868 1785 2924; x_wconf 81' lang='lat' dir='ltr'><strong><em>contaminant</em></strong></span> <span class='ocrx_word' id='word_1_399' title='bbox 1816 2868 1999 2940; x_wconf 81' lang='lat' dir='ltr'><strong><em>Nequaquam</em></strong></span> <span class='ocrx_word' id='word_1_400' title='bbox 2017 2886 2082 2924; x_wconf 87' lang='lat' dir='ltr'><strong><em>vero</em></strong></span> <span class='ocrx_word' id='word_1_401' title='bbox 2095 2870 2148 2924; x_wconf 90' lang='lat' dir='ltr'><strong><em>hoc</em></strong></span> 
     </span>
     <span class='ocr_line' id='line_1_29' title="bbox 450 2954 2148 3027; baseline -0.001 -18"><span class='ocrx_word' id='word_1_402' title='bbox 450 2955 591 3020; x_wconf 87' lang='lat' dir='ltr'><strong><em>cludatur,</em></strong></span> <span class='ocrx_word' id='word_1_403' title='bbox 618 2955 736 3027; x_wconf 90' lang='lat' dir='ltr'><strong><em>ideoque</em></strong></span> <span class='ocrx_word' id='word_1_404' title='bbox 758 2974 821 3011; x_wconf 91' lang='lat' dir='ltr'><strong><em>cum</em></strong></span> <span class='ocrx_word' id='word_1_405' title='bbox 844 2957 985 3027; x_wconf 85' lang='lat' dir='ltr'><strong><em>apostolus</em></strong></span> <span class='ocrx_word' id='word_1_406' title='bbox 1010 2957 1089 3013; x_wconf 87' lang='lat' dir='ltr'><strong><em>Rom.</em></strong></span> <span class='ocrx_word' id='word_1_407' title='bbox 1118 2965 1163 3025; x_wconf 82' lang='grc'><strong><em>11,</em></strong></span> <span class='ocrx_word' id='word_1_408' title='bbox 1191 2975 1218 3014; x_wconf 81' lang='lat' dir='ltr'><strong><em>v.</em></strong></span> <span class='ocrx_word' id='word_1_409' title='bbox 1243 2964 1284 3014; x_wconf 87' lang='grc'><strong><em>23.</em></strong></span> <span class='ocrx_word' id='word_1_410' title='bbox 1312 2971 1395 3009; x_wconf 91' lang='lat' dir='ltr'><strong><em>sensu</em></strong></span> <span class='ocrx_word' id='word_1_411' title='bbox 1412 2954 1624 3025; x_wconf 84' lang='lat' dir='ltr'><strong><em>intelligendum</em></strong></span> <span class='ocrx_word' id='word_1_412' title='bbox 1642 2963 1693 3023; x_wconf 89' lang='lat' dir='ltr'><strong><em>est,</em></strong></span> <span class='ocrx_word' id='word_1_413' title='bbox 1711 2955 1795 3009; x_wconf 88' lang='lat' dir='ltr'><strong><em>iidem</em></strong></span> <span class='ocrx_word' id='word_1_414' title='bbox 1812 2956 2019 3011; x_wconf 89' lang='lat' dir='ltr'><strong><em>essebonorum</em></strong></span> <span class='ocrx_word' id='word_1_415' title='bbox 2032 2972 2148 3026; x_wconf 90' lang='lat' dir='ltr'><strong><em>operum</em></strong></span> 
     </span>
     <span class='ocr_line' id='line_1_30' title="bbox 451 3039 2191 3113; baseline -0.002 -18"><span class='ocrx_word' id='word_1_416' title='bbox 451 3041 603 3110; x_wconf 88' lang='lat' dir='ltr'><strong><em>docuisset,</em></strong></span> <span class='ocrx_word' id='word_1_417' title='bbox 629 3041 699 3096; x_wconf 91' lang='lat' dir='ltr'><strong><em>nihil</em></strong></span> <span class='ocrx_word' id='word_1_418' title='bbox 727 3059 787 3113; x_wconf 85' lang='lat' dir='ltr'><strong><em>esse</em></strong></span> <span class='ocrx_word' id='word_1_419' title='bbox 813 3042 966 3099; x_wconf 88' lang='lat' dir='ltr'><strong><em>fluctuante</em></strong></span> <span class='ocrx_word' id='word_1_420' title='bbox 992 3050 1020 3099; x_wconf 90' lang='lat' dir='ltr'><strong><em>et</em></strong></span> <span class='ocrx_word' id='word_1_421' title='bbox 1041 3044 1196 3099; x_wconf 85' lang='lat' dir='ltr'><strong><em>haesitante</em></strong></span> <span class='ocrx_word' id='word_1_422' title='bbox 1222 3061 1285 3099; x_wconf 89' lang='lat' dir='ltr'><strong><em>con·</em></strong></span> <span class='ocrx_word' id='word_1_423' title='bbox 1311 3040 1438 3105; x_wconf 85' lang='lat' dir='ltr'><strong><em>formam,</em></strong></span> <span class='ocrx_word' id='word_1_424' title='bbox 1465 3041 1544 3112; x_wconf 90' lang='lat' dir='ltr'><strong><em>quasi</em></strong></span> <span class='ocrx_word' id='word_1_425' title='bbox 1565 3039 1667 3095; x_wconf 85' lang='lat' dir='ltr'><strong><em>Christi</em></strong></span> <span class='ocrx_word' id='word_1_426' title='bbox 1689 3041 1801 3112; x_wconf 89' lang='lat' dir='ltr'><strong><em>justitia</em></strong></span> <span class='ocrx_word' id='word_1_427' title='bbox 1824 3047 1852 3096; x_wconf 91' lang='lat' dir='ltr'><strong><em>et</em></strong></span> <span class='ocrx_word' id='word_1_428' title='bbox 1869 3041 2021 3096; x_wconf 87' lang='lat' dir='ltr'><strong><em>satisfactio</em></strong></span> <span class='ocrx_word' id='word_1_429' title='bbox 2040 3042 2080 3095; x_wconf 88' lang='lat' dir='ltr'><strong><em>ita</em></strong></span> <span class='ocrx_word' id='word_1_430' title='bbox 2098 3042 2148 3095; x_wconf 90' lang='lat' dir='ltr'><strong><em>im·</em></strong></span> <span class='ocrx_word' id='word_1_431' title='bbox 2164 3052 2191 3092; x_wconf 83' lang='lat' dir='ltr'><strong><em>vr</em></strong></span> 
     </span>
     <span class='ocr_line' id='line_1_31' title="bbox 450 3126 2150 3201; baseline 0 -20"><span class='ocrx_word' id='word_1_432' title='bbox 450 3126 566 3182; x_wconf 89' lang='lat' dir='ltr'><strong><em>scientia</em></strong></span> <span class='ocrx_word' id='word_1_433' title='bbox 583 3126 759 3197; x_wconf 88' lang='lat' dir='ltr'><strong><em>faciendum,</em></strong></span> <span class='ocrx_word' id='word_1_434' title='bbox 777 3128 857 3183; x_wconf 89' lang='lat' dir='ltr'><strong><em>addit</em></strong></span> <span class='ocrx_word' id='word_1_435' title='bbox 874 3128 1031 3201; x_wconf 79' lang='lat' dir='ltr'><strong><em>generalem</em></strong></span> <span class='ocrx_word' id='word_1_436' title='bbox 1049 3129 1189 3201; x_wconf 85' lang='lat' dir='ltr'><strong><em>regulam:</em></strong></span> <span class='ocrx_word' id='word_1_437' title='bbox 1210 3132 1285 3199; x_wconf 80' lang='lat' dir='ltr'><strong><em>quic·</em></strong></span> <span class='ocrx_word' id='word_1_438' title='bbox 1312 3132 1426 3198; x_wconf 87' lang='lat' dir='ltr'><strong><em>putetur</em></strong></span> <span class='ocrx_word' id='word_1_439' title='bbox 1451 3127 1595 3197; x_wconf 89' lang='lat' dir='ltr'><strong><em>operibus,</em></strong></span> <span class='ocrx_word' id='word_1_440' title='bbox 1621 3134 1653 3181; x_wconf 91' lang='lat' dir='ltr'><strong><em>ut</em></strong></span> <span class='ocrx_word' id='word_1_441' title='bbox 1678 3146 1728 3198; x_wconf 88' lang='lat' dir='ltr'><strong><em>per</em></strong></span> <span class='ocrx_word' id='word_1_442' title='bbox 1748 3135 1842 3182; x_wconf 88' lang='lat' dir='ltr'><strong><em>nostra</em></strong></span> <span class='ocrx_word' id='word_1_443' title='bbox 1865 3127 1914 3182; x_wconf 88' lang='lat' dir='ltr'><strong><em>illa</em></strong></span> <span class='ocrx_word' id='word_1_444' title='bbox 1940 3144 2024 3199; x_wconf 84' lang='lat' dir='ltr'><strong><em>opera</em></strong></span> <span class='ocrx_word' id='word_1_445' title='bbox 2046 3128 2074 3180; x_wconf 90' lang='lat' dir='ltr'><strong><em>in</em></strong></span> <span class='ocrx_word' id='word_1_446' title='bbox 2093 3128 2150 3181; x_wconf 90' lang='lat' dir='ltr'><strong><em>Dei</em></strong></span> 
     </span>
    </p>

    <p class='ocr_par' dir='ltr' id='par_1_8' title="bbox 348 3213 2191 5881">
     <span class='ocr_line' id='line_1_32' title="bbox 348 3213 2150 3287; baseline -0.001 -20"><span class='ocrx_word' id='word_1_447' title='bbox 348 3262 359 3283; x_wconf 81' lang='grc'><strong>,</strong></span> <span class='ocrx_word' id='word_1_448' title='bbox 450 3214 523 3284; x_wconf 83' lang='lat' dir='ltr'><strong><em>quid</em></strong></span> <span class='ocrx_word' id='word_1_449' title='bbox 545 3233 601 3269; x_wconf 89' lang='lat' dir='ltr'><strong><em>non</em></strong></span> <span class='ocrx_word' id='word_1_450' title='bbox 618 3217 650 3279; x_wconf 80' lang='lat' dir='ltr'><strong><em>fit</em></strong></span> <span class='ocrx_word' id='word_1_451' title='bbox 671 3232 703 3268; x_wconf 80' lang='lat' dir='ltr'><strong><em>en</em></strong></span> <span class='ocrx_word' id='word_1_452' title='bbox 718 3217 794 3284; x_wconf 82' lang='lat' dir='ltr'><strong><em>fide,</em></strong></span> <span class='ocrx_word' id='word_1_453' title='bbox 817 3224 963 3285; x_wconf 86' lang='lat' dir='ltr'><strong><em>peccatam</em></strong></span> <span class='ocrx_word' id='word_1_454' title='bbox 984 3224 1038 3282; x_wconf 89' lang='lat' dir='ltr'><strong><em>est,</em></strong></span> <span class='ocrx_word' id='word_1_455' title='bbox 1063 3217 1130 3287; x_wconf 87' lang='lat' dir='ltr'><strong><em>quia</em></strong></span> <span class='ocrx_word' id='word_1_456' title='bbox 1149 3216 1292 3272; x_wconf 87' lang='lat' dir='ltr'><strong><em>certitudo·</em></strong></span> <span class='ocrx_word' id='word_1_457' title='bbox 1309 3214 1416 3285; x_wconf 88' lang='lat' dir='ltr'><strong><em>judicio</em></strong></span> <span class='ocrx_word' id='word_1_458' title='bbox 1442 3213 1642 3284; x_wconf 80' lang='lat' dir='ltr'><strong><em>justificemur3</em></strong></span> <span class='ocrx_word' id='word_1_459' title='bbox 1673 3232 1735 3268; x_wconf 87' lang='lat' dir='ltr'><strong><em>curn</em></strong></span> <span class='ocrx_word' id='word_1_460' title='bbox 1764 3215 1836 3267; x_wconf 85' lang='lat' dir='ltr'><strong><em>enim</em></strong></span> <span class='ocrx_word' id='word_1_461' title='bbox 1867 3215 1931 3283; x_wconf 87' lang='lat' dir='ltr'><strong><em>ipsa</em></strong></span> <span class='ocrx_word' id='word_1_462' title='bbox 1957 3217 1999 3282; x_wconf 88' lang='lat' dir='ltr'><strong><em>(ut</em></strong></span> <span class='ocrx_word' id='word_1_463' title='bbox 2026 3232 2089 3268; x_wconf 89' lang='lat' dir='ltr'><strong><em>cum</em></strong></span> <span class='ocrx_word' id='word_1_464' title='bbox 2113 3214 2150 3267; x_wconf 92' lang='lat' dir='ltr'><strong><em>D.</em></strong></span> 
     </span>
     <span class='ocr_line' id='line_1_33' title="bbox 438 3287 2149 3375; baseline -0.001 -22"><span class='ocrx_word' id='word_1_465' title='bbox 438 3287 500 3354; x_wconf 80' lang='lat' dir='ltr'><strong><em>&#39;ills</em></strong></span> <span class='ocrx_word' id='word_1_466' title='bbox 529 3300 558 3354; x_wconf 93' lang='lat' dir='ltr'><strong><em>in</em></strong></span> <span class='ocrx_word' id='word_1_467' title='bbox 589 3300 758 3357; x_wconf 86' lang='lat' dir='ltr'><strong><em>conscientia</em></strong></span> <span class='ocrx_word' id='word_1_468' title='bbox 783 3318 840 3356; x_wconf 89' lang='lat' dir='ltr'><strong><em>non</em></strong></span> <span class='ocrx_word' id='word_1_469' title='bbox 867 3301 953 3356; x_wconf 88' lang='lat' dir='ltr'><strong><em>habet</em></strong></span> <span class='ocrx_word' id='word_1_470' title='bbox 976 3301 1067 3357; x_wconf 91' lang='lat' dir='ltr'><strong><em>locum</em></strong></span> <span class='ocrx_word' id='word_1_471' title='bbox 1088 3302 1194 3375; x_wconf 90' lang='lat' dir='ltr'><strong><em>absque</em></strong></span> <span class='ocrx_word' id='word_1_472' title='bbox 1221 3302 1284 3372; x_wconf 88' lang='lat' dir='ltr'><strong><em>fide,</em></strong></span> <span class='ocrx_word' id='word_1_473' title='bbox 1311 3300 1434 3355; x_wconf 88' lang='lat' dir='ltr'><strong><em>Luthero</em></strong></span> <span class='ocrx_word' id='word_1_474' title='bbox 1453 3300 1609 3370; x_wconf 77' lang='lat' dir='ltr'><strong><em>loquamur)</em></strong></span> <span class='ocrx_word' id='word_1_475' title='bbox 1621 3301 1781 3371; x_wconf 75' lang='lat' dir='ltr'><strong><em>justificari</em></strong></span> <span class='ocrx_word' id='word_1_476' title='bbox 1797 3302 1958 3368; x_wconf 82' lang='lat' dir='ltr'><strong><em>lndiqeant‚</em></strong></span> <span class='ocrx_word' id='word_1_477' title='bbox 1987 3303 2082 3369; x_wconf 79' lang='lat' dir='ltr'><strong><em>utique</em></strong></span> <span class='ocrx_word' id='word_1_478' title='bbox 2096 3319 2149 3353; x_wconf 85' lang='lat' dir='ltr'><strong><em>nos</em></strong></span> 
     </span>
     <span class='ocr_line' id='line_1_34' title="bbox 450 3386 2151 3461; baseline 0.001 -21"><span class='ocrx_word' id='word_1_479' title='bbox 450 3401 523 3456; x_wconf 91' lang='lat' dir='ltr'><strong><em>quae</em></strong></span> <span class='ocrx_word' id='word_1_480' title='bbox 541 3386 599 3441; x_wconf 88' lang='lat' dir='ltr'><strong><em>sola</em></strong></span> <span class='ocrx_word' id='word_1_481' title='bbox 616 3386 813 3442; x_wconf 86' lang='lat' dir='ltr'><strong><em>conscientiam</em></strong></span> <span class='ocrx_word' id='word_1_482' title='bbox 831 3393 953 3443; x_wconf 73' lang='lat' dir='ltr'><strong><em>normam</em></strong></span> <span class='ocrx_word' id='word_1_483' title='bbox 968 3387 1119 3456; x_wconf 85' lang='lat' dir='ltr'><strong><em>confirmat,</em></strong></span> <span class='ocrx_word' id='word_1_484' title='bbox 1135 3390 1211 3461; x_wconf 88' lang='lat' dir='ltr'><strong><em>quod</em></strong></span> <span class='ocrx_word' id='word_1_485' title='bbox 1223 3407 1286 3459; x_wconf 87' lang='lat' dir='ltr'><strong><em>pro·</em></strong></span> <span class='ocrx_word' id='word_1_486' title='bbox 1310 3389 1382 3455; x_wconf 74' lang='lat' dir='ltr'><strong><em>irati</em></strong></span> <span class='ocrx_word' id='word_1_487' title='bbox 1401 3405 1467 3441; x_wconf 85' lang='lat' dir='ltr'><strong><em>care</em></strong></span> <span class='ocrx_word' id='word_1_488' title='bbox 1496 3405 1553 3440; x_wconf 91' lang='lat' dir='ltr'><strong><em>non</em></strong></span> <span class='ocrx_word' id='word_1_489' title='bbox 1575 3394 1719 3457; x_wconf 85' lang='lat' dir='ltr'><strong><em>poterunt.</em></strong></span> <span class='ocrx_word' id='word_1_490' title='bbox 1761 3387 1877 3443; x_wconf 87' lang='lat' dir='ltr'><strong><em>Placent</em></strong></span> <span class='ocrx_word' id='word_1_491' title='bbox 1902 3387 1964 3442; x_wconf 92' lang='lat' dir='ltr'><strong><em>Deo</em></strong></span> <span class='ocrx_word' id='word_1_492' title='bbox 1991 3395 2151 3442; x_wconf 85' lang='lat' dir='ltr'><strong><em>renatorum</em></strong></span> 
     </span>
     <span class='ocr_line' id='line_1_35' title="bbox 450 3471 2151 3546; baseline 0 -18"><span class='ocrx_word' id='word_1_493' title='bbox 450 3471 780 3544; x_wconf 84' lang='lat' dir='ltr'><strong><em>pterChristumpeccata</em></strong></span> <span class='ocrx_word' id='word_1_494' title='bbox 788 3473 1286 3546; x_wconf 87' lang='lat' dir='ltr'><strong><em>nobisremittanturetoperanostra</em></strong></span> <span class='ocrx_word' id='word_1_495' title='bbox 1312 3490 1404 3544; x_wconf 85' lang='lat' dir='ltr'><strong><em>opera,</em></strong></span> <span class='ocrx_word' id='word_1_496' title='bbox 1424 3473 1474 3529; x_wconf 86' lang='lat' dir='ltr'><strong><em>sed</em></strong></span> <span class='ocrx_word' id='word_1_497' title='bbox 1493 3491 1549 3528; x_wconf 91' lang='lat' dir='ltr'><strong><em>non</em></strong></span> <span class='ocrx_word' id='word_1_498' title='bbox 1570 3473 1684 3544; x_wconf 87' lang='lat' dir='ltr'><strong><em>placant</em></strong></span> <span class='ocrx_word' id='word_1_499' title='bbox 1701 3474 1809 3544; x_wconf 88' lang='lat' dir='ltr'><strong><em>Deum;</em></strong></span> <span class='ocrx_word' id='word_1_500' title='bbox 1834 3474 1898 3528; x_wconf 90' lang='lat' dir='ltr'><strong><em>inde</em></strong></span> <span class='ocrx_word' id='word_1_501' title='bbox 1919 3473 2032 3545; x_wconf 87' lang='lat' dir='ltr'><strong><em>quidam</em></strong></span> <span class='ocrx_word' id='word_1_502' title='bbox 2051 3474 2151 3528; x_wconf 87' lang='lat' dir='ltr'><strong><em>distin-</em></strong></span> 
     </span>
     <span class='ocr_line' id='line_1_36' title="bbox 450 3557 2150 3633; baseline 0.004 -22"><span class='ocrx_word' id='word_1_503' title='bbox 450 3557 512 3614; x_wconf 89' lang='lat' dir='ltr'><strong><em>Deo</em></strong></span> <span class='ocrx_word' id='word_1_504' title='bbox 535 3558 672 3629; x_wconf 86' lang='lat' dir='ltr'><strong><em>placeant</em></strong></span> <span class='ocrx_word' id='word_1_505' title='bbox 710 3564 734 3615; x_wconf 87' lang='grc'><strong><em>3.</em></strong></span> <span class='ocrx_word' id='word_1_506' title='bbox 752 3558 837 3615; x_wconf 85' lang='lat' dir='ltr'><strong><em>Fides</em></strong></span> <span class='ocrx_word' id='word_1_507' title='bbox 861 3567 903 3614; x_wconf 87' lang='lat' dir='ltr'><strong><em>est</em></strong></span> <span class='ocrx_word' id='word_1_508' title='bbox 922 3560 1036 3630; x_wconf 87' lang='lat' dir='ltr'><strong><em>insuper</em></strong></span> <span class='ocrx_word' id='word_1_509' title='bbox 1057 3562 1185 3627; x_wconf 78' lang='lat' dir='ltr'><strong><em>efficiens</em></strong></span> <span class='ocrx_word' id='word_1_510' title='bbox 1204 3563 1285 3617; x_wconf 84' lang='lat' dir='ltr'><strong><em>bano-</em></strong></span> <span class='ocrx_word' id='word_1_511' title='bbox 1312 3568 1401 3633; x_wconf 81' lang='lat' dir='ltr'><strong><em>guunt</em></strong></span> <span class='ocrx_word' id='word_1_512' title='bbox 1435 3560 1509 3616; x_wconf 85' lang='lat' dir='ltr'><strong><em>inter</em></strong></span> <span class='ocrx_word' id='word_1_513' title='bbox 1543 3559 1763 3631; x_wconf 88' lang='lat' dir='ltr'><strong><em>acceptationem</em></strong></span> <span class='ocrx_word' id='word_1_514' title='bbox 1798 3576 1936 3632; x_wconf 86' lang='lat' dir='ltr'><strong><em>personae</em></strong></span> <span class='ocrx_word' id='word_1_515' title='bbox 1971 3568 1999 3615; x_wconf 89' lang='lat' dir='ltr'><strong><em>et</em></strong></span> <span class='ocrx_word' id='word_1_516' title='bbox 2025 3577 2150 3631; x_wconf 87' lang='lat' dir='ltr'><strong><em>operum.</em></strong></span> 
     </span>
     <span class='ocr_line' id='line_1_37' title="bbox 450 3644 2191 3718; baseline 0.002 -20"><span class='ocrx_word' id='word_1_517' title='bbox 450 3663 514 3698; x_wconf 81' lang='lat' dir='ltr'><strong><em>ram</em></strong></span> <span class='ocrx_word' id='word_1_518' title='bbox 537 3662 666 3714; x_wconf 85' lang='lat' dir='ltr'><strong><em>operum,</em></strong></span> <span class='ocrx_word' id='word_1_519' title='bbox 692 3644 732 3698; x_wconf 88' lang='lat' dir='ltr'><strong><em>ita</em></strong></span> <span class='ocrx_word' id='word_1_520' title='bbox 756 3644 829 3701; x_wconf 88' lang='lat' dir='ltr'><strong><em>enim</em></strong></span> <span class='ocrx_word' id='word_1_521' title='bbox 854 3645 1021 3701; x_wconf 86' lang='lat' dir='ltr'><strong><em>describitur</em></strong></span> <span class='ocrx_word' id='word_1_522' title='bbox 1038 3646 1131 3703; x_wconf 82' lang='lat' dir='ltr'><strong><em>Galat.</em></strong></span> <span class='ocrx_word' id='word_1_523' title='bbox 1158 3654 1187 3712; x_wconf 83' lang='lat'><strong><em>5,</em></strong></span> <span class='ocrx_word' id='word_1_524' title='bbox 1208 3665 1234 3701; x_wconf 87' lang='lat' dir='ltr'><strong><em>v.</em></strong></span> <span class='ocrx_word' id='word_1_525' title='bbox 1262 3654 1286 3704; x_wconf 86' lang='grc'><strong><em>6.</em></strong></span> <span class='ocrx_word' id='word_1_526' title='bbox 1313 3647 1445 3711; x_wconf 63' lang='lat' dir='ltr'><strong><em>Quamuis</em></strong></span> <span class='ocrx_word' id='word_1_527' title='bbox 1464 3648 1537 3702; x_wconf 88' lang='lat' dir='ltr'><strong><em>enim</em></strong></span> <span class='ocrx_word' id='word_1_528' title='bbox 1554 3664 1612 3701; x_wconf 91' lang='lat' dir='ltr'><strong><em>una</em></strong></span> <span class='ocrx_word' id='word_1_529' title='bbox 1630 3647 1783 3718; x_wconf 87' lang='lat' dir='ltr'><strong><em>eademque</em></strong></span> <span class='ocrx_word' id='word_1_530' title='bbox 1801 3665 1887 3703; x_wconf 90' lang='lat' dir='ltr'><strong><em>cansa</em></strong></span> <span class='ocrx_word' id='word_1_531' title='bbox 1904 3648 1941 3701; x_wconf 90' lang='lat' dir='ltr'><strong><em>sit</em></strong></span> <span class='ocrx_word' id='word_1_532' title='bbox 1949 3647 2150 3718; x_wconf 88' lang='lat' dir='ltr'><strong><em>acceptationis</em></strong></span> <span class='ocrx_word' id='word_1_533' title='bbox 2164 3648 2191 3690; x_wconf 68' lang='grc' dir='ltr'><strong><em>Α·</em></strong></span> 
     </span>
     <span class='ocr_line' id='line_1_38' title="bbox 451 3705 2191 3805; baseline 0.002 -22"><span class='ocrx_word' id='word_1_534' title='bbox 451 3730 528 3803; x_wconf 91' lang='lat' dir='ltr'><strong><em>quod</em></strong></span> <span class='ocrx_word' id='word_1_535' title='bbox 552 3730 590 3785; x_wconf 91' lang='lat' dir='ltr'><strong><em>sit</em></strong></span> <span class='ocrx_word' id='word_1_536' title='bbox 615 3730 801 3804; x_wconf 71' lang='grc' dir='ltr'><strong><em>ἐνεργουμένη</em></strong></span> <span class='ocrx_word' id='word_1_537' title='bbox 826 3748 882 3800; x_wconf 85' lang='lat' dir='ltr'><strong><em>per·</em></strong></span> <span class='ocrx_word' id='word_1_538' title='bbox 914 3733 1070 3790; x_wconf 81' lang='lat' dir='ltr'><strong><em>caritatem.</em></strong></span> <span class='ocrx_word' id='word_1_539' title='bbox 1105 3733 1176 3789; x_wconf 81' lang='lat' dir='ltr'><strong><em>Fide</em></strong></span> <span class='ocrx_word' id='word_1_540' title='bbox 1205 3733 1287 3789; x_wconf 89' lang='lat' dir='ltr'><strong><em>datur</em></strong></span> <span class='ocrx_word' id='word_1_541' title='bbox 1313 3750 1446 3805; x_wconf 89' lang='lat' dir='ltr'><strong><em>personae</em></strong></span> <span class='ocrx_word' id='word_1_542' title='bbox 1465 3741 1493 3789; x_wconf 91' lang='lat' dir='ltr'><strong><em>et</em></strong></span> <span class='ocrx_word' id='word_1_543' title='bbox 1511 3733 1710 3805; x_wconf 88' lang='lat' dir='ltr'><strong><em>acceptationis</em></strong></span> <span class='ocrx_word' id='word_1_544' title='bbox 1729 3751 1852 3805; x_wconf 91' lang='lat' dir='ltr'><strong><em>operum,</em></strong></span> <span class='ocrx_word' id='word_1_545' title='bbox 1870 3733 2000 3789; x_wconf 83' lang='lat' dir='ltr'><strong><em>videlicet</em></strong></span> <span class='ocrx_word' id='word_1_546' title='bbox 2021 3733 2149 3788; x_wconf 88' lang='lat' dir='ltr'><strong><em>Christus</em></strong></span> <span class='ocrx_word' id='word_1_547' title='bbox 2165 3705 2191 3794; x_wconf 63' lang='lat' dir='ltr'><strong><em>ii</em></strong></span> 
     </span>
     <span class='ocr_line' id='line_1_39' title="bbox 452 3809 2191 3905; baseline -0.001 -31"><span class='ocrx_word' id='word_1_548' title='bbox 452 3816 570 3888; x_wconf 83' lang='lat' dir='ltr'><strong><em>Spiritus</em></strong></span> <span class='ocrx_word' id='word_1_549' title='bbox 593 3824 713 3873; x_wconf 64' lang='lat' dir='ltr'><strong><em>unctus.</em></strong></span> <span class='ocrx_word' id='word_1_550' title='bbox 751 3816 839 3889; x_wconf 86' lang='lat' dir='ltr'><strong><em>Atqui</em></strong></span> <span class='ocrx_word' id='word_1_551' title='bbox 865 3818 939 3874; x_wconf 88' lang='lat' dir='ltr'><strong><em>bona</em></strong></span> <span class='ocrx_word' id='word_1_552' title='bbox 965 3835 1051 3890; x_wconf 87' lang='lat' dir='ltr'><strong><em>opera</em></strong></span> <span class='ocrx_word' id='word_1_553' title='bbox 1080 3825 1146 3875; x_wconf 88' lang='lat' dir='ltr'><strong><em>sunt</em></strong></span> <span class='ocrx_word' id='word_1_554' title='bbox 1173 3822 1287 3885; x_wconf 84' lang='lat' dir='ltr'><strong><em>fructus</em></strong></span> <span class='ocrx_word' id='word_1_555' title='bbox 1312 3819 1369 3875; x_wconf 90' lang='lat' dir='ltr'><strong><em>fide</em></strong></span> <span class='ocrx_word' id='word_1_556' title='bbox 1391 3809 1589 3892; x_wconf 88' lang='lat' dir='ltr'><strong><em>apprehensus,</em></strong></span> <span class='ocrx_word' id='word_1_557' title='bbox 1605 3825 1700 3875; x_wconf 88' lang='lat' dir='ltr'><strong><em>tamen</em></strong></span> <span class='ocrx_word' id='word_1_558' title='bbox 1719 3820 1939 3892; x_wconf 89' lang='lat' dir='ltr'><strong><em>acceptationem</em></strong></span> <span class='ocrx_word' id='word_1_559' title='bbox 1957 3837 2090 3890; x_wconf 88' lang='lat' dir='ltr'><strong><em>personae</em></strong></span> <span class='ocrx_word' id='word_1_560' title='bbox 2109 3820 2148 3873; x_wconf 87' lang='lat' dir='ltr'><strong><em>ab</em></strong></span> <span class='ocrx_word' id='word_1_561' title='bbox 2164 3816 2191 3905; x_wconf 65' lang='grc' dir='ltr'><strong><em>ζξ</em></strong></span> 
     </span>
     <span class='ocr_line' id='line_1_40' title="bbox 454 3903 2190 3979; baseline 0.001 -20"><span class='ocrx_word' id='word_1_562' title='bbox 454 3903 582 3974; x_wconf 74' lang='lat' dir='ltr'><strong><em>Spiritus</em></strong></span> <span class='ocrx_word' id='word_1_563' title='bbox 599 3903 693 3961; x_wconf 81' lang='lat' dir='ltr'><strong><em>Galat,</em></strong></span> <span class='ocrx_word' id='word_1_564' title='bbox 714 3910 744 3975; x_wconf 86' lang='lat'><strong><em>5,</em></strong></span> <span class='ocrx_word' id='word_1_565' title='bbox 761 3923 788 3962; x_wconf 84' lang='lat' dir='ltr'><strong><em>v.</em></strong></span> <span class='ocrx_word' id='word_1_566' title='bbox 810 3910 852 3961; x_wconf 92' lang='grc'><strong><em>22.</em></strong></span> <span class='ocrx_word' id='word_1_567' title='bbox 886 3905 962 3979; x_wconf 82' lang='lat' dir='ltr'><strong><em>Ergo</em></strong></span> <span class='ocrx_word' id='word_1_568' title='bbox 987 3908 1070 3962; x_wconf 89' lang='lat' dir='ltr'><strong><em>etiam</em></strong></span> <span class='ocrx_word' id='word_1_569' title='bbox 1091 3914 1157 3963; x_wconf 92' lang='lat' dir='ltr'><strong><em>sunt</em></strong></span> <span class='ocrx_word' id='word_1_570' title='bbox 1179 3907 1286 3963; x_wconf 85' lang='lat' dir='ltr'><strong><em>fmctus</em></strong></span> <span class='ocrx_word' id='word_1_571' title='bbox 1312 3908 1504 3978; x_wconf 87' lang='lat' dir='ltr'><strong><em>acceptatione</em></strong></span> <span class='ocrx_word' id='word_1_572' title='bbox 1520 3924 1635 3977; x_wconf 89' lang='lat' dir='ltr'><strong><em>operum</em></strong></span> <span class='ocrx_word' id='word_1_573' title='bbox 1661 3906 1771 3962; x_wconf 84' lang='lat' dir='ltr'><strong><em>differre</em></strong></span> <span class='ocrx_word' id='word_1_574' title='bbox 1800 3907 1895 3962; x_wconf 90' lang='lat' dir='ltr'><strong><em>dicunt</em></strong></span> <span class='ocrx_word' id='word_1_575' title='bbox 1921 3906 2011 3961; x_wconf 88' lang='lat' dir='ltr'><strong><em>tribus</em></strong></span> <span class='ocrx_word' id='word_1_576' title='bbox 2038 3907 2148 3978; x_wconf 87' lang='lat' dir='ltr'><strong><em>potissi-</em></strong></span> <span class='ocrx_word' id='word_1_577' title='bbox 2164 3909 2190 3949; x_wconf 80' lang='lat'><strong><em>&lt;¹¹</em></strong></span> 
     </span>
     <span class='ocr_line' id='line_1_41' title="bbox 449 3988 2151 4066; baseline 0.004 -22"><span class='ocrx_word' id='word_1_578' title='bbox 449 3988 523 4045; x_wconf 88' lang='lat' dir='ltr'><strong><em>fidei.</em></strong></span> <span class='ocrx_word' id='word_1_579' title='bbox 567 3990 638 4045; x_wconf 82' lang='lat' dir='ltr'><strong><em>Fide</em></strong></span> <span class='ocrx_word' id='word_1_580' title='bbox 664 4006 757 4045; x_wconf 87' lang='lat' dir='ltr'><strong><em>coram</em></strong></span> <span class='ocrx_word' id='word_1_581' title='bbox 784 3991 845 4047; x_wconf 89' lang='lat' dir='ltr'><strong><em>Deo</em></strong></span> <span class='ocrx_word' id='word_1_582' title='bbox 864 3992 1058 4062; x_wconf 87' lang='lat' dir='ltr'><strong><em>justificamur.</em></strong></span> <span class='ocrx_word' id='word_1_583' title='bbox 1099 3992 1188 4066; x_wconf 82' lang='lat' dir='ltr'><strong><em>Atqui</em></strong></span> <span class='ocrx_word' id='word_1_584' title='bbox 1214 3995 1288 4049; x_wconf 90' lang='lat' dir='ltr'><strong><em>bona</em></strong></span> <span class='ocrx_word' id='word_1_585' title='bbox 1313 4011 1389 4048; x_wconf 89' lang='lat' dir='ltr'><strong><em>mum</em></strong></span> <span class='ocrx_word' id='word_1_586' title='bbox 1406 3994 1508 4048; x_wconf 89' lang='lat' dir='ltr'><strong><em>modis:</em></strong></span> <span class='ocrx_word' id='word_1_587' title='bbox 1527 3999 1552 4051; x_wconf 87' lang='lat'><strong><em>1.</em></strong></span> <span class='ocrx_word' id='word_1_588' title='bbox 1566 3995 1627 4064; x_wconf 80' lang='lat' dir='ltr'><strong><em>fine</em></strong></span> <span class='ocrx_word' id='word_1_589' title='bbox 1645 4002 1671 4047; x_wconf 84' lang='lat' dir='ltr'><strong><em>et</em></strong></span> <span class='ocrx_word' id='word_1_590' title='bbox 1690 3996 1793 4064; x_wconf 84' lang='lat' dir='ltr'><strong><em>effectu.</em></strong></span> <span class='ocrx_word' id='word_1_591' title='bbox 1829 3993 1993 4065; x_wconf 85' lang='lat' dir='ltr'><strong><em>Acceptatio</em></strong></span> <span class='ocrx_word' id='word_1_592' title='bbox 2013 4010 2151 4064; x_wconf 87' lang='lat' dir='ltr'><strong><em>personae</em></strong></span> 
     </span>
     <span class='ocr_line' id='line_1_42' title="bbox 450 4078 2149 4152; baseline 0.003 -21"><span class='ocrx_word' id='word_1_593' title='bbox 450 4092 536 4147; x_wconf 88' lang='lat' dir='ltr'><strong><em>opera</em></strong></span> <span class='ocrx_word' id='word_1_594' title='bbox 557 4081 622 4131; x_wconf 89' lang='lat' dir='ltr'><strong><em>sunt</em></strong></span> <span class='ocrx_word' id='word_1_595' title='bbox 638 4078 755 4145; x_wconf 73' lang='lat' dir='ltr'><strong><em>frarctrrs</em></strong></span> <span class='ocrx_word' id='word_1_596' title='bbox 773 4078 921 4149; x_wconf 82' lang='lat' dir='ltr'><strong><em>justitiae,</em></strong></span> <span class='ocrx_word' id='word_1_597' title='bbox 948 4078 1020 4134; x_wconf 89' lang='lat' dir='ltr'><strong><em>Phil.</em></strong></span> <span class='ocrx_word' id='word_1_598' title='bbox 1043 4087 1071 4150; x_wconf 87' lang='grc'><strong><em>1,</em></strong></span> <span class='ocrx_word' id='word_1_599' title='bbox 1088 4099 1113 4133; x_wconf 81' lang='lat' dir='ltr'><strong><em>v.</em></strong></span> <span class='ocrx_word' id='word_1_600' title='bbox 1135 4086 1173 4136; x_wconf 95' lang='grc'><strong><em>11.</em></strong></span> <span class='ocrx_word' id='word_1_601' title='bbox 1210 4079 1287 4152; x_wconf 81' lang='lat' dir='ltr'><strong><em>Ergo</em></strong></span> <span class='ocrx_word' id='word_1_602' title='bbox 1314 4081 1345 4135; x_wconf 87' lang='lat' dir='ltr'><strong><em>fit</em></strong></span> <span class='ocrx_word' id='word_1_603' title='bbox 1375 4082 1412 4135; x_wconf 91' lang='lat' dir='ltr'><strong><em>ad</em></strong></span> <span class='ocrx_word' id='word_1_604' title='bbox 1442 4079 1651 4151; x_wconf 85' lang='lat' dir='ltr'><strong><em>adoptationem</em></strong></span> <span class='ocrx_word' id='word_1_605' title='bbox 1682 4079 1801 4137; x_wconf 88' lang='lat' dir='ltr'><strong><em>filiorum</em></strong></span> <span class='ocrx_word' id='word_1_606' title='bbox 1828 4080 1882 4136; x_wconf 90' lang='lat' dir='ltr'><strong><em>Dei</em></strong></span> <span class='ocrx_word' id='word_1_607' title='bbox 1910 4087 1938 4135; x_wconf 90' lang='lat' dir='ltr'><strong><em>et</em></strong></span> <span class='ocrx_word' id='word_1_608' title='bbox 1964 4081 2149 4138; x_wconf 86' lang='lat' dir='ltr'><strong><em>hereditatem</em></strong></span> 
     </span>
     <span class='ocr_line' id='line_1_43' title="bbox 450 4161 2149 4241; baseline 0.002 -25"><span class='ocrx_word' id='word_1_609' title='bbox 450 4162 534 4217; x_wconf 73' lang='lat' dir='ltr'><strong><em>edam</em></strong></span> <span class='ocrx_word' id='word_1_610' title='bbox 560 4169 626 4217; x_wconf 88' lang='lat' dir='ltr'><strong><em>sunt</em></strong></span> <span class='ocrx_word' id='word_1_611' title='bbox 650 4163 758 4219; x_wconf 87' lang='lat' dir='ltr'><strong><em>fructus</em></strong></span> <span class='ocrx_word' id='word_1_612' title='bbox 781 4161 854 4218; x_wconf 88' lang='lat' dir='ltr'><strong><em>fidei.</em></strong></span> <span class='ocrx_word' id='word_1_613' title='bbox 896 4164 980 4220; x_wconf 83' lang='lat' dir='ltr'><strong><em>Fides</em></strong></span> <span class='ocrx_word' id='word_1_614' title='bbox 1007 4171 1050 4221; x_wconf 88' lang='lat' dir='ltr'><strong><em>est</em></strong></span> <span class='ocrx_word' id='word_1_615' title='bbox 1074 4166 1228 4222; x_wconf 87' lang='lat' dir='ltr'><strong><em>essentialis</em></strong></span> <span class='ocrx_word' id='word_1_616' title='bbox 1254 4184 1287 4221; x_wconf 89' lang='lat' dir='ltr'><strong><em>ae</em></strong></span> <span class='ocrx_word' id='word_1_617' title='bbox 1313 4167 1387 4222; x_wconf 83' lang='lat' dir='ltr'><strong><em>vitae</em></strong></span> <span class='ocrx_word' id='word_1_618' title='bbox 1404 4175 1547 4232; x_wconf 78' lang='lat' dir='ltr'><strong><em>aeteruae3</em></strong></span> <span class='ocrx_word' id='word_1_619' title='bbox 1568 4166 1723 4237; x_wconf 86' lang='lat' dir='ltr'><strong><em>acceptatio</em></strong></span> <span class='ocrx_word' id='word_1_620' title='bbox 1742 4182 1857 4237; x_wconf 89' lang='lat' dir='ltr'><strong><em>opernm</em></strong></span> <span class='ocrx_word' id='word_1_621' title='bbox 1874 4169 2030 4223; x_wconf 87' lang='lat' dir='ltr'><strong><em>tantumad</em></strong></span> <span class='ocrx_word' id='word_1_622' title='bbox 2042 4177 2149 4241; x_wconf 78' lang='grc' dir='ltr'>μισθα-</span> 
     </span>
     <span class='ocr_line' id='line_1_44' title="bbox 451 4248 2151 4326; baseline 0.004 -24"><span class='ocrx_word' id='word_1_623' title='bbox 451 4248 595 4322; x_wconf 90' lang='lat' dir='ltr'><strong><em>potissima</em></strong></span> <span class='ocrx_word' id='word_1_624' title='bbox 611 4266 676 4320; x_wconf 88' lang='lat' dir='ltr'><strong><em>pars</em></strong></span> <span class='ocrx_word' id='word_1_625' title='bbox 693 4250 888 4321; x_wconf 88' lang='lat' dir='ltr'><strong><em>poenitentiae.</em></strong></span> <span class='ocrx_word' id='word_1_626' title='bbox 918 4251 1014 4323; x_wconf 82' lang='lat' dir='ltr'><strong><em>-Atqui</em></strong></span> <span class='ocrx_word' id='word_1_627' title='bbox 1031 4253 1104 4308; x_wconf 90' lang='lat' dir='ltr'><strong><em>bona</em></strong></span> <span class='ocrx_word' id='word_1_628' title='bbox 1123 4270 1208 4326; x_wconf 88' lang='lat' dir='ltr'><strong><em>opera</em></strong></span> <span class='ocrx_word' id='word_1_629' title='bbox 1224 4259 1288 4308; x_wconf 90' lang='lat' dir='ltr'><strong><em>sunt</em></strong></span> <span class='ocrx_word' id='word_1_630' title='bbox 1314 4254 1452 4307; x_wconf 78' lang='lat' dir='ltr'><strong><em>noioalan</em></strong></span> <span class='ocrx_word' id='word_1_631' title='bbox 1480 4252 1639 4323; x_wconf 87' lang='lat' dir='ltr'><strong><em>gratuitam.</em></strong></span> <span class='ocrx_word' id='word_1_632' title='bbox 1675 4254 1701 4305; x_wconf 89' lang='lat'><strong><em>2.</em></strong></span> <span class='ocrx_word' id='word_1_633' title='bbox 1721 4254 1827 4307; x_wconf 84' lang='lat' dir='ltr'><strong><em>Ordine</em></strong></span> <span class='ocrx_word' id='word_1_634' title='bbox 1845 4271 1948 4307; x_wconf 84' lang='lat' dir='ltr'><strong><em>causae</em></strong></span> <span class='ocrx_word' id='word_1_635' title='bbox 1976 4263 2001 4307; x_wconf 90' lang='lat' dir='ltr'><strong><em>et</em></strong></span> <span class='ocrx_word' id='word_1_636' title='bbox 2027 4257 2151 4324; x_wconf 70' lang='lat' dir='ltr'><strong><em>effectura,</em></strong></span> 
     </span>
     <span class='ocr_line' id='line_1_45' title="bbox 444 4335 2151 4412; baseline 0.004 -23"><span class='ocrx_word' id='word_1_637' title='bbox 444 4337 561 4403; x_wconf 85' lang='lat' dir='ltr'><strong><em>fructus</em></strong></span> <span class='ocrx_word' id='word_1_638' title='bbox 580 4336 785 4407; x_wconf 82' lang='lat' dir='ltr'><strong><em>paenitentiae,</em></strong></span> <span class='ocrx_word' id='word_1_639' title='bbox 821 4335 920 4394; x_wconf 87' lang='lat' dir='ltr'><strong><em>Matth.</em></strong></span> <span class='ocrx_word' id='word_1_640' title='bbox 942 4343 970 4407; x_wconf 83' lang='lat'><strong><em>³,</em></strong></span> <span class='ocrx_word' id='word_1_641' title='bbox 999 4358 1024 4392; x_wconf 87' lang='lat' dir='ltr'><strong><em>v.</em></strong></span> <span class='ocrx_word' id='word_1_642' title='bbox 1044 4345 1068 4396; x_wconf 86' lang='lat'><strong><em>8.</em></strong></span> <span class='ocrx_word' id='word_1_643' title='bbox 1102 4339 1177 4412; x_wconf 86' lang='lat' dir='ltr'><strong><em>Ergo</em></strong></span> <span class='ocrx_word' id='word_1_644' title='bbox 1202 4340 1287 4394; x_wconf 87' lang='lat' dir='ltr'><strong><em>etiam</em></strong></span> <span class='ocrx_word' id='word_1_645' title='bbox 1314 4339 1381 4411; x_wconf 91' lang='lat' dir='ltr'><strong><em>quia</em></strong></span> <span class='ocrx_word' id='word_1_646' title='bbox 1404 4339 1559 4411; x_wconf 87' lang='lat' dir='ltr'><strong><em>acceptatio</em></strong></span> <span class='ocrx_word' id='word_1_647' title='bbox 1581 4356 1696 4410; x_wconf 90' lang='lat' dir='ltr'><strong><em>operum</em></strong></span> <span class='ocrx_word' id='word_1_648' title='bbox 1720 4345 1762 4394; x_wconf 89' lang='lat' dir='ltr'><strong><em>est</em></strong></span> <span class='ocrx_word' id='word_1_649' title='bbox 1783 4339 1891 4394; x_wconf 89' lang='lat' dir='ltr'><strong><em>fructus</em></strong></span> <span class='ocrx_word' id='word_1_650' title='bbox 1915 4358 2087 4411; x_wconf 87' lang='lat' dir='ltr'><strong><em>consequens</em></strong></span> <span class='ocrx_word' id='word_1_651' title='bbox 2106 4360 2151 4396; x_wconf 87' lang='lat' dir='ltr'><strong><em>ac-</em></strong></span> 
     </span>
     <span class='ocr_line' id='line_1_46' title="bbox 452 4420 2151 4498; baseline 0.004 -22"><span class='ocrx_word' id='word_1_652' title='bbox 452 4426 517 4476; x_wconf 89' lang='lat' dir='ltr'><strong><em>sunt</em></strong></span> <span class='ocrx_word' id='word_1_653' title='bbox 539 4422 647 4477; x_wconf 88' lang='lat' dir='ltr'><strong><em>fructus</em></strong></span> <span class='ocrx_word' id='word_1_654' title='bbox 671 4420 745 4477; x_wconf 87' lang='lat' dir='ltr'><strong><em>fidei.</em></strong></span> <span class='ocrx_word' id='word_1_655' title='bbox 781 4423 840 4475; x_wconf 89' lang='lat' dir='ltr'><strong><em>Per</em></strong></span> <span class='ocrx_word' id='word_1_656' title='bbox 864 4424 948 4488; x_wconf 76' lang='lat' dir='ltr'><strong><em>tidem</em></strong></span> <span class='ocrx_word' id='word_1_657' title='bbox 974 4424 1100 4479; x_wconf 68' lang='lat' dir='ltr'><strong><em>curum</em></strong></span> <span class='ocrx_word' id='word_1_658' title='bbox 1126 4426 1234 4479; x_wconf 83' lang='lat' dir='ltr'><strong><em>habitat</em></strong></span> <span class='ocrx_word' id='word_1_659' title='bbox 1258 4428 1287 4479; x_wconf 82' lang='lat' dir='ltr'><strong><em>in</em></strong></span> <span class='ocrx_word' id='word_1_660' title='bbox 1315 4426 1500 4498; x_wconf 84' lang='lat' dir='ltr'><strong><em>captationem</em></strong></span> <span class='ocrx_word' id='word_1_661' title='bbox 1517 4442 1665 4497; x_wconf 89' lang='lat' dir='ltr'><strong><em>personae,</em></strong></span> <span class='ocrx_word' id='word_1_662' title='bbox 1691 4426 1748 4480; x_wconf 82' lang='lat' dir='ltr'><strong><em>vim</em></strong></span> <span class='ocrx_word' id='word_1_663' title='bbox 1769 4443 1877 4481; x_wconf 91' lang='lat' dir='ltr'><strong><em>omnem</em></strong></span> <span class='ocrx_word' id='word_1_664' title='bbox 1896 4426 1932 4481; x_wconf 91' lang='lat' dir='ltr'><strong><em>ab</em></strong></span> <span class='ocrx_word' id='word_1_665' title='bbox 1950 4427 1998 4481; x_wconf 90' lang='lat' dir='ltr'><strong><em>illa</em></strong></span> <span class='ocrx_word' id='word_1_666' title='bbox 2018 4434 2151 4483; x_wconf 89' lang='lat' dir='ltr'><strong><em>mutuans</em></strong></span> 
     </span>
     <span class='ocr_line' id='line_1_47' title="bbox 452 4508 2153 4585; baseline 0.004 -22"><span class='ocrx_word' id='word_1_667' title='bbox 452 4508 857 4580; x_wconf 13' lang='lat' dir='ltr'><strong><em>rediturusne-maphora,</em></strong></span> <span class='ocrx_word' id='word_1_668' title='bbox 870 4527 895 4564; x_wconf 83' lang='lat' dir='ltr'><strong><em>v.</em></strong></span> <span class='ocrx_word' id='word_1_669' title='bbox 911 4516 951 4565; x_wconf 86' lang='grc'><strong><em>17.</em></strong></span> <span class='ocrx_word' id='word_1_670' title='bbox 975 4509 1076 4583; x_wconf 83' lang='lat' dir='ltr'><strong><em>Atqui:</em></strong></span> <span class='ocrx_word' id='word_1_671' title='bbox 1091 4512 1140 4580; x_wconf 85' lang='lat' dir='ltr'><strong><em>qui</em></strong></span> <span class='ocrx_word' id='word_1_672' title='bbox 1153 4515 1288 4567; x_wconf 84' lang='lat' dir='ltr'><strong><em>manetln</em></strong></span> <span class='ocrx_word' id='word_1_673' title='bbox 1315 4514 1461 4585; x_wconf 88' lang='lat' dir='ltr'><strong><em>eidemque</em></strong></span> <span class='ocrx_word' id='word_1_674' title='bbox 1488 4519 1520 4568; x_wconf 91' lang='lat' dir='ltr'><strong><em>ut</em></strong></span> <span class='ocrx_word' id='word_1_675' title='bbox 1542 4511 1632 4568; x_wconf 90' lang='lat' dir='ltr'><strong><em>fulcro</em></strong></span> <span class='ocrx_word' id='word_1_676' title='bbox 1656 4518 1685 4567; x_wconf 88' lang='lat' dir='ltr'><strong><em>et</em></strong></span> <span class='ocrx_word' id='word_1_677' title='bbox 1701 4512 1883 4567; x_wconf 81' lang='lat' dir='ltr'><strong><em>fimdamento</em></strong></span> <span class='ocrx_word' id='word_1_678' title='bbox 1901 4513 2036 4578; x_wconf 85' lang='lat' dir='ltr'><strong><em>innitens,</em></strong></span> <span class='ocrx_word' id='word_1_679' title='bbox 2061 4515 2102 4569; x_wconf 87' lang='lat' dir='ltr'><strong><em>ita</em></strong></span> <span class='ocrx_word' id='word_1_680' title='bbox 2120 4522 2153 4569; x_wconf 92' lang='lat' dir='ltr'><strong><em>ut</em></strong></span> 
     </span>
     <span class='ocr_line' id='line_1_48' title="bbox 454 4592 2151 4670; baseline 0.002 -19"><span class='ocrx_word' id='word_1_681' title='bbox 454 4595 567 4651; x_wconf 76' lang='lat' dir='ltr'><strong><em>Christo</em></strong></span> <span class='ocrx_word' id='word_1_682' title='bbox 593 4602 619 4648; x_wconf 85' lang='lat' dir='ltr'><strong><em>ct</em></strong></span> <span class='ocrx_word' id='word_1_683' title='bbox 636 4592 764 4648; x_wconf 80' lang='lat' dir='ltr'><strong><em>Christus</em></strong></span> <span class='ocrx_word' id='word_1_684' title='bbox 789 4594 818 4647; x_wconf 85' lang='lat' dir='ltr'><strong><em>in</em></strong></span> <span class='ocrx_word' id='word_1_685' title='bbox 844 4612 891 4664; x_wconf 88' lang='lat' dir='ltr'><strong><em>ea,</em></strong></span> <span class='ocrx_word' id='word_1_686' title='bbox 915 4594 961 4650; x_wconf 83' lang='lat' dir='ltr'><strong><em>hic</em></strong></span> <span class='ocrx_word' id='word_1_687' title='bbox 975 4597 1035 4660; x_wconf 84' lang='lat' dir='ltr'><strong><em>fert</em></strong></span> <span class='ocrx_word' id='word_1_688' title='bbox 1050 4598 1176 4661; x_wconf 71' lang='lat' dir='ltr'><strong><em>fructuum</em></strong></span> <span class='ocrx_word' id='word_1_689' title='bbox 1195 4600 1289 4669; x_wconf 88' lang='lat' dir='ltr'><strong><em>copio-</em></strong></span> <span class='ocrx_word' id='word_1_690' title='bbox 1315 4599 1374 4655; x_wconf 91' lang='lat' dir='ltr'><strong><em>sine</em></strong></span> <span class='ocrx_word' id='word_1_691' title='bbox 1400 4598 1449 4653; x_wconf 90' lang='lat' dir='ltr'><strong><em>illa</em></strong></span> <span class='ocrx_word' id='word_1_692' title='bbox 1476 4599 1545 4655; x_wconf 87' lang='lat' dir='ltr'><strong><em>haec</em></strong></span> <span class='ocrx_word' id='word_1_693' title='bbox 1574 4615 1629 4653; x_wconf 91' lang='lat' dir='ltr'><strong><em>non</em></strong></span> <span class='ocrx_word' id='word_1_694' title='bbox 1656 4596 1746 4670; x_wconf 89' lang='lat' dir='ltr'><strong><em>possit</em></strong></span> <span class='ocrx_word' id='word_1_695' title='bbox 1769 4598 1927 4655; x_wconf 88' lang='lat' dir='ltr'><strong><em>consistere.</em></strong></span> <span class='ocrx_word' id='word_1_696' title='bbox 1970 4603 1997 4653; x_wconf 83' lang='grc'><strong><em>3.</em></strong></span> <span class='ocrx_word' id='word_1_697' title='bbox 2022 4601 2151 4654; x_wconf 85' lang='lat' dir='ltr'><strong><em>Diversa</em></strong></span> 
     </span>
     <span class='ocr_line' id='line_1_49' title="bbox 452 4678 2153 4756; baseline 0.004 -21"><span class='ocrx_word' id='word_1_698' title='bbox 452 4698 527 4751; x_wconf 84' lang='lat' dir='ltr'><strong><em>sum,</em></strong></span> <span class='ocrx_word' id='word_1_699' title='bbox 545 4678 609 4736; x_wconf 83' lang='lat' dir='ltr'><strong><em>Joh</em></strong></span> <span class='ocrx_word' id='word_1_700' title='bbox 630 4685 674 4744; x_wconf 78' lang='lat' dir='ltr'><strong><em>ts,</em></strong></span> <span class='ocrx_word' id='word_1_701' title='bbox 698 4697 723 4733; x_wconf 83' lang='lat' dir='ltr'><strong><em>s.</em></strong></span> <span class='ocrx_word' id='word_1_702' title='bbox 743 4686 766 4734; x_wconf 87' lang='lat'><strong><em>5.</em></strong></span> <span class='ocrx_word' id='word_1_703' title='bbox 801 4679 876 4752; x_wconf 86' lang='lat' dir='ltr'><strong><em>Ergo</em></strong></span> <span class='ocrx_word' id='word_1_704' title='bbox 904 4682 976 4736; x_wconf 90' lang='lat' dir='ltr'><strong><em>bona</em></strong></span> <span class='ocrx_word' id='word_1_705' title='bbox 997 4699 1083 4753; x_wconf 89' lang='lat' dir='ltr'><strong><em>opera</em></strong></span> <span class='ocrx_word' id='word_1_706' title='bbox 1098 4690 1164 4739; x_wconf 89' lang='lat' dir='ltr'><strong><em>sunt</em></strong></span> <span class='ocrx_word' id='word_1_707' title='bbox 1180 4685 1288 4740; x_wconf 82' lang='lat' dir='ltr'><strong><em>fructus</em></strong></span> <span class='ocrx_word' id='word_1_708' title='bbox 1314 4686 1540 4740; x_wconf 70' lang='lat' dir='ltr'><strong><em>comisantium</em></strong></span> <span class='ocrx_word' id='word_1_709' title='bbox 1557 4686 1621 4750; x_wconf 82' lang='lat' dir='ltr'><strong><em>fori</em></strong></span> <span class='ocrx_word' id='word_1_710' title='bbox 1637 4685 1734 4738; x_wconf 75' lang='lat' dir='ltr'><strong><em>diuisi.</em></strong></span> <span class='ocrx_word' id='word_1_711' title='bbox 1769 4684 1841 4742; x_wconf 84' lang='lat' dir='ltr'><strong><em>Nam</em></strong></span> <span class='ocrx_word' id='word_1_712' title='bbox 1857 4685 1886 4739; x_wconf 93' lang='lat' dir='ltr'><strong><em>in</em></strong></span> <span class='ocrx_word' id='word_1_713' title='bbox 1903 4684 1963 4740; x_wconf 88' lang='lat' dir='ltr'><strong><em>fora</em></strong></span> <span class='ocrx_word' id='word_1_714' title='bbox 1977 4686 2153 4756; x_wconf 83' lang='lat' dir='ltr'><strong><em>justificatio-</em></strong></span> 
     </span>
     <span class='ocr_line' id='line_1_50' title="bbox 452 4765 2151 4842; baseline 0.005 -21"><span class='ocrx_word' id='word_1_715' title='bbox 452 4765 528 4825; x_wconf 79' lang='lat' dir='ltr'><strong><em>fidei.</em></strong></span> <span class='ocrx_word' id='word_1_716' title='bbox 564 4767 664 4820; x_wconf 84' lang='lat' dir='ltr'><strong><em>Justus</em></strong></span> <span class='ocrx_word' id='word_1_717' title='bbox 682 4766 749 4820; x_wconf 82' lang='lat' dir='ltr'><strong><em>civit</em></strong></span> <span class='ocrx_word' id='word_1_718' title='bbox 765 4767 1008 4836; x_wconf 79' lang='lat' dir='ltr'><strong><em>enfida‚Habac.</em></strong></span> <span class='ocrx_word' id='word_1_719' title='bbox 1030 4771 1289 4833; x_wconf 67' lang='lat' dir='ltr'><strong><em>annumerati</em></strong></span> <span class='ocrx_word' id='word_1_720' title='bbox 1314 4772 1357 4826; x_wconf 90' lang='lat' dir='ltr'><strong><em>nis</em></strong></span> <span class='ocrx_word' id='word_1_721' title='bbox 1374 4788 1510 4842; x_wconf 86' lang='lat' dir='ltr'><strong><em>personae</em></strong></span> <span class='ocrx_word' id='word_1_722' title='bbox 1526 4770 1605 4826; x_wconf 89' lang='lat' dir='ltr'><strong><em>Deus</em></strong></span> <span class='ocrx_word' id='word_1_723' title='bbox 1622 4771 1741 4841; x_wconf 89' lang='lat' dir='ltr'><strong><em>primum</em></strong></span> <span class='ocrx_word' id='word_1_724' title='bbox 1763 4789 1827 4827; x_wconf 87' lang='lat' dir='ltr'><strong><em>cnm</em></strong></span> <span class='ocrx_word' id='word_1_725' title='bbox 1844 4778 1991 4842; x_wconf 90' lang='lat' dir='ltr'><strong><em>peccatore</em></strong></span> <span class='ocrx_word' id='word_1_726' title='bbox 2008 4771 2045 4825; x_wconf 87' lang='lat' dir='ltr'><strong><em>ad</em></strong></span> <span class='ocrx_word' id='word_1_727' title='bbox 2062 4773 2151 4829; x_wconf 88' lang='lat' dir='ltr'><strong><em>tribu-</em></strong></span> 
     </span>
     <span class='ocr_line' id='line_1_51' title="bbox 452 4853 2153 4929; baseline 0.004 -22"><span class='ocrx_word' id='word_1_728' title='bbox 452 4854 483 4907; x_wconf 89' lang='lat' dir='ltr'><strong><em>in</em></strong></span> <span class='ocrx_word' id='word_1_729' title='bbox 501 4856 563 4921; x_wconf 84' lang='lat' dir='ltr'><strong><em>fide</em></strong></span> <span class='ocrx_word' id='word_1_730' title='bbox 586 4854 681 4907; x_wconf 80' lang='lat' dir='ltr'><strong><em>vicum</em></strong></span> <span class='ocrx_word' id='word_1_731' title='bbox 704 4853 778 4906; x_wconf 82' lang='lat' dir='ltr'><strong><em>Filii</em></strong></span> <span class='ocrx_word' id='word_1_732' title='bbox 801 4854 871 4923; x_wconf 85' lang='lat' dir='ltr'><strong><em>Dei,</em></strong></span> <span class='ocrx_word' id='word_1_733' title='bbox 896 4853 987 4911; x_wconf 85' lang='lat' dir='ltr'><strong><em>Galat.</em></strong></span> <span class='ocrx_word' id='word_1_734' title='bbox 1012 4863 1043 4927; x_wconf 88' lang='grc'><strong><em>2,</em></strong></span> <span class='ocrx_word' id='word_1_735' title='bbox 1065 4875 1091 4914; x_wconf 79' lang='lat' dir='ltr'><strong><em>r.</em></strong></span> <span class='ocrx_word' id='word_1_736' title='bbox 1117 4864 1159 4914; x_wconf 81' lang='grc'><strong><em>20.</em></strong></span> <span class='ocrx_word' id='word_1_737' title='bbox 1199 4859 1288 4929; x_wconf 85' lang='lat' dir='ltr'><strong><em>Atqui</em></strong></span> <span class='ocrx_word' id='word_1_738' title='bbox 1315 4857 1361 4913; x_wconf 89' lang='lat' dir='ltr'><strong><em>nal</em></strong></span> <span class='ocrx_word' id='word_1_739' title='bbox 1380 4875 1460 4912; x_wconf 89' lang='lat' dir='ltr'><strong><em>suum</em></strong></span> <span class='ocrx_word' id='word_1_740' title='bbox 1479 4862 1578 4913; x_wconf 83' lang='lat' dir='ltr'><strong><em>vocato</em></strong></span> <span class='ocrx_word' id='word_1_741' title='bbox 1594 4856 1655 4929; x_wconf 79' lang='lat' dir='ltr'><strong><em>agit</em></strong></span> <span class='ocrx_word' id='word_1_742' title='bbox 1673 4875 1724 4928; x_wconf 86' lang='lat' dir='ltr'><strong><em>pro</em></strong></span> <span class='ocrx_word' id='word_1_743' title='bbox 1742 4856 1833 4929; x_wconf 79' lang='lat' dir='ltr'><strong><em>rigore</em></strong></span> <span class='ocrx_word' id='word_1_744' title='bbox 1849 4858 1976 4927; x_wconf 89' lang='lat' dir='ltr'><strong><em>justitiae</em></strong></span> <span class='ocrx_word' id='word_1_745' title='bbox 1994 4875 2060 4913; x_wconf 90' lang='lat' dir='ltr'><strong><em>suae</em></strong></span> <span class='ocrx_word' id='word_1_746' title='bbox 2074 4877 2153 4915; x_wconf 88' lang='lat' dir='ltr'><strong><em>seve-</em></strong></span> 
     </span>
     <span class='ocr_line' id='line_1_52' title="bbox 453 4938 2152 5020; baseline 0.003 -23"><span class='ocrx_word' id='word_1_747' title='bbox 453 4940 528 4997; x_wconf 89' lang='lat' dir='ltr'><strong><em>bona</em></strong></span> <span class='ocrx_word' id='word_1_748' title='bbox 547 4955 631 5020; x_wconf 82' lang='lat' dir='ltr'><strong><em>opera</em></strong></span> <span class='ocrx_word' id='word_1_749' title='bbox 650 4945 715 4994; x_wconf 83' lang='lat' dir='ltr'><strong><em>sunt</em></strong></span> <span class='ocrx_word' id='word_1_750' title='bbox 731 4938 847 4995; x_wconf 82' lang='lat' dir='ltr'><strong><em>effectus</em></strong></span> <span class='ocrx_word' id='word_1_751' title='bbox 866 4946 894 4995; x_wconf 88' lang='lat' dir='ltr'><strong><em>et</em></strong></span> <span class='ocrx_word' id='word_1_752' title='bbox 915 4939 1022 4997; x_wconf 90' lang='lat' dir='ltr'><strong><em>fructus</em></strong></span> <span class='ocrx_word' id='word_1_753' title='bbox 1039 4942 1114 4997; x_wconf 86' lang='lat' dir='ltr'><strong><em>vitae</em></strong></span> <span class='ocrx_word' id='word_1_754' title='bbox 1126 4943 1288 5014; x_wconf 84' lang='lat' dir='ltr'><strong><em>spiritualis.</em></strong></span> <span class='ocrx_word' id='word_1_755' title='bbox 1315 4944 1421 5000; x_wconf 77' lang='lat' dir='ltr'><strong><em>tissime</em></strong></span> <span class='ocrx_word' id='word_1_756' title='bbox 1438 4944 1475 4999; x_wconf 90' lang='lat' dir='ltr'><strong><em>ab</em></strong></span> <span class='ocrx_word' id='word_1_757' title='bbox 1492 4962 1525 5000; x_wconf 86' lang='lat' dir='ltr'><strong><em>eo</em></strong></span> <span class='ocrx_word' id='word_1_758' title='bbox 1544 4944 1657 5017; x_wconf 80' lang='lat' dir='ltr'><strong><em>exigens</em></strong></span> <span class='ocrx_word' id='word_1_759' title='bbox 1679 4944 1907 5016; x_wconf 84' lang='lat' dir='ltr'><strong><em>perfectissimam</em></strong></span> <span class='ocrx_word' id='word_1_760' title='bbox 1925 4962 1989 4999; x_wconf 90' lang='lat' dir='ltr'><strong><em>cum</em></strong></span> <span class='ocrx_word' id='word_1_761' title='bbox 2006 4946 2069 5017; x_wconf 86' lang='lat' dir='ltr'><strong><em>lege</em></strong></span> <span class='ocrx_word' id='word_1_762' title='bbox 2085 4965 2152 5002; x_wconf 90' lang='lat' dir='ltr'><strong><em>con·</em></strong></span> 
     </span>
     <span class='ocr_line' id='line_1_53' title="bbox 453 5022 2153 5103; baseline 0.005 -22"><span class='ocrx_word' id='word_1_763' title='bbox 453 5024 529 5099; x_wconf 81' lang='lat' dir='ltr'><strong><em>Ergo</em></strong></span> <span class='ocrx_word' id='word_1_764' title='bbox 549 5025 633 5082; x_wconf 90' lang='lat' dir='ltr'><strong><em>etiam</em></strong></span> <span class='ocrx_word' id='word_1_765' title='bbox 650 5024 725 5082; x_wconf 87' lang='lat' dir='ltr'><strong><em>fidei.</em></strong></span> <span class='ocrx_word' id='word_1_766' title='bbox 759 5022 830 5081; x_wconf 88' lang='lat' dir='ltr'><strong><em>Inde</em></strong></span> <span class='ocrx_word' id='word_1_767' title='bbox 847 5024 917 5082; x_wconf 84' lang='lat' dir='ltr'><strong><em>fides</em></strong></span> <span class='ocrx_word' id='word_1_768' title='bbox 933 5026 970 5081; x_wconf 88' lang='lat' dir='ltr'><strong><em>ab</em></strong></span> <span class='ocrx_word' id='word_1_769' title='bbox 989 5028 1110 5100; x_wconf 83' lang='lat' dir='ltr'><strong><em>August.</em></strong></span> <span class='ocrx_word' id='word_1_770' title='bbox 1129 5029 1208 5100; x_wconf 86' lang='lat' dir='ltr'><strong><em>epist.</em></strong></span> <span class='ocrx_word' id='word_1_771' title='bbox 1231 5036 1287 5088; x_wconf 85' lang='grc'>143.</span> <span class='ocrx_word' id='word_1_772' title='bbox 1314 5030 1497 5091; x_wconf 86' lang='lat' dir='ltr'><strong><em>formitatem.</em></strong></span> <span class='ocrx_word' id='word_1_773' title='bbox 1534 5049 1586 5088; x_wconf 88' lang='lat' dir='ltr'><strong><em>nec</em></strong></span> <span class='ocrx_word' id='word_1_774' title='bbox 1615 5032 1734 5087; x_wconf 88' lang='lat' dir='ltr'><strong><em>eundem</em></strong></span> <span class='ocrx_word' id='word_1_775' title='bbox 1764 5031 1817 5085; x_wconf 88' lang='lat' dir='ltr'><strong><em>nisi</em></strong></span> <span class='ocrx_word' id='word_1_776' title='bbox 1845 5049 1896 5103; x_wconf 85' lang='lat' dir='ltr'><strong><em>per</em></strong></span> <span class='ocrx_word' id='word_1_777' title='bbox 1926 5030 2010 5087; x_wconf 86' lang='lat' dir='ltr'><strong><em>iidem</em></strong></span> <span class='ocrx_word' id='word_1_778' title='bbox 2040 5033 2153 5102; x_wconf 87' lang='lat' dir='ltr'><strong><em>justitia</em></strong></span> 
     </span>
     <span class='ocr_line' id='line_1_54' title="bbox 453 5112 2153 5189; baseline 0.004 -22"><span class='ocrx_word' id='word_1_779' title='bbox 453 5118 570 5168; x_wconf 84' lang='lat' dir='ltr'><strong><em>vocatur</em></strong></span> <span class='ocrx_word' id='word_1_780' title='bbox 594 5112 681 5166; x_wconf 80' lang='lat' dir='ltr'><strong><em>radia</em></strong></span> <span class='ocrx_word' id='word_1_781' title='bbox 705 5120 731 5165; x_wconf 84' lang='lat' dir='ltr'><strong><em>et</em></strong></span> <span class='ocrx_word' id='word_1_782' title='bbox 755 5120 844 5166; x_wconf 85' lang='lat' dir='ltr'><strong><em>mater</em></strong></span> <span class='ocrx_word' id='word_1_783' title='bbox 867 5113 1000 5169; x_wconf 77' lang='lat' dir='ltr'><strong><em>bonomm</em></strong></span> <span class='ocrx_word' id='word_1_784' title='bbox 1020 5131 1144 5184; x_wconf 84' lang='lat' dir='ltr'><strong><em>operum.</em></strong></span> <span class='ocrx_word' id='word_1_785' title='bbox 1183 5115 1289 5189; x_wconf 82' lang='lat' dir='ltr'><strong><em>Grego-</em></strong></span> <span class='ocrx_word' id='word_1_786' title='bbox 1315 5115 1418 5173; x_wconf 81' lang='lat' dir='ltr'><strong><em>Christi</em></strong></span> <span class='ocrx_word' id='word_1_787' title='bbox 1449 5123 1575 5173; x_wconf 84' lang='lat' dir='ltr'><strong><em>ornatum</em></strong></span> <span class='ocrx_word' id='word_1_788' title='bbox 1595 5117 1704 5189; x_wconf 89' lang='lat' dir='ltr'><strong><em>justum</em></strong></span> <span class='ocrx_word' id='word_1_789' title='bbox 1731 5124 1855 5188; x_wconf 84' lang='lat' dir='ltr'><strong><em>reputat,</em></strong></span> <span class='ocrx_word' id='word_1_790' title='bbox 1883 5117 1912 5171; x_wconf 90' lang='lat' dir='ltr'><strong><em>in</em></strong></span> <span class='ocrx_word' id='word_1_791' title='bbox 1929 5117 2015 5172; x_wconf 86' lang='lat' dir='ltr'><strong><em>filium</em></strong></span> <span class='ocrx_word' id='word_1_792' title='bbox 2034 5118 2153 5189; x_wconf 87' lang='lat' dir='ltr'><strong><em>adoptat</em></strong></span> 
     </span>
     <span class='ocr_line' id='line_1_55' title="bbox 454 5196 2152 5277; baseline 0.005 -23"><span class='ocrx_word' id='word_1_793' title='bbox 454 5198 511 5254; x_wconf 87' lang='lat' dir='ltr'><strong><em>rius</em></strong></span> <span class='ocrx_word' id='word_1_794' title='bbox 534 5198 628 5254; x_wconf 89' lang='lat' dir='ltr'><strong><em>homil.</em></strong></span> <span class='ocrx_word' id='word_1_795' title='bbox 650 5204 689 5255; x_wconf 88' lang='grc'><strong><em>19.</em></strong></span> <span class='ocrx_word' id='word_1_796' title='bbox 709 5198 738 5252; x_wconf 90' lang='lat' dir='ltr'><strong><em>in</em></strong></span> <span class='ocrx_word' id='word_1_797' title='bbox 754 5196 869 5253; x_wconf 80' lang='lat' dir='ltr'><strong><em>Erech:</em></strong></span> <span class='ocrx_word' id='word_1_798' title='bbox 896 5199 1066 5254; x_wconf 85' lang='lat' dir='ltr'><strong><em>Vestibulum</em></strong></span> <span class='ocrx_word' id='word_1_799' title='bbox 1080 5218 1136 5271; x_wconf 86' lang='lat' dir='ltr'><strong><em>per</em></strong></span> <span class='ocrx_word' id='word_1_800' title='bbox 1154 5205 1232 5272; x_wconf 82' lang='lat' dir='ltr'><strong><em>quad</em></strong></span> <span class='ocrx_word' id='word_1_801' title='bbox 1249 5205 1291 5256; x_wconf 88' lang='lat' dir='ltr'><strong><em>acl</em></strong></span> <span class='ocrx_word' id='word_1_802' title='bbox 1315 5213 1343 5260; x_wconf 90' lang='lat' dir='ltr'><strong><em>et</em></strong></span> <span class='ocrx_word' id='word_1_803' title='bbox 1360 5203 1459 5277; x_wconf 89' lang='lat' dir='ltr'><strong><em>spiritu</em></strong></span> <span class='ocrx_word' id='word_1_804' title='bbox 1478 5204 1635 5277; x_wconf 87' lang='lat' dir='ltr'><strong><em>adoptionis</em></strong></span> <span class='ocrx_word' id='word_1_805' title='bbox 1653 5204 1754 5274; x_wconf 80' lang='lat' dir='ltr'><strong><em>donat3</em></strong></span> <span class='ocrx_word' id='word_1_806' title='bbox 1777 5203 1807 5259; x_wconf 90' lang='lat' dir='ltr'><strong><em>in</em></strong></span> <span class='ocrx_word' id='word_1_807' title='bbox 1824 5202 1885 5257; x_wconf 87' lang='lat' dir='ltr'><strong><em>foro</em></strong></span> <span class='ocrx_word' id='word_1_808' title='bbox 1903 5211 1996 5259; x_wconf 89' lang='lat' dir='ltr'><strong><em>autem</em></strong></span> <span class='ocrx_word' id='word_1_809' title='bbox 2013 5207 2152 5276; x_wconf 87' lang='lat' dir='ltr'><strong><em>approba·</em></strong></span> 
     </span>
     <span class='ocr_line' id='line_1_56' title="bbox 455 5283 2153 5362; baseline 0.005 -23"><span class='ocrx_word' id='word_1_810' title='bbox 455 5302 543 5356; x_wconf 86' lang='lat' dir='ltr'><strong><em>opera</em></strong></span> <span class='ocrx_word' id='word_1_811' title='bbox 555 5284 730 5355; x_wconf 73' lang='lat' dir='ltr'><strong><em>personetur.</em></strong></span> <span class='ocrx_word' id='word_1_812' title='bbox 760 5290 788 5340; x_wconf 85' lang='grc'><strong><em>4.·</em></strong></span> <span class='ocrx_word' id='word_1_813' title='bbox 799 5283 930 5356; x_wconf 89' lang='lat' dir='ltr'><strong><em>Denique</em></strong></span> <span class='ocrx_word' id='word_1_814' title='bbox 947 5302 1010 5340; x_wconf 90' lang='lat' dir='ltr'><strong><em>cum</em></strong></span> <span class='ocrx_word' id='word_1_815' title='bbox 1029 5303 1114 5358; x_wconf 89' lang='lat' dir='ltr'><strong><em>opera</em></strong></span> <span class='ocrx_word' id='word_1_816' title='bbox 1130 5293 1289 5344; x_wconf 86' lang='lat' dir='ltr'><strong><em>renatorum</em></strong></span> <span class='ocrx_word' id='word_1_817' title='bbox 1314 5290 1397 5348; x_wconf 73' lang='lat' dir='ltr'><strong><em>donis</em></strong></span> <span class='ocrx_word' id='word_1_818' title='bbox 1415 5292 1550 5346; x_wconf 88' lang='lat' dir='ltr'><strong><em>bonorum</em></strong></span> <span class='ocrx_word' id='word_1_819' title='bbox 1568 5307 1682 5361; x_wconf 89' lang='lat' dir='ltr'><strong><em>opernm</em></strong></span> <span class='ocrx_word' id='word_1_820' title='bbox 1701 5289 1778 5344; x_wconf 90' lang='lat' dir='ltr'><strong><em>Deus</em></strong></span> <span class='ocrx_word' id='word_1_821' title='bbox 1797 5305 1860 5343; x_wconf 90' lang='lat' dir='ltr'><strong><em>cum</em></strong></span> <span class='ocrx_word' id='word_1_822' title='bbox 1880 5289 1990 5345; x_wconf 90' lang='lat' dir='ltr'><strong><em>homine</em></strong></span> <span class='ocrx_word' id='word_1_823' title='bbox 2008 5291 2076 5362; x_wconf 82' lang='lat' dir='ltr'><strong><em>agit,</em></strong></span> <span class='ocrx_word' id='word_1_824' title='bbox 2095 5311 2153 5348; x_wconf 88' lang='lat' dir='ltr'><strong><em>non</em></strong></span> 
     </span>
     <span class='ocr_line' id='line_1_57' title="bbox 454 5371 2152 5446; baseline 0.005 -20"><span class='ocrx_word' id='word_1_825' title='bbox 454 5388 488 5427; x_wconf 91' lang='lat' dir='ltr'><strong><em>ex</em></strong></span> <span class='ocrx_word' id='word_1_826' title='bbox 514 5389 543 5427; x_wconf 90' lang='lat' dir='ltr'><strong><em>se</em></strong></span> <span class='ocrx_word' id='word_1_827' title='bbox 569 5379 597 5428; x_wconf 90' lang='lat' dir='ltr'><strong><em>et</em></strong></span> <span class='ocrx_word' id='word_1_828' title='bbox 622 5372 651 5425; x_wconf 90' lang='lat' dir='ltr'><strong><em>in</em></strong></span> <span class='ocrx_word' id='word_1_829' title='bbox 680 5390 711 5427; x_wconf 86' lang='lat' dir='ltr'><strong><em>ss</em></strong></span> <span class='ocrx_word' id='word_1_830' title='bbox 738 5389 793 5427; x_wconf 89' lang='lat' dir='ltr'><strong><em>non</em></strong></span> <span class='ocrx_word' id='word_1_831' title='bbox 818 5372 874 5426; x_wconf 88' lang='lat' dir='ltr'><strong><em>sint</em></strong></span> <span class='ocrx_word' id='word_1_832' title='bbox 897 5371 986 5426; x_wconf 86' lang='lat' dir='ltr'><strong><em>modis</em></strong></span> <span class='ocrx_word' id='word_1_833' title='bbox 1012 5372 1139 5428; x_wconf 90' lang='lat' dir='ltr'><strong><em>omnibns</em></strong></span> <span class='ocrx_word' id='word_1_834' title='bbox 1156 5375 1289 5446; x_wconf 86' lang='lat' dir='ltr'><strong><em>perfecta,</em></strong></span> <span class='ocrx_word' id='word_1_835' title='bbox 1315 5384 1347 5432; x_wconf 91' lang='lat' dir='ltr'><strong><em>ut</em></strong></span> <span class='ocrx_word' id='word_1_836' title='bbox 1366 5395 1429 5432; x_wconf 91' lang='lat' dir='ltr'><strong><em>cum</em></strong></span> <span class='ocrx_word' id='word_1_837' title='bbox 1447 5394 1526 5433; x_wconf 86' lang='lat' dir='ltr'><strong><em>servo</em></strong></span> <span class='ocrx_word' id='word_1_838' title='bbox 1544 5382 1593 5431; x_wconf 91' lang='lat' dir='ltr'><strong><em>aut</em></strong></span> <span class='ocrx_word' id='word_1_839' title='bbox 1609 5393 1671 5441; x_wconf 89' lang='lat' dir='ltr'><strong><em>reo,</em></strong></span> <span class='ocrx_word' id='word_1_840' title='bbox 1697 5375 1747 5430; x_wconf 91' lang='lat' dir='ltr'><strong><em>sed</em></strong></span> <span class='ocrx_word' id='word_1_841' title='bbox 1764 5383 1797 5430; x_wconf 90' lang='lat' dir='ltr'><strong><em>ut</em></strong></span> <span class='ocrx_word' id='word_1_842' title='bbox 1814 5382 1893 5446; x_wconf 89' lang='lat' dir='ltr'><strong><em>pater</em></strong></span> <span class='ocrx_word' id='word_1_843' title='bbox 1909 5394 1973 5431; x_wconf 90' lang='lat' dir='ltr'><strong><em>cum</em></strong></span> <span class='ocrx_word' id='word_1_844' title='bbox 1989 5375 2060 5441; x_wconf 82' lang='lat' dir='ltr'><strong><em>fluo.</em></strong></span> <span class='ocrx_word' id='word_1_845' title='bbox 2086 5396 2152 5434; x_wconf 90' lang='lat' dir='ltr'><strong><em>nam</em></strong></span> 
     </span>
     <span class='ocr_line' id='line_1_58' title="bbox 455 5457 2152 5535; baseline 0.004 -22"><span class='ocrx_word' id='word_1_846' title='bbox 455 5459 517 5515; x_wconf 91' lang='lat' dir='ltr'><strong><em>ideo</em></strong></span> <span class='ocrx_word' id='word_1_847' title='bbox 546 5457 615 5514; x_wconf 87' lang='lat' dir='ltr'><strong><em>fides</em></strong></span> <span class='ocrx_word' id='word_1_848' title='bbox 641 5458 670 5513; x_wconf 90' lang='lat' dir='ltr'><strong><em>in</em></strong></span> <span class='ocrx_word' id='word_1_849' title='bbox 695 5457 851 5527; x_wconf 87' lang='lat' dir='ltr'><strong><em>Christum,</em></strong></span> <span class='ocrx_word' id='word_1_850' title='bbox 883 5457 928 5513; x_wconf 84' lang='lat' dir='ltr'><strong><em>vel</em></strong></span> <span class='ocrx_word' id='word_1_851' title='bbox 956 5457 1048 5528; x_wconf 90' lang='lat' dir='ltr'><strong><em>potius</em></strong></span> <span class='ocrx_word' id='word_1_852' title='bbox 1076 5458 1203 5515; x_wconf 87' lang='lat' dir='ltr'><strong><em>Christus</em></strong></span> <span class='ocrx_word' id='word_1_853' title='bbox 1228 5462 1289 5532; x_wconf 90' lang='lat' dir='ltr'><strong><em>ipse</em></strong></span> <span class='ocrx_word' id='word_1_854' title='bbox 1315 5468 1430 5535; x_wconf 87' lang='lat' dir='ltr'><strong><em>propter</em></strong></span> <span class='ocrx_word' id='word_1_855' title='bbox 1455 5481 1603 5535; x_wconf 89' lang='lat' dir='ltr'><strong><em>personam</em></strong></span> <span class='ocrx_word' id='word_1_856' title='bbox 1626 5463 1682 5518; x_wconf 88' lang='lat' dir='ltr'><strong><em>fide</em></strong></span> <span class='ocrx_word' id='word_1_857' title='bbox 1706 5461 1760 5516; x_wconf 90' lang='lat' dir='ltr'><strong><em>sibi</em></strong></span> <span class='ocrx_word' id='word_1_858' title='bbox 1784 5462 1990 5517; x_wconf 89' lang='lat' dir='ltr'><strong><em>reconciliatam</em></strong></span> <span class='ocrx_word' id='word_1_859' title='bbox 2014 5463 2152 5533; x_wconf 88' lang='lat' dir='ltr'><strong><em>primitias</em></strong></span> 
     </span>
     <span class='ocr_line' id='line_1_59' title="bbox 455 5545 2153 5621; baseline 0.004 -20"><span class='ocrx_word' id='word_1_860' title='bbox 455 5562 550 5601; x_wconf 86' lang='lat' dir='ltr'><strong><em>eorum</em></strong></span> <span class='ocrx_word' id='word_1_861' title='bbox 571 5545 807 5617; x_wconf 81' lang='lat' dir='ltr'><strong><em>imperfectionem</em></strong></span> <span class='ocrx_word' id='word_1_862' title='bbox 831 5552 859 5600; x_wconf 90' lang='lat' dir='ltr'><strong><em>et</em></strong></span> <span class='ocrx_word' id='word_1_863' title='bbox 881 5562 983 5601; x_wconf 84' lang='lat' dir='ltr'><strong><em>naevos</em></strong></span> <span class='ocrx_word' id='word_1_864' title='bbox 1010 5546 1192 5603; x_wconf 88' lang='lat' dir='ltr'><strong><em>adhaerentes</em></strong></span> <span class='ocrx_word' id='word_1_865' title='bbox 1211 5555 1290 5620; x_wconf 81' lang='lat' dir='ltr'><strong><em>tegat</em></strong></span> <span class='ocrx_word' id='word_1_866' title='bbox 1315 5549 2153 5621; x_wconf 77' lang='lat' dir='ltr'><strong><em>novaeobedientiaeergratiapaternainoptimampartem</em></strong></span> 
     </span>
     <span class='ocr_line' id='line_1_60' title="bbox 455 5631 2153 5707; baseline 0.005 -20"><span class='ocrx_word' id='word_1_867' title='bbox 455 5636 645 5704; x_wconf 74' lang='lat' dir='ltr'><strong><em>oportetque</em></strong></span> <span class='ocrx_word' id='word_1_868' title='bbox 664 5631 1288 5691; x_wconf 84' lang='lat' dir='ltr'><strong><em>sensufidesdiciturvelutianimaacforma</em></strong></span> <span class='ocrx_word' id='word_1_869' title='bbox 1316 5636 1529 5707; x_wconf 85' lang='lat' dir='ltr'><strong><em>interpretatur,</em></strong></span> <span class='ocrx_word' id='word_1_870' title='bbox 1557 5637 1745 5701; x_wconf 85' lang='lat' dir='ltr'><strong><em>exosculatur,</em></strong></span> <span class='ocrx_word' id='word_1_871' title='bbox 1766 5641 1795 5691; x_wconf 86' lang='lat' dir='ltr'><strong><em>et</em></strong></span> <span class='ocrx_word' id='word_1_872' title='bbox 1815 5635 2043 5705; x_wconf 88' lang='lat' dir='ltr'><strong><em>praeclarissimis</em></strong></span> <span class='ocrx_word' id='word_1_873' title='bbox 2070 5656 2153 5695; x_wconf 86' lang='lat' dir='ltr'><strong><em>anco-</em></strong></span> 
     </span>
     <span class='ocr_line' id='line_1_61' title="bbox 455 5717 2154 5794; baseline 0.004 -18"><span class='ocrx_word' id='word_1_874' title='bbox 455 5717 590 5776; x_wconf 89' lang='lat' dir='ltr'><strong><em>bonorum</em></strong></span> <span class='ocrx_word' id='word_1_875' title='bbox 607 5737 729 5790; x_wconf 89' lang='lat' dir='ltr'><strong><em>operum,</em></strong></span> <span class='ocrx_word' id='word_1_876' title='bbox 748 5718 852 5792; x_wconf 90' lang='lat' dir='ltr'><strong><em>quippe</em></strong></span> <span class='ocrx_word' id='word_1_877' title='bbox 871 5735 888 5773; x_wconf 90' lang='lat' dir='ltr'><strong><em>a</em></strong></span> <span class='ocrx_word' id='word_1_878' title='bbox 907 5736 963 5791; x_wconf 89' lang='lat' dir='ltr'><strong><em>qua</em></strong></span> <span class='ocrx_word' id='word_1_879' title='bbox 975 5723 1073 5773; x_wconf 85' lang='lat' dir='ltr'><strong><em>stram</em></strong></span> <span class='ocrx_word' id='word_1_880' title='bbox 1084 5726 1113 5776; x_wconf 90' lang='lat' dir='ltr'><strong><em>et</em></strong></span> <span class='ocrx_word' id='word_1_881' title='bbox 1126 5721 1288 5793; x_wconf 87' lang='lat' dir='ltr'><strong><em>appellatio·</em></strong></span> <span class='ocrx_word' id='word_1_882' title='bbox 1314 5721 1376 5777; x_wconf 91' lang='lat' dir='ltr'><strong><em>miis</em></strong></span> <span class='ocrx_word' id='word_1_883' title='bbox 1394 5738 1428 5777; x_wconf 91' lang='lat' dir='ltr'><strong><em>ac</em></strong></span> <span class='ocrx_word' id='word_1_884' title='bbox 1446 5721 1576 5794; x_wconf 89' lang='lat' dir='ltr'><strong><em>praemiis</em></strong></span> <span class='ocrx_word' id='word_1_885' title='bbox 1587 5721 1739 5793; x_wconf 84' lang='lat' dir='ltr'><strong><em>justititiae</em></strong></span> <span class='ocrx_word' id='word_1_886' title='bbox 1749 5726 1840 5776; x_wconf 87' lang='lat' dir='ltr'><strong><em>ornat</em></strong></span> <span class='ocrx_word' id='word_1_887' title='bbox 1870 5721 1986 5777; x_wconf 88' lang='lat' dir='ltr'><strong><em>Fiacins</em></strong></span> <span class='ocrx_word' id='word_1_888' title='bbox 2004 5722 2034 5775; x_wconf 90' lang='lat' dir='ltr'><strong><em>in</em></strong></span> <span class='ocrx_word' id='word_1_889' title='bbox 2045 5723 2154 5782; x_wconf 88' lang='lat' dir='ltr'><strong><em>defens.</em></strong></span> 
     </span>
     <span class='ocr_line' id='line_1_62' title="bbox 454 5804 2154 5881; baseline 0.002 -17"><span class='ocrx_word' id='word_1_890' title='bbox 454 5824 520 5864; x_wconf 89' lang='lat' dir='ltr'><strong><em>nem</em></strong></span> <span class='ocrx_word' id='word_1_891' title='bbox 544 5806 678 5863; x_wconf 86' lang='lat' dir='ltr'><strong><em>bonitatis</em></strong></span> <span class='ocrx_word' id='word_1_892' title='bbox 703 5805 863 5861; x_wconf 87' lang='lat' dir='ltr'><strong><em>sortiuntur.</em></strong></span> <span class='ocrx_word' id='word_1_893' title='bbox 909 5804 997 5861; x_wconf 90' lang='lat' dir='ltr'><strong><em>Hebr.</em></strong></span> <span class='ocrx_word' id='word_1_894' title='bbox 1029 5810 1074 5876; x_wconf 89' lang='grc'><strong><em>11,</em></strong></span> <span class='ocrx_word' id='word_1_895' title='bbox 1100 5823 1126 5865; x_wconf 84' lang='lat' dir='ltr'><strong><em>v.</em></strong></span> <span class='ocrx_word' id='word_1_896' title='bbox 1155 5814 1184 5865; x_wconf 85' lang='lat' dir='ltr'><strong><em>o:</em></strong></span> <span class='ocrx_word' id='word_1_897' title='bbox 1219 5811 1288 5866; x_wconf 81' lang='lat' dir='ltr'><strong><em>Sine</em></strong></span> <span class='ocrx_word' id='word_1_898' title='bbox 1313 5807 1431 5866; x_wconf 85' lang='lat' dir='ltr'><strong><em>confess.</em></strong></span> <span class='ocrx_word' id='word_1_899' title='bbox 1453 5808 1590 5881; x_wconf 84' lang='lat' dir='ltr'><strong><em>Autuerp.</em></strong></span> <span class='ocrx_word' id='word_1_900' title='bbox 1609 5814 1706 5865; x_wconf 71' lang='lat' dir='ltr'><strong><em>conus</em></strong></span> <span class='ocrx_word' id='word_1_901' title='bbox 1724 5806 1884 5864; x_wconf 85' lang='lat' dir='ltr'><strong><em>Tiletanum</em></strong></span> <span class='ocrx_word' id='word_1_902' title='bbox 1903 5825 1928 5865; x_wconf 88' lang='lat' dir='ltr'><strong><em>c.</em></strong></span> <span class='ocrx_word' id='word_1_903' title='bbox 1953 5808 1989 5863; x_wconf 89' lang='lat' dir='ltr'><strong><em>de</em></strong></span> <span class='ocrx_word' id='word_1_904' title='bbox 2004 5810 2154 5881; x_wconf 85' lang='lat' dir='ltr'><strong><em>justificat.</em></strong></span> 
     </span>
    </p>
   </div>
   <div class='ocr_carea' id='block_1_8' title="bbox 0 0 2413 6659">
    <p class='ocr_par' dir='ltr' id='par_1_9' title="bbox 0 0 2413 6659">
     <span class='ocr_line' id='line_1_63' title="bbox 0 0 2413 6659; baseline 0 0"><span class='ocrx_word' id='word_1_905' title='bbox 0 0 2413 6659; x_wconf 95' lang='lat' dir='ltr'><strong><em> </em></strong></span> 
     </span>
    </p>
   </div>
  </div>
 </body>
</html>
