4800 6659
971 709 1024 764 Dll
1042 704 1318 767 sacBAMENTIs.
1928 719 1988 780 147

282 861 402 930 ficatio,
430 880 505 933 qaae
522 865 628 918 er'sibiii
642 865 721 932 ripae
741 867 905 934 spirituales
924 866 1034 933 pretias
1046 864 1127 930 sipu-
1160 863 1200 917 ait
1220 863 1346 920 Christus
1370 866 1470 922 Matth.
1490 874 1535 931 26,
1557 887 1582 922 v.
1601 874 1648 922 26:
1679 870 1819 937 Accipite,
1839 869 1991 935 coarcdt'te5

282 956 341 1001 rat.
380 945 459 1003 Besa
487 950 521 1004 dc
546 968 654 1005 summa
675 952 714 1006 rei
739 959 900 1007 sacrament.
922 968 968 1023 qu.
988 957 1018 1006 2:
1048 951 1126 1004 Unde
1154 966 1180 1002 v.
1199 956 1246 1005 27:
1272 952 1355 1005 bibite
1375 959 1427 1008 etc.
1467 953 1513 1007 Sic
1532 972 1598 1025 ergo
1619 955 1824 1010 concludimus:
1850 954 1990 1025 Quicquid

287 1035 420 1104 efficacia
451 1036 507 1089 illa
537 1041 800 1092 sacramentorum!
829 1058 848 1091 a
882 1038 1008 1108 Spiritus
1036 1038 1129 1090 sancti
1154 1036 1293 1105 dependet
1315 1039 1350 1094 ab
1368 1039 1549 1105 institutione,
1567 1058 1620 1094 nun
1638 1047 1809 1111 potestesse
1827 1041 1990 1109 substantia,

288 1122 453 1188 operatione
472 1123 502 1175 ia
521 1122 660 1192 relidam,
684 1144 740 1179 aaa
757 1142 776 1177 a·
792 1124 895 1193 niptris,
917 1125 975 1177 atei
991 1132 1127 1191 quatenns
1153 1122 1198 1176 vel
1218 1124 1371 1193 quantitas,
1393 1126 1438 1179 vel
1457 1127 1592 1196 qualitas,
1616 1127 1664 1182 sed
1690 1134 1732 1181 est
1750 1127 1793 1182 sel
1811 1127 1921 1191 relatio,
1945 1126 1989 1183 vel

288 1207 410 1259 artemis
442 1208 502 1260 itta
522 1199 651 1277 'objectu
678 1212 826 1265 interiores
851 1228 947 1263 sensae
976 1216 1125 1263 moueatur.
1153 1209 1234 1263 actio.
1272 1209 1360 1264 Omne
1379 1220 1580 1266 sacramentum
1599 1213 1739 1283 dependet
1750 1213 1786 1266 ab
1802 1213 1988 1284 instituti0n03

288 1292 402 1346 henne
425 1300 497 1362 part
517 1300 541 1349 2.
566 1294 655 1364 probl.
673 1314 701 1366 p.
723 1303 781 1352 ltl.
799 1296 976 1366 reprehendit
995 1312 1055 1362 eos,
1079 1293 1126 1364 qui
1154 1312 1220 1372 ergo
1239 1313 1294 1350 non
1315 1304 1357 1351 cst
1375 1297 1541 1365 substantia,
1561 1299 1605 1353 vel
1624 1299 1779 1369 quantitas,
1798 1299 1842 1353 vel
1862 1300 1989 1370 qualitas,

290 1384 465 1432 sacramenta
491 1380 636 1450 appellant
660 1383 743 1449 ciera
769 1383 926 1436 exhibitiva.
970 1381 1126 1451 Responde·
1153 1382 1203 1434 sed
1233 1384 1276 1436 vel
1304 1383 1402 1439 relatio
1432 1384 1474 1437 vel
1501 1385 1582 1441 actio.
1621 1387 1683 1441 Non
1708 1392 1802 1439 autem
1822 1393 1865 1439 cst
1882 1385 1989 1453 relatio,

290 1480 365 1517 mus:
397 1471 419 1520 l.
436 1465 471 1519 de
498 1467 624 1537 quolibet
641 1474 813 1523 sacramento
829 1467 1012 1537 judicandum
1032 1472 1075 1520 cst
1093 1482 1125 1519 ex
1154 1468 1193 1521 sic
1219 1469 1290 1523 enim
1316 1476 1375 1523 tota
1399 1471 1469 1525 ratio
1494 1477 1578 1541 atquc
1603 1472 1724 1526 essentm
1742 1471 1906 1526 sacramenti
1926 1488 1989 1525 con·

291 1550 402 1619 propria
418 1551 598 1607 institutionis
618 1555 696 1617 sede,
724 1572 795 1625 quae
813 1554 946 1615 ostendit,
973 1570 1027 1606 non
1044 1567 1127 1622 posse
1153 1554 1263 1610 sisteret
1289 1556 1318 1610 in
1347 1563 1444 1613 mutua
1471 1563 1561 1627 σχέσει
1588 1558 1646 1612 sive
1668 1558 1832 1613 habitudine
1856 1558 1928 1627 signi
1953 1557 1988 1611 ad

291 1636 340 1689 boc
366 1636 479 1692 axioma
503 1638 606 1694 habere
632 1640 737 1708 locum,
765 1641 839 1710 quod
867 1648 927 1694 tota
951 1638 1071 1694 essentia
1099 1644 1127 1691 ct
1153 1642 1391 1711 signatum,etsic
1406 1655 1609 1700 sacramentum
1623 1645 1790 1700 essctetiam
1804 1643 1989 1698 sineactione

290 1720 417 1777 utana
436 1730 670 1779 sacramentorum
688 1732 797 1780 tantum
816 1728 844 1780 irr
861 1725 1044 1797 significando
1063 1742 1125 1779 corr·
1153 1728 1236 1781 Adde
1261 1729 1284 1782 si
1305 1748 1337 1784 er
1356 1732 1448 1785 relatis
1467 1740 1671 1785 sacramentum
1688 1730 1863 1798 definiretur,
1890 1747 1988 1799 nempe

290 1808 376 1863 sismt,
414 1815 438 1863 2.
456 1810 597 1881 Analogia
617 1813 840 1882 sacramentalis,
867 1830 951 1884 quam
970 1829 1079 1881 semper
1097 1812 1125 1864 in
1152 1814 1270 1883 signum,
1289 1822 1348 1869 tum
1367 1818 1481 1872 materia
1499 1825 1573 1871 esset
1590 1834 1679 1886 genus
1695 1816 1840 1870 materiati.
1876 1816 1990 1871 Constat

291 1911 335 1949 ore
352 1894 467 1959 habent,
486 1897 715 1954 animadvertitur
729 1900 840 1968 duplex,
860 1899 971 1969 respicit
992 1900 1063 1952 enirn
1081 1898 1125 1953 vel
1152 1908 1254 1967 autem,
1272 1903 1414 1956 materiam
1432 1890 1596 1957 sacramenti
1614 1920 1675 1957 esse
1694 1920 1748 1955 non
1768 1902 1856 1956 solum
1865 1919 1922 1957 rem
1935 1910 1988 1956 ter·

292 1981 430 2051 integrum
448 1991 659 2048 sacramentum,
680 1986 724 2039 vel
743 1987 909 2041 sacramenti
922 1990 1022 2056 partes.
1051 1984 1124 2038 Ana-
1151 2004 1255 2054 renam,
1275 1987 1324 2040 sed
1342 1995 1370 2040 ct
1387 1988 1541 2043 coelestem.
1579 1995 1602 2043 2.
1623 1988 1665 2041 Er
1685 1988 1851 2043 inductione.
1890 1987 1989 2042 Omnia

291 2066 364 2137 logia
385 2071 550 2126 sacramenti
577 2071 679 2142 integri
703 2078 746 2127 est
763 2073 904 2143 proportio
923 2089 971 2126 seu
993 2072 1063 2124 ratio
1083 2087 1124 2123 sa·
1153 2078 1181 2127 et
1204 2072 1316 2142 singula
1339 2075 1450 2143 proprie
1473 2075 1548 2129 dicta
1572 2080 1746 2128 sacramenta
1769 2081 1834 2128 sunt
1857 2074 1988 2128 actiones.

291 2155 425 2209 crementi
445 2157 529 2210 totius
549 2160 584 2212 ad
603 2177 682 2212 usum
703 2160 889 2230 spiritualem,
909 2175 991 2228 quern
1010 2174 1066 2210 non
1085 2175 1125 2211 so·
1153 2158 1227 2225 Ergo
1256 2167 1458 2213 sacramentum
1484 2161 1512 2213 in
1538 2177 1641 2230 genere
1665 2160 1851 2215 definiendum
1875 2168 1916 2213 est
1941 2177 1990 2230 per

236 2242 346 2294 aarum
375 2241 529 2312 significat,
558 2245 608 2298 scd
632 2246 715 2300 etiam
740 2246 847 2301 confert
870 2252 898 2300 ct
916 2244 1045 2314 obsignat
1063 2259 1126 2295 vere
1153 2244 1297 2302 actionem.
1334 2245 1512 2300 Antecedens
1530 2254 1572 2301 est
1591 2246 1774 2300 manifestum.
1804 2247 1874 2301 Nam
1893 2253 1921 2300 ct
1938 2245 1988 2298 cir·

292 2328 479 2383 credentibus.
515 2330 561 2385 Sic
588 2332 761 2385 circumcisio
784 2331 990 2385 sacramentalis
1010 2347 1065 2384 non
1084 2346 1126 2382 so·
1153 2330 1284 2384 cumcisio
1302 2338 1344 2384 est
1362 2332 1450 2391 actio,
1479 2350 1579 2402 nempe
1597 2332 1751 2402 amputatio
1770 2332 1932 2402 pelliculae,
1961 2339 1989 2387 et

292 2414 345 2468 lum
364 2414 515 2486 significat.
534 2418 583 2471 scd
602 2417 686 2471 etiam
704 2417 797 2484 eflicit,
817 2417 941 2487 applicat
958 2422 986 2471 et
998 2415 1126 2485 obsignat
1154 2414 1219 2485 agni
1244 2416 1382 2485 paschalis
1408 2419 1550 2478 mactatio,
1578 2419 1681 2474 assatio
1702 2426 1730 2473 et
1748 2418 1925 2472 manducatio
1946 2424 1989 2473 est

291 2500 345 2556 lide
372 2502 516 2557 utentibus
540 2503 777 2558 circumcisionem
799 2503 978 2573 spiritualem.
1016 2501 1126 2571 Baptis·
1152 2500 1242 2569 acti03
1277 2502 1431 2573 baptismus
1462 2510 1504 2558 cst
1535 2505 1673 2560 immersio
1703 2505 1761 2559 sive
1792 2504 1935 2573 adspersio
1961 2511 1990 2558 et

291 2605 350 2642 mus
370 2588 399 2641 in
418 2589 530 2643 nomine
548 2589 648 2657 Patris,
669 2590 732 2644 Filii
752 2597 780 2645 et
801 2590 919 2659 Spiritus
938 2588 1026 2643 sancti
1043 2589 1125 2642 colla·
1153 2603 1239 2642 coena
1261 2589 1399 2643 dominica
1416 2599 1459 2644 est
1477 2590 1647 2659 benedictio,
1673 2590 1846 2654 distributio,
1872 2591 1988 2644 mandu-

290 2682 334 2728 tus
353 2690 410 2727 non
429 2674 518 2727 solum
536 2675 688 2744 significat,
715 2678 764 2730 sed
784 2677 868 2731 etiam
886 2674 987 2743 efficit,
1005 2674 1126 2743 applicat
1153 2674 1226 2727 catio
1250 2681 1277 2728 et
1301 2675 1407 2730 bibitio.
1449 2683 1472 2731 3.
1497 2678 1529 2730 ln
1553 2676 1713 2732 definitione
1736 2678 1876 2733 actionum
1900 2676 1989 2730 forma

290 2766 316 2815 et
346 2760 481 2830 obsignat
509 2760 564 2815 fide
593 2761 735 2816 utentibus
764 2758 920 2816 interiorem
948 2760 1125 2815 ablutionem.
1154 2760 1307 2813 communis
1327 2762 1420 2832 generi
1440 2761 1632 2833 quadantenus
1651 2773 1693 2818 est
1707 2763 1820 2819 inclusa.
1846 2763 1910 2817 darn
1923 2779 1988 2815 vcro

290 2846 432 2917 Analogia
456 2848 577 2916 partium
602 2851 766 2904 sacramenti
785 2850 856 2903 inter
873 2864 903 2901 se
923 2853 966 2901 est
985 2846 1125 2916 proportio
1152 2849 1242 2899 torma
1260 2848 1412 2901 communis
1430 2851 1596 2903 sacramenti
1616 2850 1742 2904 consistit
1759 2850 1787 2901 in
1801 2850 1916 2912 actione,
1934 2865 1990 2919 qua

290 2951 337 2989 seu
357 2938 449 3003 σχέσις
467 2934 595 2989 elementi
614 2936 717 2989 externi
735 2936 770 2989 ad
789 2952 847 2989 rem
864 2935 1027 3002 coelestem
1057 2931 1125 2986 haec
1152 2932 1263 2986 sublata
1292 2940 1494 2988 sacramentum
1523 2937 1633 3005 proprie
1666 2937 1771 2990 dictum
1801 2953 1861 2990 esse
1885 2934 1988 3005 nequit.

290 3021 398 3074 diversa
424 3029 467 3075 est
490 3020 519 3073 in
547 3022 723 3076 sacramentis
748 3023 782 3077 N.
806 3038 888 3091 quam
907 3021 941 3073 V.
963 3019 995 3072 T.
1019 3028 1052 3074 ut
1075 3038 1125 3073 suo
1152 3017 1232 3072 Tolle
1250 3019 1322 3072 enirn
1338 3022 1477 3089 praeputii
1497 3023 1730 3091 amputationem,
1748 3030 1776 3077 et
1795 3039 1850 3075 non
1867 3022 1920 3074 crit
1937 3021 1988 3073 cir-

289 3106 350 3161 loco
381 3107 410 3159 in
440 3106 553 3176 speciali
589 3111 705 3179 ἐργασίᾳ
737 3109 850 3163 uberius
882 3107 1123 3163 demonstrabitur,
1153 3105 1284 3158 cumcisio
1304 3107 1524 3170 sacramentaliter
1560 3107 1626 3161 tolle
1645 3109 1852 3173 mactationem,
1876 3106 1986 3159 assatio·

290 3198 313 3247 3.
331 3193 416 3262 Aqua
434 3192 609 3262 baptismatis
631 3195 731 3249 nullibi
749 3195 851 3249 dicitur
869 3196 978 3266 signum
997 3195 1124 3264 spiritua·
1152 3208 1215 3245 nem
1243 3198 1271 3244 et
1300 3192 1541 3246 manducationem
1562 3194 1643 3263 agni,
1670 3200 1698 3247 et
1722 3208 1777 3245 non
1797 3193 1849 3247 erit
1867 3190 1986 3260 pascha,

289 3279 323 3333 lis
346 3279 512 3343 ablutionis,
540 3280 588 3335 sed
613 3298 645 3333 ea
669 3300 746 3349 aqua
771 3290 797 3333 et
817 3282 927 3349 Spiritu
948 3281 1049 3334 dicitnr
1066 3279 1125 3333 fieri
1152 3278 1218 3331 tolle
1247 3277 1446 3333 immersionem
1475 3278 1533 3331 sive
1560 3278 1777 3347 adspersioncm‚
1806 3285 1833 3333 et
1857 3294 1912 3331 non
1935 3277 1987 3330 erit

289 3364 462 3436 regeneratio
487 3365 551 3422 Joh.
576 3372 605 3433 3,
629 3384 655 3422 v.
678 3374 701 3419 5.
734 3367 792 3419 Per
817 3367 963 3420 lavacrum
979 3384 1125 3434 reperera-
1152 3364 1321 3433 baptismus;
1357 3364 1422 3418 tolle
1447 3364 1688 3418 manducationem
1706 3363 1844 3419 benedicti
1862 3363 1943 3433 panis
1958 3369 1987 3418 et

289 3452 373 3505 tiuare
398 3460 423 3503 et
449 3453 640 3506 renovationis
658 3454 768 3506 saivari
788 3453 905 3507 dicimur
924 3453 979 3506 Tit.
1001 3458 1028 3512 3,
1054 3471 1079 3505 v.
1101 3459 1123 3507 5.
1153 3450 1312 3505 bibitionem
1340 3451 1477 3506 benedicti
1499 3449 1572 3514 vini,
1601 3457 1628 3503 et
1646 3467 1701 3502 non
1722 3450 1774 3503 crit
1794 3465 1880 3503 coena
1899 3449 1986 3502 domi·

290 3539 419 3592 navam
438 3555 529 3607 aquae
554 3540 584 3591 ia
608 3541 691 3592 verba
718 3540 853 3592 inundari
880 3538 982 3593 dieitur
1009 3538 1125 3593 ccclesia
1151 3538 1223 3593 nica.
1259 3538 1334 3608 Ergo
1353 3544 1553 3592 sacramentum
1574 3539 1601 3591 in
1621 3553 1724 3608 genere
1737 3537 1924 3592 definiendum
1937 3554 1987 3608 per

289 3623 390 3693 Ephes.
419 3631 447 3686 t,
474 3643 501 3680 v.
528 3630 569 3680 27.
615 3626 764 3694 Baptisma
796 3644 846 3678 aar
874 3627 987 3678 erclearo
1016 3625 1124 3679 dicitur.
1151 3624 1301 3691 actionem,
1328 3624 1430 3695 quippe
1456 3641 1527 3694 quac
1553 3630 1596 3677 est
1621 3624 1709 3677 forma
1730 3623 1895 3679 sacramenti
1914 3641 1986 3678 com·

293 3716 313 3766 1.
333 3710 407 3765 Pctr.
433 3715 464 3778 3,
491 3729 515 3763 r.
543 3716 581 3765 21.
617 3710 703 3764 Panis
727 3711 925 3765 eucharisticae
951 3729 1005 3765 non
1025 3711 1126 3766 (licitur
1152 3712 1255 3778 munis,
1285 3710 1358 3765 actio
1383 3710 1465 3764 certis
1484 3710 1601 3778 obJectis
1620 3716 1648 3764 ct
1665 3709 1879 3764 circumstantiis
1898 3711 1986 3765 deter·
2054 3735 2056 3740 ·

289 3797 409 3867 signum,
428 3797 478 3851 scd
499 3798 712 3851 eomnrrrnicatio
731 3799 859 3866 corporis
879 3804 907 3851 et
920 3798 1013 3851 vinum
1026 3798 1124 3853 euclra·
1152 3798 1257 3850 minata
1286 3804 1328 3851 est
1353 3796 1442 3850 forma
1467 3797 1659 3865 cujuscunque
1683 3795 1846 3849 sacramenti
1867 3798 1986 3865 propria

289 3883 413 3937 risticum
432 3901 486 3937 non
509 3884 610 3937 dicitur
627 3884 746 3952 signum,
765 3885 814 3939 scd
835 3886 1046 3939 comma-nirano
1060 3904 1124 3937 aaa·
1151 3891 1175 3939 4.
1189 3884 1254 3953 Ipsa
1274 3883 1475 3937 administratio
1496 3888 1730 3936 sacramentorum
1749 3882 1878 3949 ostendit,
1896 3899 1986 3936 sacra·

289 3969 382 4037 painr's
401 3968 521 4036 Christi,
559 3975 580 4024 1.
603 3969 664 4023 Cor.
689 3978 733 4037 10,
755 3989 780 4024 v.
804 3978 841 4024 ro.
870 3971 967 4040 utique
986 3987 1053 4040 ergo
1070 3989 1123 4024 non
1152 3976 1247 4023 menta
1264 3987 1324 4023 esse
1343 3968 1453 4038 proprie
1473 3967 1603 4021 actiones.
1640 3967 1723 4021 Aetio
1742 3967 1864 4036 agentis,
1892 3977 1986 4036 quate·

290 4057 317 4110 in
335 4054 519 4126 significando
538 4061 662 4120 tantum,
688 4057 737 4111 sed
757 4056 786 4109 in
804 4056 971 4111 conferendo
992 4063 1020 4111 ct
1037 4057 1124 4126 appli-
1151 4075 1203 4109 nus
1233 4072 1319 4126 agens
1342 4062 1398 4120 cst,
1425 4061 1505 4107 actus
1529 4062 1570 4108 est
1595 4070 1681 4124 coque
1705 4053 1854 4122 perficitur.
1890 4055 1987 4109 Sacra·

289 4142 378 4197 cando
399 4142 480 4211 signa
496 4141 707 4196 sacramentalia
725 4142 885 4196 consistunt.
922 4142 1037 4197 Fatetur
1065 4115 1244 4213 ipseimenta
1263 4160 1317 4196 non
1336 4141 1389 4194 nisi
1408 4140 1551 4211 agentium
1572 4146 1599 4192 et
1618 4139 1729 4209 quidem
1742 4145 1878 4208 quatenus
1892 4145 1986 4209 agunt,

264 4233 266 4237 ’
290 4229 364 4283 Beza
388 4234 460 4298 part.
478 4233 500 4283 2.
527 4237 632 4297 quaest.
657 4236 685 4283 et
710 4246 783 4299 resp.
804 4247 849 4299 qu.
871 4237 912 4284 50.
939 4232 1016 4298 qnod
1038 4199 1229 4300 rartiriactus
1254 4234 1333 4292 sunt,
1372 4228 1460 4297 iisque
1486 4226 1577 4297 quoad
1604 4224 1749 4279 essentiam
1774 4226 1884 4280 omnino
1906 4225 1986 4295 perii·
2065 4228 2073 4236 “

288 4317 344 4369 rinc
371 4316 416 4367 rei
443 4314 532 4381 ipsine
560 4332 595 4367 ac
617 4317 789 4369 substantiae
810 4317 977 4383 praescotia
998 4318 1027 4369 ia
1047 4326 1123 4371 certo
1151 4316 1278 4381 ciuntur3
1307 4314 1404 4383 utiquc
1423 4329 1489 4382 ergo
1508 4319 1572 4366 sunt
1590 4312 1720 4366 actiones.
1757 4306 1895 4379 Breviter,
1912 4312 1986 4382 quod
2001 4312 2062 4352 Vffl·
2075 4310 2120 4352 ²¹⁷·

289 4403 349 4455 loca
377 4410 403 4453 ct
424 4402 587 4468 praeteritio
608 4401 824 4455 sacramentalia
842 4421 897 4454 aaa
916 4404 971 4455 ciat
986 4413 1122 4472 perpetuo
1150 4403 1213 4471 ipsa
1237 4401 1381 4470 Scriptura
1404 4398 1500 4452 definit
1522 4398 1614 4453 verbis
1632 4397 1730 4451 activis
1750 4405 1777 4452 et
1792 4398 1927 4451 actionem
1945 4416 1986 4453 rc·

288 4494 482 4556 repuqacates.
519 4503 566 4556 qn.
589 4493 624 4541 12.
647 4486 730 4554 dicit,
754 4487 815 4540 alia
836 4506 893 4540 aare
911 4488 993 4555 eipna
1013 4510 1122 4561 μνημο-
1151 4485 1324 4558 quirentibus
1348 4493 1376 4539 ct
1403 4484 1478 4555 quod
1502 4501 1582 4536 suum
1601 4501 1660 4537 esse
1680 4482 1766 4536 habet
1784 4484 1810 4535 in
1832 4484 1940 4538 actione
1960 4494 1986 4538 et

289 4571 491 4627 renudatis
507 4572 673 4644 apparari,
692 4574 752 4626 alia
773 4591 845 4641 qnae
863 4581 996 4626 testentur
1013 4576 1060 4643 id,
1079 4576 1125 4627 cai
1151 4574 1210 4626 sinc
1234 4572 1343 4626 actione
1365 4588 1424 4624 esse
1447 4589 1502 4624 non
1524 4577 1630 4639 potest,
1655 4568 1725 4622 illud
1744 4586 1808 4623 vere
1832 4575 1861 4624 ct
1877 4570 1986 4640 proprie

290 4660 485 4729 uqar'ficando
514 4659 683 4712 artitibentar
714 4661 793 4713 nobis
820 4677 883 4711 cerr
910 4661 992 4726 dari,
1024 4661 1065 4712 sic
1094 4662 1123 4713 ia
1153 4667 1194 4713 est
1216 4659 1296 4712 actio.
1333 4658 1512 4712 Sacramenta
1530 4660 1595 4707 snut
1613 4654 1692 4722 talia,
1712 4661 1743 4708 ut
1760 4662 1839 4723 patet
1856 4673 1889 4709 cr
1906 4655 1986 4709 indu·

290 4746 438 4813 sufflando
462 4745 549 4797 cludat
576 4744 703 4799 C'lrrietas
727 4746 876 4814 discipulis
898 4746 1035 4814 Spiritum
1060 4766 1137 4810 cerm
1152 4747 1252 4800 ctione.
1288 4744 1363 4813 Ergo
1399 4751 1422 4798 5.
1442 4742 1573 4809 Accedit,
1596 4742 1670 4812 quud
1686 4749 1791 4796 veteres
1810 4748 1838 4796 et
1855 4743 1985 4796 recentio-

290 4841 371 4887 ctam.
408 4831 481 4885 Vide
501 4830 626 4901 superius
647 4829 673 4906 ξ.
692 4839 716 4888 9.
735 4841 764 4888 et
781 4840 822 4888 20.
1135 4815 1195 4883 ⁵res
1215 4831 1361 4900 scriptores
1380 4827 1557 4882 ecclesiastici
1578 4834 1750 4881 sacramenta
1771 4828 1873 4895 passim
1891 4827 1985 4897 appel·

236 4948 246 4965 r
324 4924 364 4973 it.
388 4917 578 4973 *Sacramenta
609 4935 659 4969 nos
689 4918 816 4986 ponimus
846 4919 874 4972 in
902 4895 1138 4987 praedicamentoi
1151 4919 1209 4973 lent
1229 4916 1397 4971 ceremonias
1416 4932 1450 4968 ac
1468 4914 1551 4981 ritus,
1576 4931 1644 4983 quos
1662 4914 1690 4967 in
1708 4913 1817 4968 actione
1835 4914 1984 4968 consistere

236 4982 279 5075 :m
290 5004 406 5059 actionis
425 5008 454 5057 et
471 5021 504 5058 cr
522 5002 617 5057 codem
630 5020 718 5071 genus
733 5003 902 5058 definitionis
914 5004 1041 5072 petimus,
1060 4995 1326 5058 cum'manifestum
1351 5013 1401 5057 est.
1438 5007 1462 5055 6.
1489 5000 1542 5063 Qui
1567 5000 1712 5054 Calvinum
1737 5008 1902 5070 sequuntur,
1926 5016 1984 5054 eas·

236 5109 239 5120 ·
290 5089 433 5145 definitum
453 5095 481 5142 et
497 5106 584 5159 genus
597 5086 764 5141 definitionis
776 5089 805 5141 in
817 5090 913 5144 eodem
926 5096 1053 5158 oporteat
1064 5107 1123 5144 esse
1135 5071 1138 5172 Ξ
1150 5092 1212 5145 dem
1232 5090 1434 5160 appellationes
1456 5104 1539 5157 saepe
1557 5094 1694 5155 usurpant
1710 5094 1737 5140 et
1755 5093 1926 5141 sacramenta
1939 5102 1984 5139 ex·

290 5177 522 5245 praedicamento.
552 5176 678 5227 Ceterum
694 5181 895 5228 sacramentum
909 5192 969 5230 esse
987 5175 1122 5229 actionem
1149 5194 1243 5247 presse
1263 5176 1385 5230 actiones
1404 5181 1511 5240 vocant,
1532 5173 1594 5227 ride
1615 5173 1714 5227 Bezam
1732 5173 1832 5225 volum.
1852 5178 1875 5226 3.
1897 5171 1981 5227 theol.

290 5261 452 5330 probamus:
482 5268 501 5313 l.
522 5260 562 5312 Er
590 5258 760 5313 institutione
780 5259 873 5313 divina
890 5260 1061 5331 singulorum
1081 5261 1176 5334 sa-lp.
1198 5269 1256 5318 332,
1288 5264 1434 5316 Bneanum
1460 5260 1520 5313 loco
1541 5265 1581 5314 tt.
1607 5278 1633 5328 p.
1652 5266 1710 5314 566,
1748 5258 1917 5312 Trelcatiurn
1943 5260 1984 5312 in·

289 5352 501 5407 crementorum,
519 5347 546 5399 irr
566 5362 621 5414 qua
638 5345 715 5398 Deus
733 5362 860 5414 expresse
878 5347 993 5417 requirit
1007 5353 1033 5401 ct
1045 5363 1123 5415 prae·
1136 5341 1138 5372 ³
1151 5350 1205 5403 stit.
1225 5348 1308 5403 theol.
1328 5348 1375 5401 lib.
1395 5353 1418 5403 2.
1436 5365 1463 5416 p.
1485 5353 1525 5402 97.
1565 5345 1732 5398 Piscatorcm
1751 5344 1851 5398 volum.
1875 5350 1895 5399 l.
1915 5344 1983 5399 thes.

291 5433 385 5487 scribit
403 5432 547 5486 actionem.
583 5432 627 5485 De
646 5431 853 5486 circumcisione
871 5431 971 5488 Genea.
989 5440 1026 5496 ii,
1040 5451 1063 5486 v.
1082 5431 1254 5504 llr‘disput.
1275 5440 1314 5488 25.
1333 5442 1384 5488 etc.
1420 5430 1587 5501 Cumprimis
1606 5430 1771 5495 notandum,
1791 5430 1865 5498 quud
1885 5429 1985 5484 Petrus

293 5520 520 5581 Circumcidetia,
546 5519 636 5588 inquit
656 5517 807 5579 Dominus,
835 5535 946 5570 caraem
969 5519 1119 5588 praeputii
1138 5480 1260 5589 irtanyr
1286 5518 1383 5573 scribit
1412 5518 1492 5571 class.
1517 5524 1541 5571 l.
1567 5517 1618 5571 loc.
1644 5532 1713 5571 com.
1738 5531 1797 5583 cap.
1823 5522 1860 5569 10.
1887 5514 1912 5588 ξ.
1937 5522 1984 5573 36:

290 5605 333 5660 De
353 5622 426 5677 agno
443 5605 568 5674 paschali
587 5604 673 5658 Erod.
696 5608 734 5662 12,
754 5619 779 5658 v.
799 5612 822 5657 it.
843 5610 871 5656 et
887 5620 963 5673 seqq.
983 5604 1052 5658 dicit
1068 5605 1124 5659 Do·
1137 5587 1140 5700 ι
1154 5607 1340 5660 Sacramenta
1358 5613 1415 5658 tota
1438 5606 1466 5656 in
1487 5604 1595 5654 actione
1614 5601 1776 5666 correntaat,
1799 5617 1854 5669 qna
1872 5603 1986 5656 sublata

291 5693 394 5745 miuus:
432 5691 525 5743 Tollat
560 5690 747 5759 rastrisquieque
776 5707 878 5754 apirian
902 5696 927 5739 et
948 5690 1070 5746 imrrsolct
1101 5699 1208 5745 ct·aan
1235 5693 1356 5760 amplias
1381 5698 1445 5743 narrt
1470 5695 1655 5741 sacrararum.
1693 5691 1716 5739 Ἰ.
1735 5685 1919 5741 Bellarminus
1937 5688 1985 5743 lib.

292 5780 357 5832 edat
379 5794 480 5830 carnes
504 5778 572 5844 apat
594 5793 674 5828 asnar
698 5774 760 5839 ipsi
779 5781 832 5831 etc.
867 5774 912 5828 De
932 5774 1070 5845 baptismo
1087 5775 1140 5831 ait‘
1154 5785 1177 5835 1.
1193 5778 1228 5833 de
1245 5777 1348 5848 poenit.
1367 5794 1390 5830 c.
1413 5782 1451 5832 11.
1472 5771 1500 5848 ξ.
1521 5778 1558 5827 tt.
1578 5770 1694 5839 fatetur,
1719 5789 1774 5826 aon
1793 5773 1866 5826 male
1890 5772 1986 5827 Oitens-

292 5864 431 5920 Christns:
449 5864 597 5932 Baptizatc
617 5863 645 5914 ia
664 5861 777 5915 aomina
795 5861 998 5930 Patr-infidi
1015 5871 1041 5916 et
1061 5823 1256 6001 §pi-iniciam
1284 5881 1316 5916 cn
1341 5864 1478 5931 taptnmo
1501 5868 1528 5911 et
1551 5857 1734 5926 eucharistia,
1765 5875 1837 5928 quac
1864 5861 1987 5913 οιινιὶιιηι

291 5952 363 6005 ritas
380 5951 471 6003 sancti
489 5949 586 6004 Matth.
608 5954 646 6015 28,
667 5962 689 5996 v·
712 5949 753 6002 19.
775 5949 809 6005 de
828 5963 908 6002 sacra
923 5963 1011 6006 coena
1031 5949 1126 6006 itidem
1152 5966 1287 6006 consensu
1312 5966 1380 6003 ocra
1404 5951 1582 6002 sacramenta
1603 5952 1680 6009 mist,
1707 5951 1839 6000 amaram
1860 5963 1898 6000 aa
1917 5963 1986 6020 pro-

1572 6047 1627 6103 10*
