4800 6659
984 667 1035 724 DE
1055 667 1169 725 BONIS
1188 667 1385 727 OPERIBUS.
1992 675 2031 737 7³

342 822 421 877 eham
449 831 607 893 aetenam,
633 825 685 881 hoe
712 823 839 880 Christus
861 824 1008 894 respondit
1034 825 1076 878 ad
1097 840 1173 876 eum:
1198 825 1240 877 ad
1254 826 1402 893 perfectae
1422 824 1603 879 beatitudinis
1616 824 1752 890 meritum,
1769 825 1826 880 nisi
1835 824 2033 881 meetseren

344 910 413 974 Quid
430 928 474 964 me
492 911 565 965 dieis
584 912 705 966 bonum!
724 929 802 966 nemo
820 911 907 966 bonus
925 911 982 964 nisi
997 929 1069 964 untes
1085 912 1171 974 Deus,
1200 908 1258 965 Dei
1275 912 1360 966 etiam
1378 912 1408 965 in
1425 912 1478 967 hac
1490 912 1774 982 justitiaeuoluntate
1787 913 1974 967 humanarum
1985 913 2033 967 de-

341 1005 365 1049 ut
390 996 470 1051 iliud
494 1000 647 1066 confirmet,
677 1000 754 1068 qssod
778 998 850 1052 aiibi
873 998 960 1052 dicit:
991 1016 1052 1051 cum
1079 997 1172 1051 omnia
1198 1000 1418 1054 munerationum
1443 1008 1468 1053 et
1492 1007 1614 1054 motuum
1639 999 1709 1053 uitia
1728 1017 1784 1054 non
1803 1007 1919 1069 reputet.
1955 999 2032 1053 Hine

335 1083 475 1151 secer-itis,
500 1100 570 1152 quae
584 1092 741 1153 praecepta
758 1094 822 1138 sunt
839 1084 929 1152 nebu,
946 1084 1050 1138 debetis
1069 1083 1172 1150 dicere,
1197 1086 1275 1140 iilud
1286 1088 1443 1156 prophetae
1462 1086 1567 1140 dietum
1586 1094 1643 1148 est,-
1659 1086 1760 1140 melior
1777 1093 1817 1139 est
1833 1084 2033 1140 misericordia

340 1167 410 1221 serni
427 1168 544 1223 inutdes
556 1188 658 1234 santus,
677 1172 755 1240 quod
765 1171 910 1225 debuimus
915 1172 1027 1239 facere,
1038 1171 1171 1237 fecimus.
1196 1178 1246 1224 tua
1263 1190 1349 1242 super
1365 1173 1459 1240 eitam,
1478 1172 1546 1242 quia
1562 1171 1689 1242 mareau
1702 1170 1863 1240 probabilis
1878 1188 1933 1242 per
1949 1169 2032 1242 juni·

340 1255 410 1308 Nam
438 1256 493 1308 etsi
517 1257 610 1309 omnia
634 1258 799 1327 fecerimus,
830 1274 903 1328 auae
924 1265 1080 1328 praecepta
1108 1264 1171 1310 sunt
1197 1257 1253 1313 tiae
1272 1259 1463 1328 operationem
1477 1258 1685 1329 aitajustorum
1697 1259 1742 1326 sit,
1760 1256 2032 1326 tamenpermiseri·

338 1340 428 1410 nobis,
445 1358 496 1395 nec
513 1343 571 1411 sic,
592 1352 726 1413 quantiam
744 1347 785 1399 ad
802 1345 870 1398 haec
889 1345 980 1407 eaba,
999 1344 1098 1399 bonum
1118 1344 1170 1397 ali·
1196 1345 1324 1399 cordiam
1340 1346 1400 1400 Dei
1414 1347 1481 1414 pius
1493 1345 1587 1399 meriti
1605 1351 1797 1425 consequetur,
1825 1345 1872 1397 Ea
1888 1343 1941 1397 hac
1958 1342 2032 1397 enim

339 1427 406 1496 quid
416 1428 553 1494 seeirnus.
589 1431 650 1483 Nec
669 1432 742 1483 enim
760 1432 788 1484 si
804 1447 868 1486 acre
889 1431 961 1484 bona
979 1437 1080 1492 essent,
1100 1446 1171 1498 quae
1195 1431 1254 1484 vita
1281 1433 1312 1485 in
1329 1433 1416 1486 uitam
1432 1433 1549 1502 proficit
1566 1440 1711 1485 aeter-nm
1729 1438 1755 1483 et
1773 1429 1968 1499 waramum
1982 1430 2031 1498 ju·

338 1514 472 1580 facimus,
490 1516 627 1586 seriptum
640 1518 755 1586 suisset,
778 1525 807 1569 ut
819 1518 965 1585 faciontes
982 1533 1016 1568 ea
1035 1517 1170 1583 dieamus,
1195 1517 1289 1571 stitiae
1308 1518 1478 1573 uoluntatem
1500 1520 1531 1572 in
1555 1526 1661 1572 tantum
1681 1516 1879 1571 misericordia
1897 1516 1958 1570 Dei
1973 1535 2031 1571 mu·

339 1619 384 1654 nos
403 1617 466 1655 esse
484 1601 598 1655 inutiles
615 1621 716 1671 servos,
734 1604 763 1657 si
775 1604 893 1673 proprie
910 1603 1067 1657 conueniret
1085 1601 1169 1656 homi·
1197 1612 1325 1672 neratur,
1350 1614 1380 1657 ut
1405 1606 1544 1659 miserans
1568 1605 1744 1658 aeternitatis
1770 1619 1877 1673 quoque
1901 1620 1968 1656 suae
1981 1603 2031 1672 ju·

338 1686 415 1740 nibus
441 1688 599 1757 appellatio
626 1690 757 1743 bonitatis
780 1697 831 1744 etc.
858 1689 891 1755 (ei
915 1690 943 1743 in
963 1689 1170 1757 comparatione
1194 1698 1267 1743 stum
1292 1708 1425 1761 qumque
1450 1692 1555 1746 tribuat
1579 1708 1638 1744 esse
1650 1690 1829 1760 participem.
1871 1688 1985 1744 Idcirco
2001 1689 2032 1743 in

339 1772 369 1827 sd
394 1773 483 1828 vitem
513 1781 652 1829 aeternam
680 1776 783 1830 bonum
806 1761 1012 1831 nostrum‘non
1037 1779 1079 1830 est
1103 1789 1169 1829 vere
1194 1777 1318 1831 seculum
1336 1786 1362 1830 ct
1379 1779 1409 1831 in
1424 1778 1548 1832 seculum
1566 1777 1656 1831 seculi
1676 1776 1885 1830 muericordiae
1902 1791 1967 1844 spes
1984 1781 2032 1829 est.

338 1859 454 1928 bonum,
485 1866 589 1932 quanto
620 1862 710 1915 minus
741 1863 792 1917 erit
822 1863 946 1933 ejusdem
980 1861 1169 1925 meritorium).
1196 1862 1390 1931 (Bellarminus
1404 1862 1451 1920 lib.
1466 1872 1491 1917 5.
1509 1864 1545 1919 de
1556 1863 1647 1934 justif.
1666 1880 1690 1917 e.
1706 1868 1730 1918 6.
1749 1861 1863 1933 exeipit:
1883 1861 2031 1915 Hilarium

339 1947 351 1999 1.
370 1953 393 2001 3.
420 1946 450 2000 in
475 1947 554 2017 epist.
578 1948 657 2005 Rom.
682 1966 705 2003 e.
728 1956 752 2005 3.
776 1968 803 2020 p.
822 1957 886 2004 5⁰5:
912 1949 991 2003 Mihi
1014 1947 1086 2002 absit
1110 1947 1168 2016 pio·
1195 1950 1247 2003 hac
1266 1950 1357 2004 salum
1376 1950 1453 2017 velie,
1474 1952 1551 2020 qreod
1563 1951 1639 2004 honis
1653 1947 2032 2018 meritispeccataeeniaiia,

338 2033 409 2086 riari
430 2033 490 2086 nisi
506 2034 535 2086 in
553 2051 633 2087 auce
651 2036 771 2089 Domini
786 2036 857 2089 Jesu
877 2033 983 2088 Christi
1000 2039 1051 2089 etc.
1085 2035 1169 2088 Vides
1196 2053 1267 2105 quae
1288 2036 1485 2090 misericordia
1502 2046 1529 2089 et
1547 2036 1709 2089 remissione
1729 2036 1868 2104 radipert,
1893 2033 2031 2087 admisse·

338 2120 494 2188 apostolum
511 2119 678 2189 ploriautem
695 2140 751 2174 non
771 2122 982 2191 superjustitia
996 2139 1064 2184 sua,
1083 2137 1169 2188 neque
1196 2131 1288 2178 antur.
1322 2121 1551 2193 Respondemus:
1579 2122 1649 2177 bene
1669 2128 1725 2189 est,
1752 2137 1818 2192 ergo
1837 2127 1951 2191 propter
1967 2135 2032 2190 poe·

337 2223 418 2277 super
439 2207 580 2272 castitate,
599 2225 686 2278 neque
706 2225 791 2278 super
808 2209 963 2278 sapientia,
979 2223 1068 2276 neque
1085 2224 1169 2276 super
1195 2212 1260 2270 eata
1276 2207 1326 2262 illa
1343 2208 1463 2263 venialia
1488 2208 1612 2262 admixta
1629 2224 1683 2262 non
1704 2213 1785 2262 erunt
1807 2205 1905 2260 merita
1921 2206 2032 2277 proprie

337 2292 435 2345 ceteris
461 2293 608 2346 virtutibus
635 2294 679 2347 oei
702 2294 808 2347 actibus
827 2295 898 2364 stru,
923 2296 975 2347 scd
993 2294 1169 2363 apertissime
1195 2294 1236 2348 sie
1255 2294 1340 2363 dieta,
1358 2312 1408 2349 nee
1427 2295 1485 2349 sits
1505 2300 1616 2349 aeterna
1634 2293 1763 2364 operibus
1775 2293 1887 2348 dabitur
1898 2301 2033 2364 tanquam

334 2380 562 2447 pronuntiantem
582 2387 607 2433 et
626 2380 776 2433 dicentem:
805 2380 859 2443 Qui
876 2379 1033 2447 ploriatur,
1058 2380 1087 2432 in
1109 2380 1168 2432 Do·
1196 2397 1300 2436 merces
1326 2398 1359 2435 ex
1374 2380 1502 2451 justitias
1527 2379 1635 2447 debito,
1659 2380 1710 2433 sed
1728 2395 1761 2433 ex
1778 2380 1900 2451 gratuito
1917 2380 2031 2451 promie-

337 2465 408 2520 mine
427 2466 574 2533 ploristur.
609 2466 650 2519 Et
667 2467 708 2519 sic
729 2466 840 2520 esclusa
858 2475 897 2519 est
916 2466 1042 2535 judaica
1062 2465 1168 2533 picria·
1195 2467 1280 2522 sionis
1301 2469 1393 2535 dono.)
1430 2466 1509 2522 Idem
1527 2468 1555 2521 in
1572 2467 1675 2521 Psalm.
1698 2472 1740 2522 66.
1758 2466 1786 2519 in
1806 2465 1892 2537 priua
1920 2485 1946 2537 p.
1967 2472 2031 2524 stt:

337 2552 385 2621 tio,
411 2570 471 2605 non
492 2569 548 2621 per
569 2552 659 2621 iepsm
681 2569 808 2621 operum,
839 2553 891 2605 sed
907 2568 963 2619 per
986 2551 1073 2619 tapam
1091 2550 1168 2615 fidei,
1197 2554 1357 2608 Secundum
1380 2555 1526 2608 ιίοσιτίηαο
1550 2554 1678 2607 ordinem
1693 2554 1818 2624 primum
1833 2554 2031 2607 misericordia

337 2655 404 2708 puae
422 2645 466 2692 est
484 2638 514 2691 in
533 2638 644 2693 Christo
661 2638 746 2703 desu,
774 2637 804 2690 in
829 2638 911 2707 eujus
929 2654 1009 2691 cusae
1027 2637 1168 2706 pioriutur
1196 2642 1257 2695 Dei
1270 2641 1406 2710 poscitur.
1438 2642 1484 2695 Ea
1502 2642 1586 2711 eopia
1602 2641 1675 2694 enim
1692 2640 1824 2693 bonitatis
1840 2656 1907 2693 suae
1923 2641 2029 2694 mt'eeri·

337 2724 489 2795 apostolus.
533 2723 601 2786 Quis
632 2725 703 2777 enim
727 2733 800 2778 reete
823 2724 993 2794 ploriabitur
1017 2724 1061 2777 aei
1084 2741 1169 2794 super
1195 2728 1323 2782 cordiam
1348 2728 1379 2780 in
1401 2735 1582 2797 peccatorum
1609 2726 1799 2780 remissionem
1831 2726 1972 2796 laepitur,
2001 2734 2028 2780 et

337 2811 463 2864 castitate
483 2828 545 2878 sua,
565 2827 626 2862 eum
645 2811 780 2879 cereptum
798 2810 890 2880 ispat:
907 2811 976 2880 quia
995 2812 1022 2864 ei
1041 2811 1105 2880 quis
1116 2811 1168 2863 ad·
1193 2815 1323 2868 remissio
1336 2822 1518 2884 peccatorum
1532 2832 1588 2868 non
1601 2812 1755 2883 probitatis
1770 2819 1811 2865 est
1826 2812 1961 2877 meritum,
1978 2814 2030 2866 sed

337 2897 458 2967 speses-it
486 2896 629 2949 mulierem
656 2897 697 2948 ad
723 2897 972 2964 concupiscendam
1001 2913 1074 2965 eam,
1107 2897 1168 2965 iam
1194 2908 1365 2970 spontaneae
1381 2900 1763 2968 indulpentiaeooluntases
1778 2898 1909 2952 bonitatis
1921 2899 2029 2953 divitiis

338 2983 494 3037 moechante
510 2991 551 3035 est
569 3000 629 3036 earn
648 2983 677 3035 in
697 2984 782 3036 corde
799 2984 869 3037 suot
894 2985 968 3037 unde
986 2991 1012 3037 et
1027 2984 1168 3053 propheta
1195 2988 1237 3040 ad
1254 2986 1412 3040 miserandi
1427 3003 1526 3039 munus
1544 2985 1704 3041 erubsrans.
1741 2984 1839 3052 (Notet
1855 2984 1907 3040 hoe
1923 2983 2028 3039 Beller-

338 3070 421 3123 dieit:
450 3068 520 3132 Quis
536 3068 713 3138 ploriahitur,
732 3076 839 3123 castum
856 3087 886 3123 se
902 3070 1003 3124 hahere
1024 3072 1094 3124 cor!
1120 3077 1170 3124 aut
1195 3073 1300 3141 minus,
1326 3071 1374 3144 qui
1390 3071 1574 3141 praecedente
1596 3071 1689 3142 eapite
1706 3070 1847 3141 disputet,
1876 3069 2028 3125 misericor·

338 3157 397 3226 puts
416 3156 587 3225 pioriabitur
604 3172 689 3225 super
708 3157 848 3225 sapientia
864 3175 930 3220 aaa,
956 3174 1018 3210 cum
1035 3157 1169 3227 seriptum
1195 3158 1269 3213 diam
1286 3157 1349 3227 Dei,
1370 3173 1426 3229 qua
1442 3164 1556 3229 peccata
1575 3156 1695 3212 venialia
1713 3157 1907 3225 remittuntur,
1934 3154 2029 3212 deberi

337 3244 445 3297 rideat.-
472 3242 542 3311 quia
568 3243 689 3295 mundus
708 3259 764 3311 per
780 3244 950 3312 sapientiam
968 3261 1025 3298 nan
1043 3244 1169 3311 eopnoait
1196 3245 1275 3301 bonis
1301 3244 1406 3299 meritis
1438 3246 1615 3310 sanctorum.)
1646 3243 1675 3297 in
1698 3242 1803 3300 Psalm.
1830 3247 1886 3299 129.
1909 3259 1936 3312 p.
1962 3248 2028 3297 eet:

337 3331 428 3383 Deum
440 3333 494 3384 cte.
526 3327 594 3391 Qrsis
614 3335 707 3381 autem
723 3328 767 3382 osi
777 3346 862 3398 super
876 3330 1052 3397 iustitiaeua
1064 3329 1170 3399 pieria·
1196 3332 1359 3385 Mercedem
1375 3349 1431 3385 non
1445 3330 1552 3399 operis,
1566 3332 1618 3383 sed
1638 3328 1848 3383 misericordiae
1865 3329 2029 3382 undecimae
2119 3377 2121 3380 .

337 3415 416 3478 bitur,
435 3431 498 3467 cum
512 3413 615 3467 audiat
627 3414 721 3467 Deum
734 3431 818 3483 super
829 3416 999 3485 prophetam
1016 3417 1168 3469 dieentem:
1194 3419 1281 3473 horae
1311 3417 1440 3487 operarii
1463 3423 1663 3486 consequentur
1693 3420 1743 3470 ste.
1777 3415 1887 3468 Beatus
1906 3414 2028 3484 peridem,

336 3518 405 3572 prae
418 3500 508 3555 omnis
517 3500 817 3569 justitiaaestrasicut
828 3519 942 3571 pannus
955 3502 1082 3556 mulieris
1096 3518 1168 3554 men·
1195 3505 1246 3574 qui
1266 3522 1285 3558 a
1310 3521 1392 3558 mane
1415 3519 1501 3571 usaria
1523 3503 1554 3555 in
1573 3510 1679 3555 noctem
1696 3502 1831 3555 laborans
1851 3509 1964 3570 paetssm
1982 3502 2028 3555 de·

335 3588 479 3643 druatae!
497 3587 560 3641 sola
573 3587 661 3656 ipitur
671 3587 754 3656 justa
767 3588 902 3656 ploriatio
915 3596 956 3642 est
968 3589 998 3642 in
1008 3590 1065 3652 fide
1079 3589 1169 3642 ausis
1195 3592 1307 3645 narium
1328 3599 1463 3659 tanquam
1482 3588 1605 3642 debitum
1618 3583 1761 3658 poenibat,
1782 3589 1834 3642 sed
1860 3587 1928 3656 quia
1943 3587 2030 3642 honus

336 3674 456 3741 Christi,
485 3690 556 3743 quae
582 3673 705 3727 excludit
730 3691 836 3728 omnem
862 3676 944 3729 illam
964 3676 1169 3743 ploriationem,
1194 3687 1235 3732 est
1252 3678 1401 3746 Dominus,
1420 3676 1487 3745 quia
1507 3674 1667 3728 misericors
1686 3682 1735 3743 est,
1753 3690 1894 3743 speremus
1911 3674 1942 3727 in
1960 3691 2030 3743 eum,

335 3779 406 3833 quae
424 3759 571 3815 descendit
590 3776 623 3813 es
643 3761 772 3830 ope-tous
789 3760 868 3829 lepis.
905 3761 922 3815 l.
936 3767 960 3818 4.
974 3761 1002 3816 in
1015 3778 1040 3816 e.
1054 3762 1168 3820 4.Rom.
1194 3775 1224 3821 ut
1237 3766 1399 3819 undecimae
1417 3764 1481 3817 lieet
1501 3763 1588 3817 harae
1605 3761 1734 3831 operarii
1749 3762 1847 3816 diurni
1864 3761 1971 3815 laboris
1984 3762 2029 3815 de·

334 3866 361 3920 p.
383 3853 445 3905 509.
470 3862 609 3918 exponens
632 3845 738 3901 laeum:
762 3848 803 3901 Ei
823 3848 873 3917 qui
895 3856 1040 3918 spuatur,
1065 3866 1168 3903 merces
1195 3853 1307 3906 narium
1324 3867 1533 3919 consequamur,
1550 3865 1603 3918 per
1618 3847 1771 3902 Dominum
1789 3845 1914 3901 nostrunt'
1931 3847 2030 3901 desum

335 3954 390 3991 non
416 3936 574 4006 imputatur
602 3936 753 3988 secundum
780 3936 914 4003 qratiam,
942 3938 994 3990 sed
1016 3938 1168 3990 secundum
1195 3939 1335 3994 Christum
1341 3959 1353 4008 ,·
1372 3935 1514 3993 inPealm.
1531 3940 1587 3991 143.
1605 3952 1688 4006 saper
1700 3934 1797 3990 verba:
1815 3935 1945 4002 Domine,
1959 3933 2031 4004 puid

334 4022 475 4076 debitum:
496 4022 560 4089 Epo
578 4019 688 4091 (inquit)
708 4040 769 4074 crim
787 4022 935 4076 considero
952 4023 1086 4076 semeonis
1103 4024 1167 4077 emi·
1195 4035 1234 4081 est
1258 4028 1353 4093 homo,
1384 4023 1452 4093 quia
1475 4022 1623 4077 innotuisti
1645 4022 1690 4075 ei!
1719 4029 1768 4075 aut
1792 4021 1871 4085 filius
1900 4020 2030 4090 hominis,

333 4109 473 4177 nentium,
500 4108 578 4177 quod
605 4107 676 4161 dicit
699 4109 829 4178 operanti
853 4109 975 4163 debitum
998 4111 1098 4180 reddi,
1123 4111 1169 4164 aia
1195 4114 1273 4183 quaa
1290 4114 1410 4181 deputas
1426 4110 1508 4163 eum!
1535 4108 1682 4173 Confessio
1700 4108 1756 4162 ista
1770 4106 1963 4177 pulcherrima
1980 4113 2029 4173 est,

332 4196 404 4250 mihi
420 4196 539 4261 suadeo,
558 4197 636 4266 quod
647 4196 741 4264 possit
758 4195 848 4249 ullum
867 4212 938 4265 opus
955 4212 1022 4259 esse,
1043 4198 1120 4266 quod
1136 4216 1168 4251 ea
1194 4208 1224 4253 ut
1245 4200 1392 4268 indipnum
1418 4212 1449 4250 se
1466 4202 1545 4250 tanto
1566 4210 1679 4248 munere
1702 4194 1783 4247 homo
1807 4192 1973 4261 orbitatum
2002 4200 2029 4246 et

332 4282 427 4336 debito
444 4281 696 4336 remunerationem
709 4283 769 4336 Dei
787 4284 930 4351 deposcat,
949 4301 1011 4337 cum
1024 4284 1168 4339 etiamhoc
1194 4305 1255 4339 cum
1283 4302 1313 4339 se
1330 4284 1479 4353 indipnum
1497 4284 1656 4351 confiteber,
1670 4280 1794 4350 pretium
1812 4280 1889 4349 ejus,
1908 4279 1958 4348 qui
1974 4279 2030 4334 sibi

331 4369 434 4439 ipsum,
454 4385 516 4421 eum
534 4385 619 4437 apere
636 4368 749 4437 aliquid
761 4385 911 4438 possumus
928 4369 972 4422 ael
990 4371 1166 4441 copitareeeh
1194 4374 1262 4426 hacc
1282 4370 1437 4442 larpiatur,
1467 4367 1592 4422 eetottat.
1640 4366 1716 4429 Quid
1742 4366 1814 4419 enim
1840 4374 1881 4421 est
1898 4366 2029 4420 maritum

327 4454 474 4525 proloqui,
490 4454 580 4524 ipsius
599 4455 673 4508 dono
692 4461 718 4507 ot
735 4454 886 4523 bospitioue
896 4456 1052 4523 faciamus.
1088 4456 1169 4519 Quod
1193 4458 1327 4525 hominis,
1350 4463 1381 4509 ut
1405 4456 1433 4510 ei
1457 4470 1487 4509 se
1511 4452 1723 4523 eopnoseibilsm
1742 4454 1821 4506 Deus
1837 4454 1981 4522 praestet?
1998 4461 2029 4506 ut

332 4558 400 4609 erpo
418 4540 474 4594 erit
491 4540 613 4594 dehitm
632 4540 725 4608 itlius,
750 4540 831 4608 cujus
855 4542 950 4610 pratia
973 4561 1023 4595 nas
1036 4560 1167 4612 praeces·
1193 4542 1390 4613 capnoscibdis
1408 4549 1512 4595 natura
1532 4539 1686 4608 capnitioni
1701 4546 1815 4593 nostrae
1828 4556 1858 4593 se
1867 4540 2030 4594 submittat!

330 4628 391 4682 aus
427 4628 469 4681 Et
492 4626 558 4680 ideo
581 4627 731 4680 videndum
750 4627 839 4694 mopie
857 4635 912 4696 est,
930 4644 964 4680 ne
976 4630 1074 4697 forte,
1092 4633 1169 4700 quod
1193 4639 1244 4686 aut
1269 4647 1341 4699 quae
1364 4629 1488 4698 dipnitas
1513 4636 1553 4681 est
1572 4626 1633 4695 filii
1650 4625 1784 4693 hominis,
1809 4632 1841 4679 ut
1859 4627 2029 4695 deputetur!

271 4722 318 4765 tus.
331 4712 423 4769 dini.-
442 4712 469 4767 ei
486 4720 576 4766 autem
597 4713 648 4782 qui
665 4720 807 4783 operatur,
825 4731 929 4767 meroes
947 4718 1098 4770 secundum
1120 4718 1166 4771 de·
1194 4719 1345 4787 deputatur
1361 4722 1461 4777 autem
1479 4713 1615 4783 quiequid
1627 4714 1662 4766 de
1674 4701 1715 4781 eo,
1725 4713 1755 4765 in
1769 4729 1824 4781 auo
1836 4719 1886 4776 est,
1904 4713 1934 4766 in
1946 4713 2029 4767 aliud

329 4800 418 4854 utum
434 4806 590 4869 reputatur,
611 4800 723 4853 sinistri
740 4800 831 4869 mapis
849 4801 942 4869 operis
956 4801 1167 4870 inteiiipendum
1194 4804 1359 4858 destinatur.
1404 4799 1473 4857 Cen.
1499 4805 1540 4856 20.
1569 4799 1598 4854 in
1616 4798 1715 4854 Meua.
1740 4817 1768 4870 p.
1797 4804 1861 4856 ³05:
1895 4799 2028 4854 Debitum

329 4886 369 4941 eit
395 4885 525 4940 debitum.
562 4886 665 4940 Debita
691 4885 764 4939 enim
785 4894 902 4956 peccato
927 4887 988 4939 dici
1007 4888 1037 4940 in
1062 4890 1167 4944 divinis
1193 4898 1256 4945 erat
1275 4907 1330 4960 per
1348 4889 1440 4942 arbem
1457 4895 1597 4941 terrarum
1615 4886 1789 4956 eaanpeiium
1807 4886 1979 4958 praedicari
2000 4894 2028 4940 et

328 4972 520 5027 uoluminibus
535 4973 706 5041 frequenter
730 4971 852 5025 invenies
870 4978 922 5027 etc.
962 4974 1040 5028 Unde
1057 4984 1166 5044 aposto·
1192 4984 1287 5046 pentes
1303 4976 1378 5043 fidei
1394 4972 1599 5043 justifieatione
1623 4972 1742 5027 saivari.
1791 4972 1834 5027 Hi
1855 4971 1942 5042 ipitur
1966 4973 2026 5025 mit·

328 5059 377 5115 ius
394 5058 455 5113 aiio
476 5059 505 5113 in
524 5058 602 5114 ioco:
642 5058 801 5128 Stipendia,
828 5058 931 5130 inquit,
953 5061 1067 5129 pcccati
1083 5080 1166 5131 mors,
1192 5070 1287 5117 tunna
1306 5064 1347 5115 ad
1364 5061 1484 5129 vineam,
1502 5067 1527 5114 et
1539 5077 1602 5113 cum
1613 5076 1676 5115 sero
1694 5075 1751 5113 esse
1763 5060 1905 5129 coepisset,
1922 5061 2026 5113 Meum

328 5155 356 5202 a
375 5164 430 5201 nm
453 5146 555 5215 ama,
576 5154 606 5198 u
628 5146 758 5199 similiter
778 5146 895 5214 suere,
920 5146 1063 5216 repressa
1079 5148 1165 5216 jure
1192 5134 1360 5204 comesum
1385 5148 1416 5201 u
1448 5146 1532 5200 cortu
1565 5146 1625 5199 aas
1652 5145 1748 5200 uem
1780 5145 1915 5200 messan
1938 5145 2028 5214 prens

328 5233 388 5287 tiae
422 5232 483 5285 orta
513 5238 648 5300 aeterna,
683 5232 735 5285 sed
763 5232 822 5285 ait:
857 5232 951 5301 pratia
986 5240 1076 5287 autem
1109 5236 1168 5288 Dei
1192 5234 1320 5306 operarii
1335 5233 1762 5303 horaoesperiseonsequuntur.
1786 5232 1897 5286 Merces
1914 5232 2027 5302 quidem

325 5319 388 5374 aito
417 5327 544 5388 aeterna,
575 5326 605 5371 ut
635 5317 816 5388 stipendium,
846 5321 922 5388 parad
950 5320 1042 5388 atique
1072 5322 1165 5376 debito
1191 5340 1225 5377 ea
1254 5324 1329 5376 dano
1358 5320 1439 5374 nulla
1466 5327 1518 5385 est,
1547 5320 1615 5389 quia
1644 5320 1759 5374 debetur
1788 5336 1820 5372 ee
1849 5335 1944 5387 opere,
1975 5321 2028 5373 sed

326 5414 354 5461 et
381 5406 509 5460 maeotii
531 5404 623 5458 simile
647 5413 700 5473 est,
730 5406 938 5457 retributionem
966 5423 1076 5475 poenae
1106 5425 1165 5462 esse
1190 5408 1347 5479 pratuitam
1377 5408 1458 5461 Deus
1496 5406 1622 5459 omnibus
1656 5422 1689 5458 en·
1726 5404 1796 5471 fidei
1821 5404 2027 5472 justificatione

326 5495 441 5549 doceret
460 5500 487 5545 et
509 5492 620 5557 martes,
645 5492 730 5545 eitam
752 5498 843 5543 auum
861 5499 1003 5545 aeternam
1023 5494 1080 5546 soii
1099 5513 1164 5562 pra·
1192 5495 1308 5549 donavit
1331 5497 1382 5550 ets.
1422 5492 1561 5546 Macarius
1588 5490 1663 5547 hom.
1691 5496 1730 5547 15.
1750 5506 1776 5559 p.
1807 5493 1871 5545 212:
1908 5490 2037 5561 Sipnum·

324 5581 386 5635 tiae
403 5578 590 5646 eonsipnoret.
623 5575 779 5648 Cyprianus
791 5575 870 5647 epist.
883 5582 930 5632 99:
952 5579 1121 5633 Remunerat
1135 5581 1164 5635 in
1192 5579 1402 5635 Christianismi
1425 5587 1479 5642 est,
1501 5579 1529 5631 si
1549 5578 1594 5631 ael
1616 5577 1759 5631 uniuersos
1781 5575 1926 5631 thesauros
1951 5578 2028 5649 repis

325 5665 408 5720 nobe's
428 5666 525 5734 Deus,
544 5665 621 5733 quod
640 5664 699 5733 ipse
719 5663 873 5732 praestitit,
893 5671 919 5715 ct
937 5663 1070 5735 honorat,
1089 5670 1166 5736 quod
1188 5668 1345 5738 possideat,
1365 5682 1412 5720 eos
1431 5665 1571 5720 oectdtare
1588 5682 1622 5717 ac
1638 5662 1737 5731 ubique
1753 5662 1862 5717 dicere:
1882 5663 2028 5718 thesaurus

322 5754 388 5823 ipsc
394 5750 530 5822 perfecit.
548 5748 673 5804 Hilarius
686 5765 774 5804 enarr.
785 5748 814 5802 in
823 5748 920 5807 Ps.5l.
931 5749 1005 5804 cirea
1015 5749 1061 5806 fin.
1071 5769 1097 5823 p.
1105 5758 1163 5809 sot:
1190 5760 1303 5808 nonest
1321 5768 1405 5821 meus,
1422 5751 1568 5806 sedatius
1586 5767 1645 5804 eum
1664 5748 1745 5818 apud
1760 5764 1805 5801 me
1818 5750 1956 5819 depoudt
1975 5768 2026 5822 epo

325 5836 401 5907 Spes
413 5837 445 5889 in
454 5834 653 5907 misericordia
664 5835 724 5888 Dei
736 5834 896 5888 insecutam
909 5843 934 5889 et
944 5837 973 5889 in
986 5838 1108 5891 seculum
1122 5856 1163 5893 se·
1191 5840 1265 5894 enim
1282 5838 1427 5893 mendicus
1443 5856 1512 5906 suns,
1530 5845 1556 5889 et
1573 5835 1687 5905 quando
1705 5835 1732 5889 ei
1746 5835 1903 5905 placuerit,
1921 5845 2028 5906 repetet

321 5922 447 5979 suurn.
466 5919 910 5989 Nenenimipsaihtajustitiae
923 5924 1165 5992 opcrasusheient
1190 5944 1253 5981 eum
1277 5944 1295 5979 a
1325 5940 1386 5992 me,·
1416 5941 1443 5995 p.
1474 5928 1538 5981 21³:
1567 5920 1618 5991 qui
1646 5913 1789 5991 dwnsodi
1815 5930 1894 5988 mt,
1922 5932 2027 5992 quanto
