4800 6659
932 537 987 595 DE
1002 532 1125 596 SACRO
1142 532 1347 594 BAPTISMO.
1927 542 1990 605 333

310 695 421 768 1181118118
439 711 513 769 quse
534 693 619 751 offert
635 712 687 767 pro
705 693 872 750 snbsstendo
889 695 1035 767 dogmate,
1053 690 1144 767 quodi
1159 689 1235 761 quod
1252 693 1417 761 requiratur
1436 694 1478 746 od
1493 693 1617 762 pesam
1630 693 1764 764 baptismi
1774 695 1995 762 concoquendum

308 798 362 838 sera
382 781 448 838 fides
471 782 560 854 possit
584 798 644 837 esse
670 782 730 837 sine
747 783 862 837 caritate
881 787 909 838 81
927 798 990 836 eum
1009 778 1131 850 peccatis
1142 776 1144 903 Ι
1156 775 1281 830 conditio
1299 778 1371 846 lepis
1388 787 1525 850 18188188,
1546 798 1606 834 nrm
1623 780 1695 834 aiibi
1711 778 1919 848 (1888818818
1936 795 1995 834 esse

304 875 391 924 centn
421 868 621 924 conscientiam
649 867 731 922 simul
755 868 918 936 subsistere,
946 882 979 921 ea
1000 866 1056 920 late
1077 865 1131 918 dis·
1157 871 1254 916 nostra
1283 866 1383 918 morito
1405 875 1470 920 onte
1487 868 1612 935 pretinm
1625 866 1855 936 justificationis,
1880 866 1932 919 ssd
1950 883 1993 922 ro·

301 971 377 1011 cussa
401 961 467 1010 sunt
491 954 521 1010 in
548 959 670 1010 tractatu
697 955 732 1009 de
754 952 954 1024 justificatione
978 949 1005 1026 ξ
1028 924 1215 1011 18181Ϊ1811
1242 953 1417 1020 propositum
1444 955 1602 1008 servandae
1633 954 1704 1021 lepis
1725 959 1794 1021 port
1819 953 1993 1021 baptismum.

298 1041 480 1112 sequentibus.
1142 1016 1382 1106 iRespondemns:
1408 1055 1443 1093 an
1464 1056 1520 1095 non
1539 1039 1598 1110 ipse
1618 1038 1802 1094 Bellarminus
1820 1038 1916 1107 docet,
1942 1055 1993 1093 nos

245 1143 277 1173 ¹*
330 1133 386 1182 111.
422 1127 490 1198 Cap.
520 1133 559 1185 ts.
589 1133 686 1184 eontra
716 1126 799 1181 aliam
824 1125 940 1180 Lutheri
965 1111 1213 1195 propositio-(non
1236 1122 1383 1192 justificari
1410 1124 1464 1180 fide
1491 1125 1563 1191 sola,
1591 1126 1640 1179 sed
1657 1123 1711 1179 fide
1731 1130 1758 1179 et
1776 1122 1920 1195 operibus,
1944 1122 1994 1178 itta

245 1186 356 1277 ἵζω
374 1213 560 1268 Bellarminns
584 1213 730 1284 disputat,
759 1212 807 1266 ubi
826 1212 927 1281 repetit
945 1227 1005 1265 can.
1024 1217 1048 1264 1.
1067 1198 1249 1287 con-lentem
1275 1225 1360 1279 opera
1386 1217 1481 1264 nostra
1509 1210 1631 1282 perfecte
1659 1211 1773 1281 implere
1798 1208 1911 1281 legem?
1946 1210 1993 1263 An

245 1289 274 1381 ξιτ,
295 1299 337 1353 cil.
355 1298 433 1353 Trid.
471 1301 636 1370 Baptismus
654 1317 711 1351 noo
730 1297 764 1351 id
782 1299 925 1365 17181181
943 1298 1024 1349 118188
1042 1296 1211 1379 881188ῑ11811
1229 1295 1364 1361 docet,in
1385 1297 1522 1366 baptismo
1542 1297 1651 1351 infundi
1670 1296 1782 1352 habitus
1801 1295 1873 1363 fidei,
1892 1295 1992 1350 carita·

245 1369 274 1431 ν’
292 1385 363 1448 fidei
378 1385 489 1440 debitor
508 1387 557 1449 sit,
581 1402 638 1437 non
656 1392 748 1437 antem
767 1385 914 1436 urrioersoe
935 1383 1007 1452 lepis
1025 1379 1133 1434 Christi
1141 1380 1203 1473 1111,
1229 1381 1287 1451 spei
1314 1386 1365 1438 etc.
1390 1400 1440 1452 per
1465 1399 1533 1453 quos
1551 1382 1704 1437 formaliter
1722 1383 1759 1437 sit
1780 1381 1893 1452 justus?
1927 1381 1993 1436 ,iam

245 1442 274 1534 ,¹¹⁸
293 1472 460 1528 mundae.
493 1470 719 1541 Respondemus:
737 1469 852 1523 insidias
873 1468 947 1521 illius
960 1467 1073 1522 canonis
1086 1482 1220 1541 ex-pvero
1239 1467 1340 1520 caritas
1358 1468 1393 1522 ad
1418 1469 1508 1539 legem
1527 1469 1648 1539 pertinet
1666 1477 1694 1523 et
1712 1478 1754 1523 est
1772 1470 1843 1540 legis
1862 1467 1991 1537 impletio.

245 1555 250 1584 r
291 1556 385 1626 posuit
407 1555 598 1625 Chemnieius‚
623 1573 657 1611 ex
685 1573 740 1627 quo
766 1554 834 1610 haec
859 1555 1021 1624 repetimus:
1041 1552 1064 1606 si
1082 1550 1201 1625 quigAd
1218 1552 1445 1620 justificationem
1465 1555 1576 1609 omnino
1595 1555 1745 1624 requiritur
1762 1554 1874 1624 justitia
1891 1559 1919 1608 et
1931 1569 1991 1623 per·

292 1640 432 1697 affirmant
450 1659 484 1697 ac
503 1643 618 1711 docent,
637 1642 794 1711 baptizatos
814 1657 864 1711 per
884 1640 1051 1709 baptismum
1069 1645 1129 1692 tan·
1156 1637 1230 1691 fecta
1248 1639 1317 1710 legis
1335 1640 1473 1710 impleti03
1497 1642 1557 1710 jam
1575 1657 1641 1695 vero
1661 1640 1737 1694 illum
1754 1640 1891 1711 justitiam
1909 1646 1938 1694 81
1955 1639 1992 1694 le-

292 1733 350 1782 tum
380 1728 520 1784 debitores
547 1728 607 1784 fieri
635 1729 721 1783 solius
746 1728 828 1796 fidei,
855 1727 908 1781 hoc
922 1732 965 1781 est
982 1725 1142 1789 historicae¹
1155 1724 1198 1794 gis
1221 1725 1409 1795 impletionem
1437 1744 1493 1781 non
1517 1727 1617 1781 docent
1645 1725 1701 1780 fide
1726 1726 1754 1779 in
1773 1725 1884 1781 Christo
1909 1741 1991 1795 quae·

293 1814 407 1869 notitiae
437 1813 616 1868 articulorum
644 1813 709 1868 fidei
733 1820 762 1868 et
785 1819 916 1868 externae
942 1811 1285 1882 professionistrendam,
1313 1813 1411 1884 ntique
1429 1830 1496 1886 ergo
1520 1820 1641 1869 nostram
1657 1813 1797 1884 justitiam
1818 1818 1847 1867 et
1868 1818 1991 1866 nostram
2020 1840 2023 1848 ·

293 1900 331 1954 ita
353 1906 385 1954 nt
410 1899 544 1970 peculiari
569 1899 715 1971 privilegio
739 1916 851 1968 prorsus
877 1899 996 1969 exempti
1017 1899 1072 1951 sint
1092 1870 1142 1951 abl
1156 1897 1435 1968 legis·impletionem
1461 1901 1613 1970 requirnnt.
1655 1900 1736 1965 Quod
1759 1900 1796 1953 ad
1819 1898 1991 1970 propositum

294 1983 450 2042 obedientia
473 1986 668 2040 mandatorum
692 1985 744 2039 Dei
769 2001 801 2039 ac
826 1986 944 2040 liberum
965 1991 993 2040 et
1013 1985 1127 2040 arbitra·
1140 2023 1142 2033 .
1156 1984 1226 2054 legis
1245 1985 1397 2041 servandae
1415 1987 1529 2052 attinet,
1547 1986 1617 2040 illud
1639 1986 1750 2040 omnino
1769 1990 1797 2039 et
1814 2002 1864 2039 nos
1876 1983 1991 2051 requiri·

296 2071 361 2126 rium
390 2071 444 2126 sibi
462 2087 522 2126 esse
542 2077 680 2136 statuant,
699 2071 757 2126 sire
775 2071 891 2142 obsequi
909 2071 1047 2125 mandatis
1066 2036 1217 2150 Dedimus
1236 2070 1263 2124 iu
1282 2071 1440 2141 baptizatis,
1459 2073 1569 2128 interim
1587 2090 1642 2127 non
1659 2073 1712 2126 hoe
1723 2070 1788 2140 fine,
1806 2079 1837 2124 ut
1850 2087 1900 2141 per
1913 2087 1991 2124 suam

297 2156 349 2213 sire
371 2173 407 2212 ea
429 2156 533 2213 violare
556 2162 584 2211 et
608 2173 704 2211 secure
726 2158 850 2227 peccatis
869 2156 1014 2228 indulgere
1033 2173 1127 2226 posse:
1139 2158 1143 2185 ¹
1155 2157 1343 2226 impletionem
1361 2167 1480 2230 sperent,
1499 2178 1528 2214 se
1542 2159 1691 2231 promereri
1703 2175 1784 2228 posse
1797 2157 1915 2227 gratiam
1929 2155 1991 2221 Dei,

298 2241 346 2298 illis
367 2243 432 2314 jure
460 2242 608 2298 anathema
633 2242 695 2297 diei.
740 2241 802 2297 1188
827 2259 892 2297 vero
916 2242 1031 2296 anobis
1049 2241 1342 2339 abestlremissioncm
1366 2254 1542 2317 pcccatorum
1561 2252 1589 2301 et
1605 2247 1692 2300 vitam
1709 2252 1865 2310 aeternam,
1892 2243 1941 2297 sed
1961 2249 1992 2296 ut

297 2345 373 2399 qnam
401 2329 575 2400 longissime;
602 2328 720 2382 dicimus
746 2334 852 2391 autem,
880 2344 937 2381 non
956 2327 1077 2397 pendere
1095 2342 1185 2437 eapse
1209 2340 1303 2401 gratos
1321 2333 1382 2387 Deo
1408 2338 1435 2387 et
1453 2333 1577 2403 proximo
1597 2332 1679 2387 utiles
1697 2334 1840 2400 praestent
1856 2345 1889 2383 ac
1907 2328 1991 2383 fidem

298 2415 451 2469 conditione
475 2414 544 2486 legis
569 2430 586 2467 a
609 2413 690 2468 nobis
716 2413 861 2483 impletae,
886 2419 917 2468 nt
940 2413 1083 2484 promissio
1101 2418 1233 2470 etrsnam
1257 2436 1306 2487 per
1332 2435 1416 2488 opera
1438 2420 1626 2474 demonstrent
1644 2426 1696 2473 etc.
1738 2416 1869 2472 Fatemnr
1886 2420 1914 2468 et
1933 2428 1991 2477 nos,

299 2501 382 2572 gratis
405 2500 537 2569 baptismi
562 2498 642 2554 nobis
660 2506 721 2554 rata
740 2501 776 2555 sit
796 2508 824 2555 et
839 2499 933 2567 firma,
957 2500 1007 2555 sed
1026 2498 1143 2569 requiri.
1157 2501 1313 2571 baptizatos
1333 2521 1394 2559 esse
1412 2505 1565 2572 debitores,
1585 2521 1640 2558 non
1660 2510 1692 2558 ut
1709 2501 1861 2558 secundum
1880 2516 1991 2555 carnem

299 2593 399 2640 tautum
417 2586 518 2653 fidem,
536 2603 592 2656 qna
608 2587 731 2659 gratuita
750 2587 798 2640 illa
816 2585 965 2655 beneficia,
992 2601 1064 2656 quae
1081 2565 1262 2673 ¹¹⁰1llll³¹¹b
1285 2591 1333 2643 sed
1355 2591 1506 2644 secundum
1524 2591 1657 2661 Spiritum
1682 2589 1826 2643 ambulent
1845 2604 1878 2641 ac
1897 2586 1925 2640 in
1944 2585 1993 2641 ris

299 2669 335 2726 bis
356 2677 473 2744 propter
492 2671 632 2728 Christum
651 2673 804 2740 donantur,
831 2673 867 2726 ad
886 2690 936 2726 nos
954 2672 1129 2739 recipiamus.
1142 2682 1144 2753 ἰ
1156 2675 1347 2729 mandatorum
1362 2676 1415 2730 Dei
1435 2682 1560 2745 currant;
1577 2676 1687 2731 interim
1702 2684 1796 2731 tamen
1811 2671 1946 2728 beneficia
1962 2671 1992 2728 iu
2032 2685 2036 2693 “

245 2753 375 2813 1111111188
393 2759 467 2813 enim
486 2759 589 2828 accipit
607 2759 815 2829 promissionem
834 2758 964 2828 baptismi
982 2758 1066 2811 Marc.
1091 2762 1129 2819 16,
1141 2756 1144 2875 Ι
1157 2761 1295 2830 baptismo
1313 2762 1408 2815 oblata
1427 2778 1482 2816 non
1500 2779 1517 2816 a
1536 2762 1693 2817 conditione
1710 2766 1865 2815 nostrorum
1878 2773 1992 2827 operum

296 2860 318 2898 1.
337 2850 377 2900 ts.
417 2845 477 2899 Lon
500 2854 590 2898 eutem
614 2852 726 2898 nonest
746 2846 851 2913 enfide
870 2843 963 2898 Galat.
985 2849 1014 2911 3,
1038 2860 1064 2896 v.
1090 2847 1128 2898 11.
1155 2863 1189 2900 88
1209 2849 1366 2902 meritorum
1385 2850 1542 2920 dependere
1561 2849 1686 2911 dicimus,
1706 2847 1755 2900 sed
1776 2846 1862 2916 gratis
1880 2852 1992 2914 propter

295 2929 328 2985 Et
351 2929 423 2985 fides
446 2937 581 3002 perpetuo
608 2937 732 2985 maneret
750 2931 863 2992 incerta,
883 2928 1028 2999 promissio
1045 2927 1130 2983 etiam
1155 2933 1294 2987 christum
1319 2935 1416 2989 donari
1441 2944 1468 2989 ot
1482 2935 1537 2990 fide
1558 2933 1793 3002 nantuacense
1819 2938 1847 2985 et
1865 2930 1992 3001 quamvis

295 3031 343 3072 nec
364 3023 428 3071 rata
452 3032 504 3072 nec
523 3017 599 3071 utilis
618 3034 678 3072 esse
697 3024 798 3086 posset,
817 3017 841 3069 si
860 3016 995 3087 ponderet
1014 3032 1047 3069 ex
1066 3019 1357 3091 oon-'regenerationi
1385 3027 1520 3092 perpetuo
1539 3022 1689 3090 conjuncta
1708 3019 1744 3072 sit
1760 3018 1918 3081 renovatio,
1941 3033 1991 3087 per

296 3102 396 3159 ditione
422 3102 493 3174 legit
516 3120 534 3158 8
557 3103 637 3157 nobis
655 3103 801 3173 impletae,
825 3103 888 3156 ideo
907 3118 940 3155 ΘΧ
957 3099 1021 3169 fide,
1042 3109 1072 3153 ut
1089 3098 1142 3153 ὅθ’
1156 3123 1239 3177 quam
1262 3106 1372 3161 liberati
1395 3123 1412 3161 a
1441 3112 1556 3177 peccato
1575 3106 1646 3161 servi
1663 3105 1805 3160 reddimur
1818 3103 1946 3172 justitiae
1963 3109 1992 3159 et

295 3191 414 3243 cundum
431 3189 555 3256 qratiam
574 3191 611 3243 sit
623 3191 711 3256 firma
721 3190 884 3259 promissio,
910 3186 990 3241 Rom.
1002 3192 1026 3251 4,
1047 3202 1073 3244 v,
1091 3192 1129 3242 16.
1140 3226 1142 3249 ι
1154 3194 1182 3246 iu
1207 3192 1329 3247 novitate
1347 3192 1421 3247 vitae
1438 3193 1499 3248 Deo
1518 3192 1547 3246 in
1565 3198 1706 3261 posterum
1724 3189 1871 3252 servimus,
1897 3192 1991 3244 18111811

295 3269 370 3329 Haec
388 3274 482 3329 omnia
499 3274 534 3328 D.
556 3273 738 3328 Chemnicius.
896 3324 900 3331 ,
1153 3277 1298 3348 promissio
1325 3278 1445 3349 matina,
1468 3276 1636 3332 remissionis
1660 3282 1838 3346 peccatorum
1866 3279 1894 3327 et
1917 3273 1991 3328 vitas

245 3371 257 3405 1
329 3367 387 3416 115.
422 3360 608 3415 Bellarminns
626 3360 735 3430 excipit,
753 3359 873 3414 ertlseri
889 3360 1055 3413 sententiam
1072 3366 1129 3412 tom
1155 3348 1364 3419 aeternao'non
1393 3381 1426 3419 ex
1453 3363 1554 3420 nostris
1580 3362 1724 3434 operibus,
1752 3361 1797 3416 vel
1821 3365 1917 3415 nostra
1941 3360 1991 3415 im.

245 3426 268 3509 R
295 3449 396 3502 dnerte
413 3448 451 3500 ab
466 3448 581 3516 ipsomet
600 3447 721 3502 Luthero
741 3463 900 3516 erprcssom
921 3462 987 3514 esse,
1007 3453 1036 3497 nt
1049 3445 1129 3500 118118
1141 3462 1143 3467 ’
1154 3452 1276 3521 pletione
1293 3449 1363 3520 legis
1380 3450 1492 3521 pendet,
1512 3449 1561 3504 sed
1578 3448 1633 3503 fide
1650 3449 1679 3501 in
1691 3446 1832 3502 Christum
1844 3445 1988 3516 accipitur.

245 3546 250 3559 ·
294 3535 373 3589 nodo
402 3534 532 3587 mensori
557 3534 654 3602 possit.
700 3531 749 3587 Sic
779 3533 850 3585 esim
877 3532 969 3601 ipsum
996 3531 1075 3599 loqui
1100 3532 1129 3583 io
1154 3536 1286 3605 Reliqua,
1316 3551 1388 3606 quae
1412 3535 1447 3590 de
1473 3551 1587 3605 operum
1616 3534 1781 3589 necessitate
1809 3533 1846 3587 ad
1873 3531 1991 3586 salutem

293 3619 337 3674 lib.
369 3622 406 3674 de
434 3619 526 3673 libert.
557 3619 677 3674 Christ:
714 3619 803 3672 Nullo
830 3635 929 3687 opere,
960 3618 1042 3670 nulio
1069 3617 1340 3701 lepegssellarminus
1361 3621 1500 3691 disputat,
1520 3636 1571 3674 suo
1591 3620 1660 3687 1888,
1678 3619 1807 3672 nimirum
1824 3618 1853 3672 in
1868 3623 1990 3672 tractatu

295 3703 454 3760 Christiano
474 3706 582 3758 homini
596 3723 665 3774 opus
682 3713 733 3771 est,
753 3722 814 3757 eom
828 3721 882 3772 per
899 3705 982 3765 iidem
1001 3703 1073 3756 iiber
1092 3705 1128 3755 sit
1140 3706 1142 3759 1
1154 3708 1190 3762 do
1202 3706 1408 3777 justificatione,
1427 3713 1492 3760 sunt
1509 3706 1641 3775 exposita
1669 3704 1855 3760 Vehementer
1865 3702 1917 3758 hoe
1928 3703 1989 3757 1888

294 3792 326 3847 ob
355 3792 434 3847 omni
461 3791 529 3858 iepe.
565 3790 635 3844 Item
665 3792 694 3843 in
727 3808 835 3858 orpora.
863 3791 941 3859 epist.
973 3790 1014 3842 ad
1045 3768 1988 3865 08111Β81181111111888188118118111818111,888111881118181

295 3877 407 3934 Summo
431 3895 482 3931 ors
504 3886 529 3931 et
555 3879 699 3946 supientia
720 3877 885 3931 Christiano
905 3884 944 3929 est
961 3875 1070 3928 nescire
1090 3870 1314 3950 le-iseripserat:
1339 3878 1408 3932 Cum
1434 3880 1593 3947 illaqueant
1616 3887 1642 3932 te
1670 3879 1842 3946 arpnmcntis
1861 3893 1893 3929 en
1913 3875 1989 3930 Seri·

293 3981 366 4034 pem,
394 3965 528 4032 ipnorore
555 3980 643 4032 opera
671 3971 697 4016 ct
721 3971 807 4016 totam
828 3964 972 4031 justitiam
997 3963 1127 4017 octioom.
1149 3968 1244 4033 piaris
1272 3983 1328 4034 pro
1357 3966 1523 4030 defensione
1545 3966 1678 4018 bonorum
1704 3979 1820 4034 operum
1847 3962 1989 4029 decoratis,

294 4052 329 4106 Et
355 4053 455 4114 infra:
483 4050 533 4103 Aa
559 4067 659 4103 novum
684 4051 821 4102 bominem
839 4049 912 4102 nihil
926 4050 1049 4117 pertinet
1067 4048 1126 4116 ien,·
1152 4051 1318 4120 riorpiicitcr
1335 4053 1562 4119 respondendum
1581 4058 1637 4103 est:
1661 4049 1829 4103 tiemonem
1849 4055 1890 4100 est
1909 4044 1989 4099 Chri·

292 4139 388 4208 quibas
412 4136 520 4191 similia
544 4136 616 4188 alibi
629 4136 739 4206 passim
757 4137 865 4188 doceat.
901 4133 1125 4203 Respondemus:
1153 4146 1219 4205 stus,
1241 4138 1302 4190 illic
1319 4137 1458 4190 uobiscum
1472 4136 1639 4210 Scriptores
1659 4136 1816 4189 testimonia
1828 4151 1886 4202 pro
1899 4133 1989 4201 operi·

291 4223 412 4296 loquitur
430 4221 570 4276 Lutbcrus
595 4237 651 4274 uon
678 4221 713 4275 de
740 4221 797 4274 vita
824 4220 940 4274 hominis
967 4220 1125 4283 Christiani,
1153 4224 1210 4278 1188,
1254 4222 1382 4276 Christus
1412 4231 1505 4275 antem
1524 4223 1654 4276 dominus
1674 4221 1842 4290 Scripturas
1861 4228 1886 4273 et
1907 4221 1988 4272 bono-

292 4311 337 4366 sed
362 4309 398 4365 de
417 4309 479 4379 ipso
495 4314 559 4361 actu
573 4305 782 4376 justificationis
800 4313 876 4361 recte
896 4306 1007 4372 statuit,
1031 4307 1126 4360 remis·
1151 4326 1214 4359 rum
1251 4325 1366 4377 operum
1394 4313 1446 4361 818.
1500 4308 1628 4376 Eprcpia
1657 4324 1722 4360 vero
1752 4306 1857 4359 solutio
1888 4303 1989 4375 (inquit

291 4395 393 4450 sionem
413 4400 599 4465 peecatorum,
615 4393 754 4462 justitiam
773 4397 802 4446 81
820 4391 937 4446 salutem
952 4391 1124 4461 apprehendi
1151 4393 1355 4465 Bellarminns),
1386 4395 1519 4463 qnoniam
1547 4392 1674 4448 Christus
1701 4400 1727 4445 et
1754 4392 1906 4460 Scriptura
1931 4392 1988 4444 sint

290 4483 346 4536 sols
374 4479 432 4534 lide
456 4479 485 4532 in
509 4477 664 4545 Christum,
687 4477 915 4547 justificationem
940 4493 995 4530 non
1013 4494 1074 4531 esse
1091 4494 1124 4532 ex
1151 4482 1297 4533 contraria
1326 4488 1351 4533 et
1378 4498 1434 4534 1188
1456 4480 1552 4548 potius
1578 4478 1706 4532 Christus
1728 4494 1783 4548 per
1808 4477 1987 4545 Scriptorum

289 4566 350 4641 lege
368 4574 397 4622 et
414 4563 552 4636 operibus,
572 4564 622 4618 sed
643 4581 676 4618 ex
694 4564 839 4636 evangelio
858 4561 969 4632 attide,
988 4563 1123 4618 hactenus
1151 4583 1201 4618 ros
1227 4566 1399 4633 alloquatur.
1443 4563 1481 4619 Et
1508 4564 1593 4635 paulo
1619 4569 1698 4634 post:
1740 4564 1883 4617 Nimirum
1911 4563 1988 4616 iliud

289 4654 373 4726 igitur
396 4659 424 4707 et
448 4650 501 4705 hoe
525 4656 652 4720 respectu
676 4650 753 4704 nulla
775 4651 850 4721 lege,
875 4651 951 4704 nullo
973 4651 1122 4718 811818118-
1150 4651 1747 4720 811888188181118118188,8118188818
1764 4650 1986 4717 oonsotumpro

289 4740 353 4794 mini
376 4734 534 4795 Christiano
561 4753 630 4806 opus
659 4744 712 4804 est,
743 4737 792 4791 sed
814 4736 928 4805 justitia
947 4734 1048 4790 Christi
1073 4752 1123 4806 per
1150 4739 1277 4791 omnibus
1295 4736 1425 4805 patribus
1445 4744 1471 4789 et
1490 4736 1631 4802 8811811118,
1655 4737 1710 4788 sed
1726 4735 1810 4788 etiam
1825 4752 1882 4803 pro
1900 4732 1986 4786 omni·

287 4823 369 4881 tidem
397 4823 450 4894 ipsi
476 4822 613 4892 imputata
638 4821 740 4875 liberet
763 4837 826 4875 cum
845 4821 881 4875 ab
899 4822 1075 4877 accusatione
1095 4806 1200 4917 811188
1225 4823 1330 4876 ds'oiois
1350 4822 1606 4876 1888118881.
1647 4817 1857 4891 Respondemus
1884 4824 1986 4885 autem,

289 4911 464 4967 damnatione
496 4908 579 4980 legis,
608 4924 664 4961 non
691 4916 785 4961 tamen
813 4908 849 4961 ab
880 4907 1038 4961 obedientia
1066 4907 1304 4978 legitLutherum
1327 4909 1363 4962 de
1384 4913 1448 4962 actu
1469 4904 1676 4977 justificationis
1699 4913 1726 4961 81
1750 4907 1785 4961 de
1802 4922 1905 4975 angore
1922 4921 1985 4959 eon·

287 4997 461 5068 praestanda.
499 4994 527 5050 Si
549 4994 585 5048 sd
605 4992 809 5048 renovationem
828 4978 1281 5081 1888181188(1181818818111188
1302 4994 1372 5062 legis
1394 4994 1476 5047 minis
1496 4992 1609 5047 territae
1629 4993 1709 5046 eoin
1728 4993 1902 5061 locongere,
1932 4995 2034 5061 quon
2049 4997 2093 5045 111.

287 5083 349 5156 quis
366 5080 516 5137 extendere
534 5079 609 5145 uelit,
630 5095 692 5132 eum
711 5077 929 5146 reduplicatione
950 5084 978 5131 et
997 5078 1263 5157 118818811888111
1288 5079 1414 5134 doctrina
1440 5078 1509 5149 legis
1538 5082 1567 5131 et
1584 5093 1699 5147 opernm
1716 5076 1827 5132 omnino
1847 5093 1879 5130 eu
1899 5076 1986 5131 oeulis

286 5168 440 5238 composito
459 5173 541 5221 erunt
565 5155 735 5235 accipienda.
777 5162 889 5216 Homini
910 5161 1067 5217 Christiano
1094 5166 1315 5220 et'removenda
1341 5171 1370 5219 81
1399 5166 1473 5219 solus
1500 5162 1626 5218 Christus
1653 5181 1715 5218 cum
1744 5178 1794 5215 suo
1821 5161 1919 5216 merito
1944 5180 1986 5217 ra·

285 5260 398 5321 renato,
426 5260 563 5324 quatenns
590 5250 761 5305 Christianus
781 5255 809 5303 et
829 5254 941 5302 renatus
961 5256 1016 5315 est,
1044 5194 1308 5320 nullaispiciendns
1330 5257 1381 5305 etc.

284 5339 346 5411 lege
365 5356 449 5409 opus,
473 5345 590 5409 urgento
611 5336 716 5389 scilieet
734 5343 763 5389 et
781 5340 912 5404 cogente,
939 5335 1005 5405 qnia
1025 5320 1136 5403 sponte¹
1186 5343 1242 5392 118.
1279 5336 1346 5406 Cap,
1374 5341 1414 5391 16.
1443 5341 1560 5389 conatur
1577 5333 1760 5390 Bellarminus
1788 5333 1984 5402 demonstrare,
1997 5333 2111 5384 eston.-

283 5425 352 5483 iaeit
372 5425 446 5479 bona
464 5439 563 5493 opera,
582 5421 691 5476 interim
709 5428 814 5499 tamen,
833 5420 898 5490 quia
918 5437 973 5474 non
991 5426 1065 5475 totns
1080 5380 1247 5491 reifslsam
1277 5438 1335 5476 esse
1359 5421 1475 5476 Lntheri
1503 5422 1730 5492 propositionem,
1759 5418 1834 5489 quod
1856 5435 1912 5487 per
1936 5420 1983 5471 ha·
1996 5386 2113 5485 iiiiii}

284 5519 418 5580 novatus,
444 5510 494 5566 sed
517 5509 570 5564 sub
595 5509 684 5563 carnis
713 5513 851 5563 vetustate
874 5525 907 5562 er
933 5515 1012 5577 parte
1030 5507 1276 5589 adhuctptismum
1311 5509 1464 5562 liberentur
1497 5510 1621 5561 homines
1653 5507 1688 5558 ab
1717 5505 1887 5572 oblipotioae
1914 5505 1984 5573 lepis
1996 5489 2092 5581 iffi,

283 5599 467 5661 constitutus,
487 5596 548 5651 idco
566 5596 636 5667 legis
656 5593 811 5665 praeceptis
831 5599 860 5649 81
877 5593 958 5646 minis
976 5611 1041 5649 8818
1061 5596 1121 5665 ejus
1149 5595 1361 5649 ecclesiastieae.
1396 5594 1619 5665 Respondemus:
1639 5590 1790 5661 repetimus
1807 5588 2105 5691 811(ἓὴειιιιιί-ξῧῐηῑέἱω

283 5683 446 5741 refractario
464 5682 614 5737 coiis-conda
632 5693 660 5737 81
672 5680 790 5752 Spiritus
805 5679 920 5750 imperio
936 5679 1121 5751 subjuganda.
1132 5674 1135 5721 1
1147 5681 1190 5734 818
1209 5696 1304 5734 verum
1323 5678 1408 5751 hujus
1427 5678 1622 5750 propositionis
1641 5693 1759 5731 sensum.
1796 5676 1915 5745 Quando
1933 5692 1984 5748 per
1998 5695 2090 5735 1181181
2194 5725 2199 5746 ,

281 5770 383 5843 Pergit
407 5768 608 5840 Bellarmiuns,
639 5767 804 5824 sententiam
830 5765 940 5823 concilii
968 5782 1025 5821 non
1050 5783 1119 5836 esse,
1132 5726 1135 5817 i
1149 5766 1316 5838 baptismum
1342 5783 1360 5821 a
1382 5765 1444 5822 Deo
1471 5766 1500 5820 1,,
1527 5764 1596 5820 ffljo,
1623 5764 1684 5834 eju,
1710 5761 1835 5834 adoptati
1852 5768 1880 5818 ο,
1894 5761 1924 5818 5„
1941 5761 1982 5819 f„
1996 5746 2101 5788 somna
