<?xml version="1.0" encoding="UTF-8"?>
<!DOCTYPE html PUBLIC "-//W3C//DTD XHTML 1.0 Transitional//EN"
    "http://www.w3.org/TR/xhtml1/DTD/xhtml1-transitional.dtd">
<html xmlns="http://www.w3.org/1999/xhtml" xml:lang="en" lang="en">
 <head>
  <title>
</title>
<meta http-equiv="Content-Type" content="text/html;charset=utf-8" />
  <meta name='ocr-system' content='tesseract 3.04.00' />
  <meta name='ocr-capabilities' content='ocr_page ocr_carea ocr_par ocr_line ocrx_word'/>
</head>
<body>
  <div class='ocr_page' id='page_1' title='image "./locitheologicit02gerhgoog/locitheologicit02gerhgoog_0184.png"; bbox 0 0 4800 6659; ppageno 0'>
   <div class='ocr_carea' id='block_1_1' title="bbox 909 442 1982 569">
    <p class='ocr_par' dir='ltr' id='par_1_1' title="bbox 909 442 1982 569">
     <span class='ocr_line' id='line_1_1' title="bbox 909 442 1982 569; baseline 0.002 -19"><span class='ocrx_word' id='word_1_1' title='bbox 909 465 919 518; x_wconf 51' lang='grc' dir='ltr'>Ῐ</span> <span class='ocrx_word' id='word_1_2' title='bbox 959 442 1308 552; x_wconf 62' lang='lat' dir='ltr'><em>assummum</em></span> <span class='ocrx_word' id='word_1_3' title='bbox 1369 544 1373 551; x_wconf 94' lang='lat'><em>.</em></span> <span class='ocrx_word' id='word_1_4' title='bbox 1919 510 1982 569; x_wconf 66' lang='grc' dir='ltr'><em>,ιη</em></span> 
     </span>
    </p>
   </div>
   <div class='ocr_carea' id='block_1_2' title="bbox 283 647 1986 896">
    <p class='ocr_par' dir='ltr' id='par_1_2' title="bbox 283 613 1986 896">
     <span class='ocr_line' id='line_1_2' title="bbox 283 647 1985 724; baseline 0.005 -21"><span class='ocrx_word' id='word_1_5' title='bbox 283 647 407 704; x_wconf 68' lang='grc' dir='ltr'><em>ᾱίειιὶἱιο</em></span> <span class='ocrx_word' id='word_1_6' title='bbox 429 665 480 722; x_wconf 90' lang='lat' dir='ltr'><em>per</em></span> <span class='ocrx_word' id='word_1_7' title='bbox 502 648 615 705; x_wconf 89' lang='lat' dir='ltr'><em>modum</em></span> <span class='ocrx_word' id='word_1_8' title='bbox 641 647 731 704; x_wconf 86' lang='lat' dir='ltr'><em>meriti</em></span> <span class='ocrx_word' id='word_1_9' title='bbox 752 647 850 705; x_wconf 83' lang='lat' dir='ltr'><em>fideles</em></span> <span class='ocrx_word' id='word_1_10' title='bbox 868 653 935 704; x_wconf 88' lang='lat' dir='ltr'><em>tune</em></span> <span class='ocrx_word' id='word_1_11' title='bbox 958 647 986 702; x_wconf 91' lang='lat' dir='ltr'><em>in</em></span> <span class='ocrx_word' id='word_1_12' title='bbox 1009 663 1061 702; x_wconf 87' lang='lat' dir='ltr'><em>usu</em></span> <span class='ocrx_word' id='word_1_13' title='bbox 1078 661 1122 703; x_wconf 79' lang='lat' dir='ltr'><em>ss·</em></span> <span class='ocrx_word' id='word_1_14' title='bbox 1142 647 1220 716; x_wconf 95' lang='grc' dir='ltr'><em>Μ</em></span> <span class='ocrx_word' id='word_1_15' title='bbox 1236 657 1359 719; x_wconf 84' lang='lat' dir='ltr'><em>tempore</em></span> <span class='ocrx_word' id='word_1_16' title='bbox 1379 653 1411 710; x_wconf 87' lang='lat' dir='ltr'><em>V.</em></span> <span class='ocrx_word' id='word_1_17' title='bbox 1433 653 1465 710; x_wconf 82' lang='grc' dir='ltr'><em>Τ.</em></span> <span class='ocrx_word' id='word_1_18' title='bbox 1482 671 1567 723; x_wconf 78' lang='lat' dir='ltr'><em>qaam</em></span> <span class='ocrx_word' id='word_1_19' title='bbox 1583 672 1658 709; x_wconf 84' lang='lat' dir='ltr'><em>nnnc</em></span> <span class='ocrx_word' id='word_1_20' title='bbox 1674 662 1799 724; x_wconf 83' lang='lat' dir='ltr'><em>tempore</em></span> <span class='ocrx_word' id='word_1_21' title='bbox 1811 655 1848 709; x_wconf 88' lang='lat' dir='ltr'><em>N.</em></span> <span class='ocrx_word' id='word_1_22' title='bbox 1868 656 1900 711; x_wconf 79' lang='lat' dir='ltr'><em>T.</em></span> <span class='ocrx_word' id='word_1_23' title='bbox 1928 658 1985 712; x_wconf 83' lang='lat' dir='ltr'><em>Rs-</em></span> 
     </span>
     <span class='ocr_line' id='line_1_3' title="bbox 283 732 1986 813; baseline 0.005 -23"><span class='ocrx_word' id='word_1_24' title='bbox 283 743 488 791; x_wconf 76' lang='lat' dir='ltr'><em>crementorum</em></span> <span class='ocrx_word' id='word_1_25' title='bbox 514 734 654 806; x_wconf 80' lang='lat' dir='ltr'><em>accepisse</em></span> <span class='ocrx_word' id='word_1_26' title='bbox 673 735 806 806; x_wconf 70' lang='lat' dir='ltr'><em>gretiam,</em></span> <span class='ocrx_word' id='word_1_27' title='bbox 833 734 862 789; x_wconf 92' lang='lat' dir='ltr'><em>id</em></span> <span class='ocrx_word' id='word_1_28' title='bbox 880 734 1000 790; x_wconf 78' lang='lat' dir='ltr'><strong>intendit</strong></span> <span class='ocrx_word' id='word_1_29' title='bbox 1017 732 1120 788; x_wconf 78' lang='lat' dir='ltr'><em>Beller-</em></span> <span class='ocrx_word' id='word_1_30' title='bbox 1147 734 1232 788; x_wconf 71' lang='lat' dir='ltr'><em>nabit</em></span> <span class='ocrx_word' id='word_1_31' title='bbox 1257 736 1344 803; x_wconf 75' lang='lat' dir='ltr'><em>ipitar</em></span> <span class='ocrx_word' id='word_1_32' title='bbox 1364 739 1510 807; x_wconf 65' lang='lat' dir='ltr'><em>moestia:</em></span> <span class='ocrx_word' id='word_1_33' title='bbox 1532 743 1671 810; x_wconf 83' lang='lat' dir='ltr'><em>quomado</em></span> <span class='ocrx_word' id='word_1_34' title='bbox 1687 741 1740 795; x_wconf 83' lang='lat' dir='ltr'><em>hcc</em></span> <span class='ocrx_word' id='word_1_35' title='bbox 1760 748 1814 805; x_wconf 89' lang='lat' dir='ltr'><em>est,</em></span> <span class='ocrx_word' id='word_1_36' title='bbox 1836 759 1891 811; x_wconf 85' lang='lat' dir='ltr'><em>per</em></span> <span class='ocrx_word' id='word_1_37' title='bbox 1908 746 1986 813; x_wconf 80' lang='lat' dir='ltr'><em>quod</em></span> 
     </span>
     <span class='ocr_line' id='line_1_4' title="bbox 284 819 1984 896; baseline 0.005 -20"><span class='ocrx_word' id='word_1_38' title='bbox 284 821 383 890; x_wconf 90' lang='lat' dir='ltr'><em>minus,</em></span> <span class='ocrx_word' id='word_1_39' title='bbox 403 822 516 892; x_wconf 87' lang='lat' dir='ltr'><em>quenda</em></span> <span class='ocrx_word' id='word_1_40' title='bbox 534 822 607 876; x_wconf 88' lang='lat' dir='ltr'><em>mele</em></span> <span class='ocrx_word' id='word_1_41' title='bbox 623 819 678 875; x_wconf 87' lang='lat' dir='ltr'><em>hue</em></span> <span class='ocrx_word' id='word_1_42' title='bbox 695 821 1119 890; x_wconf 79' lang='lat' dir='ltr'><em>accommodetdietnmsposto·</em></span> <span class='ocrx_word' id='word_1_43' title='bbox 1147 821 1282 890; x_wconf 80' lang='lat' dir='ltr'><em>medium,</em></span> <span class='ocrx_word' id='word_1_44' title='bbox 1307 823 1517 879; x_wconf 85' lang='lat' dir='ltr'><em>instrumentum</em></span> <span class='ocrx_word' id='word_1_45' title='bbox 1540 844 1589 880; x_wconf 87' lang='lat' dir='ltr'><em>seu</em></span> <span class='ocrx_word' id='word_1_46' title='bbox 1615 845 1741 896; x_wconf 64' lang='lat' dir='ltr'><em>organon</em></span> <span class='ocrx_word' id='word_1_47' title='bbox 1764 828 1844 881; x_wconf 87' lang='lat' dir='ltr'><em>Deus</em></span> <span class='ocrx_word' id='word_1_48' title='bbox 1862 836 1984 896; x_wconf 86' lang='lat' dir='ltr'><em>tempore</em></span> 
     </span>
    </p>
   </div>
   <div class='ocr_carea' id='block_1_3' title="bbox 269 907 2112 5821">
    <p class='ocr_par' dir='ltr' id='par_1_3' title="bbox 285 907 1982 1240">
     <span class='ocr_line' id='line_1_5' title="bbox 286 907 1982 980; baseline 0.005 -19"><span class='ocrx_word' id='word_1_49' title='bbox 286 908 369 962; x_wconf 86' lang='lat' dir='ltr'><em>licum</em></span> <span class='ocrx_word' id='word_1_50' title='bbox 388 907 467 964; x_wconf 83' lang='lat' dir='ltr'><em>Rom.</em></span> <span class='ocrx_word' id='word_1_51' title='bbox 490 914 513 963; x_wconf 79' lang='lat'><em>2.</em></span> <span class='ocrx_word' id='word_1_52' title='bbox 531 911 658 971; x_wconf 82' lang='lat' dir='ltr'><em>factores</em></span> <span class='ocrx_word' id='word_1_53' title='bbox 677 908 748 976; x_wconf 68' lang='lat' dir='ltr'><em>lepis</em></span> <span class='ocrx_word' id='word_1_54' title='bbox 760 908 1014 977; x_wconf 76' lang='lat' dir='ltr'><em>justificabuntur,</em></span> <span class='ocrx_word' id='word_1_55' title='bbox 1039 907 1120 976; x_wconf 87' lang='lat' dir='ltr'><em>enjus</em></span> <span class='ocrx_word' id='word_1_56' title='bbox 1151 907 1181 959; x_wconf 90' lang='lat' dir='ltr'><em>V.</em></span> <span class='ocrx_word' id='word_1_57' title='bbox 1203 908 1235 960; x_wconf 84' lang='grc' dir='ltr'><em>Τ.</em></span> <span class='ocrx_word' id='word_1_58' title='bbox 1254 910 1452 978; x_wconf 80' lang='lat' dir='ltr'><em>preposuerit,</em></span> <span class='ocrx_word' id='word_1_59' title='bbox 1470 912 1636 980; x_wconf 69' lang='lat' dir='ltr'><em>exhibuerit,</em></span> <span class='ocrx_word' id='word_1_60' title='bbox 1655 911 1766 966; x_wconf 80' lang='lat' dir='ltr'><em>‹lederit</em></span> <span class='ocrx_word' id='word_1_61' title='bbox 1786 920 1812 966; x_wconf 89' lang='lat' dir='ltr'><em>et</em></span> <span class='ocrx_word' id='word_1_62' title='bbox 1832 915 1982 968; x_wconf 75' lang='lat' dir='ltr'><em>ecmukrit</em></span> 
     </span>
     <span class='ocr_line' id='line_1_6' title="bbox 285 992 1981 1066; baseline 0.003 -17"><span class='ocrx_word' id='word_1_63' title='bbox 285 994 435 1066; x_wconf 75' lang='lat' dir='ltr'><strong>genuinam</strong></span> <span class='ocrx_word' id='word_1_64' title='bbox 460 996 625 1051; x_wconf 83' lang='lat' dir='ltr'><em>sententium</em></span> <span class='ocrx_word' id='word_1_65' title='bbox 651 994 843 1065; x_wconf 77' lang='lat' dir='ltr'>proposuimus</span> <span class='ocrx_word' id='word_1_66' title='bbox 861 995 888 1048; x_wconf 92' lang='lat' dir='ltr'><em>in</em></span> <span class='ocrx_word' id='word_1_67' title='bbox 911 994 970 1048; x_wconf 87' lang='lat' dir='ltr'><em>leco</em></span> <span class='ocrx_word' id='word_1_68' title='bbox 988 994 1023 1048; x_wconf 92' lang='lat' dir='ltr'><em>de</em></span> <span class='ocrx_word' id='word_1_69' title='bbox 1041 992 1120 1048; x_wconf 89' lang='lat' dir='ltr'><em>honis</em></span> <span class='ocrx_word' id='word_1_70' title='bbox 1146 994 1321 1049; x_wconf 81' lang='lat' dir='ltr'><em>credemibus</em></span> <span class='ocrx_word' id='word_1_71' title='bbox 1352 997 1474 1064; x_wconf 74' lang='lat' dir='ltr'><em>aratiam</em></span> <span class='ocrx_word' id='word_1_72' title='bbox 1505 1000 1546 1052; x_wconf 82' lang='lat' dir='ltr'><em>ad</em></span> <span class='ocrx_word' id='word_1_73' title='bbox 1575 999 1703 1052; x_wconf 88' lang='lat' dir='ltr'><em>salutem.</em></span> <span class='ocrx_word' id='word_1_74' title='bbox 1752 1000 1863 1053; x_wconf 80' lang='lat' dir='ltr'><strong><em>Certum</em></strong></span> <span class='ocrx_word' id='word_1_75' title='bbox 1888 1009 1981 1054; x_wconf 85' lang='lat' dir='ltr'><em>autem</em></span> 
     </span>
     <span class='ocr_line' id='line_1_7' title="bbox 286 1064 1981 1153; baseline 0.004 -19"><span class='ocrx_word' id='word_1_76' title='bbox 286 1080 425 1151; x_wconf 85' lang='lat' dir='ltr'><em>operibus.</em></span> <span class='ocrx_word' id='word_1_77' title='bbox 456 1082 544 1136; x_wconf 84' lang='lat' dir='ltr'><em>Recte</em></span> <span class='ocrx_word' id='word_1_78' title='bbox 563 1088 655 1137; x_wconf 85' lang='lat' dir='ltr'><em>eutem</em></span> <span class='ocrx_word' id='word_1_79' title='bbox 675 1086 769 1135; x_wconf 90' lang='lat' dir='ltr'><em>monet</em></span> <span class='ocrx_word' id='word_1_80' title='bbox 780 1079 815 1136; x_wconf 91' lang='lat' dir='ltr'><em>D.</em></span> <span class='ocrx_word' id='word_1_81' title='bbox 828 1079 1016 1134; x_wconf 88' lang='lat' dir='ltr'><em>Chemnicius:</em></span> <span class='ocrx_word' id='word_1_82' title='bbox 1036 1064 1201 1149; x_wconf 73' lang='lat' dir='ltr'><em>Hanclest,</em></span> <span class='ocrx_word' id='word_1_83' title='bbox 1224 1088 1324 1149; x_wconf 83' lang='lat' dir='ltr'><em>patres</em></span> <span class='ocrx_word' id='word_1_84' title='bbox 1348 1082 1416 1136; x_wconf 86' lang='lat' dir='ltr'><em>illos</em></span> <span class='ocrx_word' id='word_1_85' title='bbox 1442 1083 1571 1139; x_wconf 66' lang='lat' dir='ltr'><em>habenae</em></span> <span class='ocrx_word' id='word_1_86' title='bbox 1599 1085 1712 1139; x_wconf 74' lang='lat' dir='ltr'><em>verbnm</em></span> <span class='ocrx_word' id='word_1_87' title='bbox 1730 1086 1928 1153; x_wconf 66' lang='lat' dir='ltr'><em>momuuonis</em></span> <span class='ocrx_word' id='word_1_88' title='bbox 1946 1091 1981 1140; x_wconf 85' lang='lat' dir='ltr'><em>de</em></span> 
     </span>
     <span class='ocr_line' id='line_1_8' title="bbox 286 1167 1981 1240; baseline 0.004 -20"><span class='ocrx_word' id='word_1_89' title='bbox 286 1170 451 1221; x_wconf 88' lang='lat' dir='ltr'><em>sententiam</em></span> <span class='ocrx_word' id='word_1_90' title='bbox 470 1168 576 1221; x_wconf 83' lang='lat' dir='ltr'><em>directe</em></span> <span class='ocrx_word' id='word_1_91' title='bbox 600 1177 625 1221; x_wconf 89' lang='lat' dir='ltr'><em>et</em></span> <span class='ocrx_word' id='word_1_92' title='bbox 643 1167 728 1236; x_wconf 79' lang='lat' dir='ltr'><em>pansi</em></span> <span class='ocrx_word' id='word_1_93' title='bbox 742 1169 861 1222; x_wconf 78' lang='lat' dir='ltr'><em>adama</em></span> <span class='ocrx_word' id='word_1_94' title='bbox 878 1169 975 1231; x_wconf 81' lang='lat' dir='ltr'><em>fronte</em></span> <span class='ocrx_word' id='word_1_95' title='bbox 991 1182 1122 1236; x_wconf 69' lang='lat' dir='ltr'><em>pugnare</em></span> <span class='ocrx_word' id='word_1_96' title='bbox 1148 1167 1338 1221; x_wconf 78' lang='lat' dir='ltr'><em>benedictione</em></span> <span class='ocrx_word' id='word_1_97' title='bbox 1369 1176 1489 1237; x_wconf 84' lang='lat' dir='ltr'><em>propter</em></span> <span class='ocrx_word' id='word_1_98' title='bbox 1518 1172 1653 1237; x_wconf 83' lang='lat' dir='ltr'><em>suturam</em></span> <span class='ocrx_word' id='word_1_99' title='bbox 1684 1187 1791 1240; x_wconf 69' lang='lat' dir='ltr'><em>semem·</em></span> <span class='ocrx_word' id='word_1_100' title='bbox 1826 1173 1981 1227; x_wconf 81' lang='lat' dir='ltr'><em>babuerunt</em></span> 
     </span>
    </p>

    <p class='ocr_par' dir='ltr' id='par_1_4' title="bbox 286 1251 2112 1409">
     <span class='ocr_line' id='line_1_9' title="bbox 287 1251 2112 1323; baseline 0.003 -16"><span class='ocrx_word' id='word_1_101' title='bbox 287 1272 345 1307; x_wconf 85' lang='lat' dir='ltr'><em>curn</em></span> <span class='ocrx_word' id='word_1_102' title='bbox 365 1256 468 1320; x_wconf 86' lang='lat' dir='ltr'><em>Paulo,</em></span> <span class='ocrx_word' id='word_1_103' title='bbox 487 1255 628 1323; x_wconf 76' lang='lat' dir='ltr'><em>quitiam.</em></span> <span class='ocrx_word' id='word_1_104' title='bbox 646 1259 669 1307; x_wconf 83' lang='lat' dir='ltr'><em>t.</em></span> <span class='ocrx_word' id='word_1_105' title='bbox 685 1271 719 1307; x_wconf 84' lang='lat' dir='ltr'><em>ec</em></span> <span class='ocrx_word' id='word_1_106' title='bbox 733 1256 866 1323; x_wconf 86' lang='lat' dir='ltr'><em>professo</em></span> <span class='ocrx_word' id='word_1_107' title='bbox 884 1255 964 1307; x_wconf 85' lang='lat' dir='ltr'><em>docet</em></span> <span class='ocrx_word' id='word_1_108' title='bbox 979 1251 1122 1320; x_wconf 69' lang='lat' dir='ltr'><em>aconfir·</em></span> <span class='ocrx_word' id='word_1_109' title='bbox 1146 1253 1232 1306; x_wconf 85' lang='lat' dir='ltr'><em>etiam</em></span> <span class='ocrx_word' id='word_1_110' title='bbox 1258 1262 1384 1307; x_wconf 78' lang='lat' dir='ltr'><em>ecternm</em></span> <span class='ocrx_word' id='word_1_111' title='bbox 1413 1258 1550 1323; x_wconf 81' lang='lat' dir='ltr'><em>qsscsclmn</em></span> <span class='ocrx_word' id='word_1_112' title='bbox 1578 1259 1650 1310; x_wconf 81' lang='lat' dir='ltr'><em>situs</em></span> <span class='ocrx_word' id='word_1_113' title='bbox 1679 1258 1776 1311; x_wconf 84' lang='lat' dir='ltr'><em>diuina</em></span> <span class='ocrx_word' id='word_1_114' title='bbox 1802 1259 2112 1313; x_wconf 68' lang='lat' dir='ltr'><em>udtmrmchss1·m</em></span> 
     </span>
     <span class='ocr_line' id='line_1_10' title="bbox 286 1340 1981 1409; baseline 0.006 -17"><span class='ocrx_word' id='word_1_115' title='bbox 286 1349 358 1409; x_wconf 89' lang='lat' dir='ltr'><em>mat,</em></span> <span class='ocrx_word' id='word_1_116' title='bbox 386 1341 623 1394; x_wconf 84' lang='lat' dir='ltr'><em>circumcisionem</em></span> <span class='ocrx_word' id='word_1_117' title='bbox 651 1359 706 1393; x_wconf 89' lang='lat' dir='ltr'><em>non</em></span> <span class='ocrx_word' id='word_1_118' title='bbox 728 1340 908 1408; x_wconf 73' lang='lat' dir='ltr'><em>justificasse</em></span> <span class='ocrx_word' id='word_1_119' title='bbox 932 1340 1124 1393; x_wconf 86' lang='lat' dir='ltr'><em>Abrahamam</em></span> <span class='ocrx_word' id='word_1_120' title='bbox 1147 1340 1211 1392; x_wconf 86' lang='lat' dir='ltr'><em>huic</em></span> <span class='ocrx_word' id='word_1_121' title='bbox 1235 1341 1420 1408; x_wconf 75' lang='lat' dir='ltr'><em>promissioni</em></span> <span class='ocrx_word' id='word_1_122' title='bbox 1451 1342 1561 1408; x_wconf 69' lang='lat' dir='ltr'><em>gratiae</em></span> <span class='ocrx_word' id='word_1_123' title='bbox 1591 1343 1708 1396; x_wconf 84' lang='lat' dir='ltr'><em>additas</em></span> <span class='ocrx_word' id='word_1_124' title='bbox 1733 1351 1758 1397; x_wconf 90' lang='lat' dir='ltr'><em>et</em></span> <span class='ocrx_word' id='word_1_125' title='bbox 1781 1361 1903 1398; x_wconf 77' lang='lat' dir='ltr'><em>anacam</em></span> <span class='ocrx_word' id='word_1_126' title='bbox 1928 1352 1981 1402; x_wconf 82' lang='lat' dir='ltr'><em>ele.</em></span> 
     </span>
    </p>

    <p class='ocr_par' dir='ltr' id='par_1_5' title="bbox 286 1425 1981 1672">
     <span class='ocr_line' id='line_1_11' title="bbox 287 1425 1981 1498; baseline 0.004 -17"><span class='ocrx_word' id='word_1_127' title='bbox 287 1446 318 1481; x_wconf 81' lang='lat' dir='ltr'><em>ec</em></span> <span class='ocrx_word' id='word_1_128' title='bbox 335 1444 423 1496; x_wconf 81' lang='lat' dir='ltr'><em>opere</em></span> <span class='ocrx_word' id='word_1_129' title='bbox 434 1434 578 1496; x_wconf 81' lang='lat' dir='ltr'><em>operante,</em></span> <span class='ocrx_word' id='word_1_130' title='bbox 597 1442 646 1479; x_wconf 80' lang='lat' dir='ltr'><em>sert</em></span> <span class='ocrx_word' id='word_1_131' title='bbox 653 1442 708 1495; x_wconf 86' lang='lat' dir='ltr'><em>per</em></span> <span class='ocrx_word' id='word_1_132' title='bbox 722 1427 835 1479; x_wconf 74' lang='lat' dir='ltr'><em>modeim</em></span> <span class='ocrx_word' id='word_1_133' title='bbox 848 1426 950 1493; x_wconf 89' lang='lat' dir='ltr'><em>meriti,</em></span> <span class='ocrx_word' id='word_1_134' title='bbox 969 1427 1021 1479; x_wconf 86' lang='lat' dir='ltr'><em>sed</em></span> <span class='ocrx_word' id='word_1_135' title='bbox 1030 1425 1121 1489; x_wconf 77' lang='lat' dir='ltr'><em>fuisse</em></span> <span class='ocrx_word' id='word_1_136' title='bbox 1148 1426 1332 1498; x_wconf 71' lang='lat' dir='ltr'><strong>Nequaquam</strong></span> <span class='ocrx_word' id='word_1_137' title='bbox 1360 1426 1447 1498; x_wconf 88' lang='lat' dir='ltr'><em>igitur</em></span> <span class='ocrx_word' id='word_1_138' title='bbox 1473 1426 1650 1483; x_wconf 87' lang='lat' dir='ltr'><em>Chemnieius</em></span> <span class='ocrx_word' id='word_1_139' title='bbox 1678 1430 1731 1484; x_wconf 91' lang='lat' dir='ltr'><em>hoc</em></span> <span class='ocrx_word' id='word_1_140' title='bbox 1762 1428 1859 1485; x_wconf 84' lang='lat' dir='ltr'><em>tribuit</em></span> <span class='ocrx_word' id='word_1_141' title='bbox 1888 1430 1981 1487; x_wconf 89' lang='lat' dir='ltr'><em>Ponti·</em></span> 
     </span>
     <span class='ocr_line' id='line_1_12' title="bbox 286 1511 1980 1588; baseline 0.002 -21"><span class='ocrx_word' id='word_1_142' title='bbox 286 1514 461 1581; x_wconf 73' lang='lat' dir='ltr'><em>sianaculum</em></span> <span class='ocrx_word' id='word_1_143' title='bbox 477 1512 610 1583; x_wconf 83' lang='lat' dir='ltr'><em>justitiae</em></span> <span class='ocrx_word' id='word_1_144' title='bbox 627 1512 724 1580; x_wconf 82' lang='lat' dir='ltr'><em>fidei,</em></span> <span class='ocrx_word' id='word_1_145' title='bbox 752 1513 832 1582; x_wconf 79' lang='lat' dir='ltr'><em>majus</em></span> <span class='ocrx_word' id='word_1_146' title='bbox 847 1513 998 1582; x_wconf 83' lang='lat' dir='ltr'><em>proprium</em></span> <span class='ocrx_word' id='word_1_147' title='bbox 1017 1520 1075 1579; x_wconf 90' lang='lat' dir='ltr'><em>est,</em></span> <span class='ocrx_word' id='word_1_148' title='bbox 1092 1519 1122 1565; x_wconf 90' lang='lat' dir='ltr'><em>ut</em></span> <span class='ocrx_word' id='word_1_149' title='bbox 1149 1511 1228 1582; x_wconf 89' lang='lat' dir='ltr'><em>ficiis,</em></span> <span class='ocrx_word' id='word_1_150' title='bbox 1248 1513 1323 1583; x_wconf 92' lang='lat' dir='ltr'><em>quod</em></span> <span class='ocrx_word' id='word_1_151' title='bbox 1344 1513 1483 1584; x_wconf 79' lang='lat' dir='ltr'>denegent</span> <span class='ocrx_word' id='word_1_152' title='bbox 1498 1514 1637 1569; x_wconf 83' lang='lat' dir='ltr'><em>veteribus</em></span> <span class='ocrx_word' id='word_1_153' title='bbox 1651 1515 1777 1585; x_wconf 89' lang='lat' dir='ltr'><em>petribus</em></span> <span class='ocrx_word' id='word_1_154' title='bbox 1790 1518 1907 1588; x_wconf 86' lang='lat' dir='ltr'><em>gretiem</em></span> <span class='ocrx_word' id='word_1_155' title='bbox 1919 1518 1980 1577; x_wconf 85' lang='lat' dir='ltr'><em>Dei.</em></span> 
     </span>
     <span class='ocr_line' id='line_1_13' title="bbox 288 1597 1981 1672; baseline 0.003 -20"><span class='ocrx_word' id='word_1_156' title='bbox 288 1601 432 1654; x_wconf 72' lang='lat' dir='ltr'><em>beatitudo</em></span> <span class='ocrx_word' id='word_1_157' title='bbox 457 1599 493 1653; x_wconf 88' lang='lat' dir='ltr'><em>sit</em></span> <span class='ocrx_word' id='word_1_158' title='bbox 513 1600 575 1667; x_wconf 71' lang='lat' dir='ltr'><em>ejas</em></span> <span class='ocrx_word' id='word_1_159' title='bbox 594 1597 727 1662; x_wconf 68' lang='lat' dir='ltr'><em>mininis,</em></span> <span class='ocrx_word' id='word_1_160' title='bbox 745 1599 791 1652; x_wconf 85' lang='lat' dir='ltr'><em>cui</em></span> <span class='ocrx_word' id='word_1_161' title='bbox 809 1601 888 1652; x_wconf 85' lang='lat' dir='ltr'><em>Deus</em></span> <span class='ocrx_word' id='word_1_162' title='bbox 906 1601 1026 1669; x_wconf 81' lang='lat' dir='ltr'><em>impsstat</em></span> <span class='ocrx_word' id='word_1_163' title='bbox 1041 1598 1122 1666; x_wconf 76' lang='lat' dir='ltr'><em>iusti·</em></span> <span class='ocrx_word' id='word_1_164' title='bbox 1147 1599 1276 1654; x_wconf 89' lang='lat' dir='ltr'><em>meritum</em></span> <span class='ocrx_word' id='word_1_165' title='bbox 1295 1598 1397 1654; x_wconf 82' lang='lat' dir='ltr'><em>Christi</em></span> <span class='ocrx_word' id='word_1_166' title='bbox 1416 1606 1445 1654; x_wconf 91' lang='lat' dir='ltr'><em>et</em></span> <span class='ocrx_word' id='word_1_167' title='bbox 1460 1599 1557 1665; x_wconf 87' lang='lat' dir='ltr'><em>fidem,</em></span> <span class='ocrx_word' id='word_1_168' title='bbox 1582 1601 1632 1656; x_wconf 87' lang='lat' dir='ltr'><em>sed</em></span> <span class='ocrx_word' id='word_1_169' title='bbox 1651 1602 1724 1672; x_wconf 92' lang='lat' dir='ltr'><em>quod</em></span> <span class='ocrx_word' id='word_1_170' title='bbox 1742 1618 1877 1672; x_wconf 87' lang='lat' dir='ltr'><em>orgenum</em></span> <span class='ocrx_word' id='word_1_171' title='bbox 1894 1604 1981 1671; x_wconf 84' lang='lat' dir='ltr'><em>sppli-</em></span> 
     </span>
    </p>

    <p class='ocr_par' dir='ltr' id='par_1_6' title="bbox 287 1683 1981 1928">
     <span class='ocr_line' id='line_1_14' title="bbox 288 1683 1981 1759; baseline 0.001 -20"><span class='ocrx_word' id='word_1_172' title='bbox 288 1689 357 1740; x_wconf 87' lang='lat' dir='ltr'><em>ts&#39;am</em></span> <span class='ocrx_word' id='word_1_173' title='bbox 375 1688 437 1739; x_wconf 81' lang='lat' dir='ltr'><em>siae</em></span> <span class='ocrx_word' id='word_1_174' title='bbox 455 1684 592 1755; x_wconf 74' lang='lat' dir='ltr'><em>opertum</em></span> <span class='ocrx_word' id='word_1_175' title='bbox 629 1683 814 1740; x_wconf 90' lang='lat' dir='ltr'><em>Bellerminns</em></span> <span class='ocrx_word' id='word_1_176' title='bbox 831 1683 943 1755; x_wconf 88' lang='lat' dir='ltr'><em>regerit,</em></span> <span class='ocrx_word' id='word_1_177' title='bbox 963 1684 1122 1753; x_wconf 84' lang='lat' dir='ltr'><em>apostolum</em></span> <span class='ocrx_word' id='word_1_178' title='bbox 1147 1684 1274 1748; x_wconf 74' lang='lat' dir='ltr'><em>redonis,</em></span> <span class='ocrx_word' id='word_1_179' title='bbox 1294 1703 1344 1755; x_wconf 86' lang='lat' dir='ltr'><em>per</em></span> <span class='ocrx_word' id='word_1_180' title='bbox 1363 1686 1438 1756; x_wconf 91' lang='lat' dir='ltr'><em>quod</em></span> <span class='ocrx_word' id='word_1_181' title='bbox 1458 1685 1580 1753; x_wconf 82' lang='lat' dir='ltr'><em>offertur,</em></span> <span class='ocrx_word' id='word_1_182' title='bbox 1600 1685 1747 1741; x_wconf 85' lang='lat' dir='ltr'><em>exhibetur</em></span> <span class='ocrx_word' id='word_1_183' title='bbox 1764 1692 1793 1741; x_wconf 89' lang='lat' dir='ltr'><em>et</em></span> <span class='ocrx_word' id='word_1_184' title='bbox 1810 1689 1981 1759; x_wconf 78' lang='lat' dir='ltr'><em>obsignatur,</em></span> 
     </span>
     <span class='ocr_line' id='line_1_15' title="bbox 287 1765 1981 1845; baseline 0.002 -20"><span class='ocrx_word' id='word_1_185' title='bbox 287 1774 366 1841; x_wconf 78' lang='lat' dir='ltr'><em>loqui</em></span> <span class='ocrx_word' id='word_1_186' title='bbox 385 1765 426 1824; x_wconf 53' lang='lat' dir='ltr'><em>&#39;de</em></span> <span class='ocrx_word' id='word_1_187' title='bbox 454 1770 513 1824; x_wconf 89' lang='lat' dir='ltr'><em>illis</em></span> <span class='ocrx_word' id='word_1_188' title='bbox 537 1771 682 1840; x_wconf 70' lang='lat' dir='ltr'><em>operibns,</em></span> <span class='ocrx_word' id='word_1_189' title='bbox 705 1787 776 1838; x_wconf 79' lang='lat' dir='ltr'><em>quae</em></span> <span class='ocrx_word' id='word_1_190' title='bbox 794 1771 879 1838; x_wconf 76' lang='lat' dir='ltr'><em>fimet</em></span> <span class='ocrx_word' id='word_1_191' title='bbox 902 1787 935 1823; x_wconf 82' lang='lat' dir='ltr'><em>ee</em></span> <span class='ocrx_word' id='word_1_192' title='bbox 952 1771 1023 1824; x_wconf 89' lang='lat' dir='ltr'><em>solis</em></span> <span class='ocrx_word' id='word_1_193' title='bbox 1041 1771 1124 1825; x_wconf 88' lang='lat' dir='ltr'><em>liberi</em></span> <span class='ocrx_word' id='word_1_194' title='bbox 1147 1771 1240 1843; x_wconf 88' lang='lat' dir='ltr'><em>gretie</em></span> <span class='ocrx_word' id='word_1_195' title='bbox 1250 1770 1304 1827; x_wconf 88' lang='lat' dir='ltr'><em>Dei</em></span> <span class='ocrx_word' id='word_1_196' title='bbox 1323 1777 1352 1826; x_wconf 91' lang='lat' dir='ltr'><em>et</em></span> <span class='ocrx_word' id='word_1_197' title='bbox 1362 1771 1463 1827; x_wconf 89' lang='lat' dir='ltr'><em>Christi</em></span> <span class='ocrx_word' id='word_1_198' title='bbox 1483 1772 1610 1827; x_wconf 91' lang='lat' dir='ltr'><em>meritum</em></span> <span class='ocrx_word' id='word_1_199' title='bbox 1628 1772 1695 1842; x_wconf 90' lang='lat' dir='ltr'><em>ipsis</em></span> <span class='ocrx_word' id='word_1_200' title='bbox 1709 1775 1855 1845; x_wconf 86' lang='lat' dir='ltr'>denegent.</span> <span class='ocrx_word' id='word_1_201' title='bbox 1881 1774 1981 1838; x_wconf 82' lang='lat' dir='ltr'><em>Quem-</em></span> 
     </span>
     <span class='ocr_line' id='line_1_16' title="bbox 288 1855 1981 1928; baseline 0.001 -17"><span class='ocrx_word' id='word_1_202' title='bbox 288 1860 404 1912; x_wconf 84' lang='lat' dir='ltr'><em>arhitrs‘i</em></span> <span class='ocrx_word' id='word_1_203' title='bbox 422 1858 534 1922; x_wconf 82' lang='lat' dir='ltr'><em>viribus,</em></span> <span class='ocrx_word' id='word_1_204' title='bbox 556 1859 636 1928; x_wconf 86' lang='lat' dir='ltr'><em>enjus</em></span> <span class='ocrx_word' id='word_1_205' title='bbox 656 1857 824 1912; x_wconf 83' lang='lat' dir='ltr'><em>contrarium</em></span> <span class='ocrx_word' id='word_1_206' title='bbox 844 1855 986 1912; x_wconf 83' lang='lat' dir='ltr'><em>evidenter</em></span> <span class='ocrx_word' id='word_1_207' title='bbox 1002 1855 1122 1911; x_wconf 91' lang='lat' dir='ltr'><em>ostendi·</em></span> <span class='ocrx_word' id='word_1_208' title='bbox 1148 1857 1189 1912; x_wconf 83' lang='lat' dir='ltr'><em>vis</em></span> <span class='ocrx_word' id='word_1_209' title='bbox 1224 1858 1296 1912; x_wconf 91' lang='lat' dir='ltr'><em>enim</em></span> <span class='ocrx_word' id='word_1_210' title='bbox 1325 1857 1512 1913; x_wconf 87' lang='lat' dir='ltr'><em>Bellerminus</em></span> <span class='ocrx_word' id='word_1_211' title='bbox 1542 1859 1684 1926; x_wconf 84' lang='lat' dir='ltr'><em>obvertet,</em></span> <span class='ocrx_word' id='word_1_212' title='bbox 1719 1867 1824 1913; x_wconf 81' lang='lat' dir='ltr'><em>veteres</em></span> <span class='ocrx_word' id='word_1_213' title='bbox 1853 1861 1981 1914; x_wconf 68' lang='lat' dir='ltr'><em>habetisne</em></span> 
     </span>
    </p>

    <p class='ocr_par' dir='ltr' id='par_1_7' title="bbox 287 1939 1982 2190">
     <span class='ocr_line' id='line_1_17' title="bbox 287 1939 1982 2017; baseline 0.002 -20"><span class='ocrx_word' id='word_1_214' title='bbox 287 1961 345 1998; x_wconf 89' lang='lat' dir='ltr'><em>mus</em></span> <span class='ocrx_word' id='word_1_215' title='bbox 371 1944 403 1998; x_wconf 90' lang='lat' dir='ltr'><em>in</em></span> <span class='ocrx_word' id='word_1_216' title='bbox 424 1949 503 1999; x_wconf 83' lang='lat' dir='ltr'><em>tract.</em></span> <span class='ocrx_word' id='word_1_217' title='bbox 531 1943 565 1998; x_wconf 91' lang='lat' dir='ltr'><em>de</em></span> <span class='ocrx_word' id='word_1_218' title='bbox 587 1942 700 2014; x_wconf 83' lang='lat' dir='ltr'><em>justitie.</em></span> <span class='ocrx_word' id='word_1_219' title='bbox 727 1939 755 2017; x_wconf 63' lang='grc' dir='ltr'><em>ξ.</em></span> <span class='ocrx_word' id='word_1_220' title='bbox 782 1948 838 1999; x_wconf 81' lang='grc'><strong>151,</strong></span> <span class='ocrx_word' id='word_1_221' title='bbox 865 1940 906 1995; x_wconf 90' lang='lat' dir='ltr'><em>uti</em></span> <span class='ocrx_word' id='word_1_222' title='bbox 934 1942 1017 1997; x_wconf 90' lang='lat' dir='ltr'><em>etiem</em></span> <span class='ocrx_word' id='word_1_223' title='bbox 1044 1941 1122 2004; x_wconf 85' lang='lat' dir='ltr'><em>illud,</em></span> <span class='ocrx_word' id='word_1_224' title='bbox 1147 1943 1269 2011; x_wconf 74' lang='lat' dir='ltr'><em>qratiam</em></span> <span class='ocrx_word' id='word_1_225' title='bbox 1289 1961 1344 2013; x_wconf 86' lang='lat' dir='ltr'><em>per</em></span> <span class='ocrx_word' id='word_1_226' title='bbox 1362 1944 1470 2013; x_wconf 77' lang='lat' dir='ltr'><em>fidens,</em></span> <span class='ocrx_word' id='word_1_227' title='bbox 1493 1951 1586 2000; x_wconf 84' lang='lat' dir='ltr'><em>temen</em></span> <span class='ocrx_word' id='word_1_228' title='bbox 1607 1945 1757 2016; x_wconf 87' lang='lat' dir='ltr'><em>perfidem</em></span> <span class='ocrx_word' id='word_1_229' title='bbox 1777 1962 1832 2001; x_wconf 92' lang='lat' dir='ltr'><em>non</em></span> <span class='ocrx_word' id='word_1_230' title='bbox 1852 1946 1982 2016; x_wconf 85' lang='lat' dir='ltr'><em>intelligit</em></span> 
     </span>
     <span class='ocr_line' id='line_1_18' title="bbox 288 2027 1981 2102; baseline 0.002 -18"><span class='ocrx_word' id='word_1_231' title='bbox 288 2031 362 2102; x_wconf 89' lang='lat' dir='ltr'><em>quod</em></span> <span class='ocrx_word' id='word_1_232' title='bbox 378 2030 554 2086; x_wconf 86' lang='lat' dir='ltr'><em>Abrehemue</em></span> <span class='ocrx_word' id='word_1_233' title='bbox 573 2048 606 2085; x_wconf 84' lang='lat' dir='ltr'><em>ex</em></span> <span class='ocrx_word' id='word_1_234' title='bbox 625 2029 754 2100; x_wconf 83' lang='lat' dir='ltr'><em>operibns</em></span> <span class='ocrx_word' id='word_1_235' title='bbox 770 2029 870 2084; x_wconf 86' lang='lat' dir='ltr'><em>dicitur</em></span> <span class='ocrx_word' id='word_1_236' title='bbox 880 2027 1059 2099; x_wconf 81' lang='lat' dir='ltr'><em>justificatus,</em></span> <span class='ocrx_word' id='word_1_237' title='bbox 1077 2045 1121 2082; x_wconf 88' lang='lat' dir='ltr'><em>ex·.</em></span> <span class='ocrx_word' id='word_1_238' title='bbox 1147 2029 1304 2085; x_wconf 82' lang='lat' dir='ltr'><em>fiducialem</em></span> <span class='ocrx_word' id='word_1_239' title='bbox 1335 2030 1411 2086; x_wconf 87' lang='lat' dir='ltr'><em>illem</em></span> <span class='ocrx_word' id='word_1_240' title='bbox 1428 2030 1674 2101; x_wconf 82' lang='lat' dir='ltr'><em>apprehensionem</em></span> <span class='ocrx_word' id='word_1_241' title='bbox 1693 2031 1880 2102; x_wconf 82' lang='lat' dir='ltr'><em>promissionis</em></span> <span class='ocrx_word' id='word_1_242' title='bbox 1900 2049 1981 2088; x_wconf 88' lang='lat' dir='ltr'><em>even·</em></span> 
     </span>
     <span class='ocr_line' id='line_1_19' title="bbox 288 2112 1981 2190; baseline 0.001 -20"><span class='ocrx_word' id='word_1_243' title='bbox 288 2116 409 2186; x_wconf 91' lang='lat' dir='ltr'><em>positum</em></span> <span class='ocrx_word' id='word_1_244' title='bbox 435 2115 489 2170; x_wconf 84' lang='lat' dir='ltr'><em>tuit</em></span> <span class='ocrx_word' id='word_1_245' title='bbox 518 2115 623 2169; x_wconf 84' lang='lat' dir='ltr'><em>ibidem</em></span> <span class='ocrx_word' id='word_1_246' title='bbox 662 2112 688 2188; x_wconf 63' lang='grc' dir='ltr'><em>ξ.</em></span> <span class='ocrx_word' id='word_1_247' title='bbox 709 2120 766 2170; x_wconf 83' lang='lat'><strong>190.</strong></span> <span class='ocrx_word' id='word_1_248' title='bbox 815 2115 901 2170; x_wconf 83' lang='lat' dir='ltr'>Recte</span> <span class='ocrx_word' id='word_1_249' title='bbox 929 2115 1015 2186; x_wconf 90' lang='lat' dir='ltr'><em>igitur</em></span> <span class='ocrx_word' id='word_1_250' title='bbox 1044 2114 1123 2169; x_wconf 91' lang='lat' dir='ltr'><em>eddit</em></span> <span class='ocrx_word' id='word_1_251' title='bbox 1149 2115 1255 2188; x_wconf 85' lang='lat' dir='ltr'><em>gelicse</em></span> <span class='ocrx_word' id='word_1_252' title='bbox 1279 2118 1307 2170; x_wconf 93' lang='lat' dir='ltr'><em>in</em></span> <span class='ocrx_word' id='word_1_253' title='bbox 1324 2117 1409 2172; x_wconf 83' lang='lat' dir='ltr'><em>verbo</em></span> <span class='ocrx_word' id='word_1_254' title='bbox 1427 2118 1539 2171; x_wconf 83' lang='lat' dir='ltr'><em>oblatae</em></span> <span class='ocrx_word' id='word_1_255' title='bbox 1558 2122 1586 2170; x_wconf 90' lang='lat' dir='ltr'><em>et</em></span> <span class='ocrx_word' id='word_1_256' title='bbox 1602 2117 1783 2173; x_wconf 71' lang='lat' dir='ltr'><em>sacrementis</em></span> <span class='ocrx_word' id='word_1_257' title='bbox 1801 2117 1888 2173; x_wconf 80' lang='lat' dir='ltr'><em>veluti</em></span> <span class='ocrx_word' id='word_1_258' title='bbox 1906 2119 1981 2190; x_wconf 89' lang='lat' dir='ltr'><em>sigil-</em></span> 
     </span>
    </p>

    <p class='ocr_par' dir='ltr' id='par_1_8' title="bbox 287 2199 1980 2273">
     <span class='ocr_line' id='line_1_20' title="bbox 287 2199 1980 2273; baseline 0.001 -18"><span class='ocrx_word' id='word_1_259' title='bbox 287 2202 320 2255; x_wconf 92' lang='lat' dir='ltr'><em>D.</em></span> <span class='ocrx_word' id='word_1_260' title='bbox 340 2201 533 2257; x_wconf 88' lang='lat' dir='ltr'><em>Chemnicius:</em></span> <span class='ocrx_word' id='word_1_261' title='bbox 561 2201 638 2262; x_wconf 81' lang='lat' dir='ltr'><em>Quid</em></span> <span class='ocrx_word' id='word_1_262' title='bbox 655 2199 764 2255; x_wconf 75' lang='lat' dir='ltr'><em>audiat</em></span> <span class='ocrx_word' id='word_1_263' title='bbox 803 2202 877 2254; x_wconf 88' lang='lat' dir='ltr'><em>Num</em></span> <span class='ocrx_word' id='word_1_264' title='bbox 891 2200 979 2268; x_wconf 81' lang='lat' dir='ltr'><em>justis</em></span> <span class='ocrx_word' id='word_1_265' title='bbox 999 2208 1122 2269; x_wconf 89' lang='lat' dir='ltr'><em>tempore</em></span> <span class='ocrx_word' id='word_1_266' title='bbox 1148 2203 1182 2256; x_wconf 88' lang='lat' dir='ltr'><em>lis</em></span> <span class='ocrx_word' id='word_1_267' title='bbox 1210 2202 1388 2273; x_wconf 81' lang='lat' dir='ltr'><em>obsignatae,</em></span> <span class='ocrx_word' id='word_1_268' title='bbox 1415 2202 1465 2258; x_wconf 93' lang='lat' dir='ltr'><em>sed</em></span> <span class='ocrx_word' id='word_1_269' title='bbox 1491 2200 1573 2257; x_wconf 86' lang='lat' dir='ltr'><em>fidem</em></span> <span class='ocrx_word' id='word_1_270' title='bbox 1600 2201 1791 2257; x_wconf 77' lang='lat' dir='ltr'><em>tantummodo</em></span> <span class='ocrx_word' id='word_1_271' title='bbox 1815 2200 1980 2265; x_wconf 81' lang='lat' dir='ltr'><em>historicum,</em></span> 
     </span>
    </p>

    <p class='ocr_par' dir='ltr' id='par_1_9' title="bbox 292 2287 1981 2359">
     <span class='ocr_line' id='line_1_21' title="bbox 292 2287 1981 2359; baseline 0.001 -18"><span class='ocrx_word' id='word_1_272' title='bbox 292 2290 320 2341; x_wconf 75' lang='lat'><em>1⁷.</em></span> <span class='ocrx_word' id='word_1_273' title='bbox 344 2291 374 2342; x_wconf 89' lang='lat' dir='ltr'><em>T.</em></span> <span class='ocrx_word' id='word_1_274' title='bbox 403 2289 502 2342; x_wconf 83' lang='lat' dir='ltr'><em>uirtute</em></span> <span class='ocrx_word' id='word_1_275' title='bbox 525 2290 639 2350; x_wconf 79' lang='lat' dir='ltr'><em>futurae</em></span> <span class='ocrx_word' id='word_1_276' title='bbox 662 2288 808 2357; x_wconf 82' lang='lat' dir='ltr'><em>passionis</em></span> <span class='ocrx_word' id='word_1_277' title='bbox 836 2288 945 2341; x_wconf 84' lang='lat' dir='ltr'><em>Christi</em></span> <span class='ocrx_word' id='word_1_278' title='bbox 973 2305 1029 2341; x_wconf 86' lang='lat' dir='ltr'><em>nen</em></span> <span class='ocrx_word' id='word_1_279' title='bbox 1053 2289 1122 2341; x_wconf 81' lang='lat' dir='ltr'><em>date</em></span> <span class='ocrx_word' id='word_1_280' title='bbox 1149 2307 1205 2345; x_wconf 91' lang='lat' dir='ltr'><em>non</em></span> <span class='ocrx_word' id='word_1_281' title='bbox 1228 2288 1483 2358; x_wconf 70' lang='lat' dir='ltr'><em>instrumentaliter,</em></span> <span class='ocrx_word' id='word_1_282' title='bbox 1503 2289 1552 2343; x_wconf 90' lang='lat' dir='ltr'><em>sed</em></span> <span class='ocrx_word' id='word_1_283' title='bbox 1572 2289 1778 2359; x_wconf 85' lang='lat' dir='ltr'><em>praeperetorie</em></span> <span class='ocrx_word' id='word_1_284' title='bbox 1796 2294 1825 2343; x_wconf 91' lang='lat' dir='ltr'><em>et</em></span> <span class='ocrx_word' id='word_1_285' title='bbox 1843 2287 1981 2344; x_wconf 76' lang='lat' dir='ltr'><em>mentone</em></span> 
     </span>
    </p>

    <p class='ocr_par' dir='ltr' id='par_1_10' title="bbox 283 2374 1981 2707">
     <span class='ocr_line' id='line_1_22' title="bbox 283 2374 1980 2448; baseline 0.004 -22"><span class='ocrx_word' id='word_1_286' title='bbox 283 2376 343 2442; x_wconf 79' lang='lat' dir='ltr'><em>fuit</em></span> <span class='ocrx_word' id='word_1_287' title='bbox 362 2375 483 2443; x_wconf 69' lang='lat' dir='ltr'><em>prestio!</em></span> <span class='ocrx_word' id='word_1_288' title='bbox 501 2393 537 2427; x_wconf 91' lang='lat' dir='ltr'><em>an</em></span> <span class='ocrx_word' id='word_1_289' title='bbox 556 2391 621 2428; x_wconf 87' lang='lat' dir='ltr'><em>vero</em></span> <span class='ocrx_word' id='word_1_290' title='bbox 641 2382 747 2428; x_wconf 86' lang='lat' dir='ltr'><em>tantum</em></span> <span class='ocrx_word' id='word_1_291' title='bbox 767 2375 921 2429; x_wconf 86' lang='lat' dir='ltr'><em>hahuerunt</em></span> <span class='ocrx_word' id='word_1_292' title='bbox 936 2375 1121 2444; x_wconf 68' lang='lat' dir='ltr'><em>praefigura-</em></span> <span class='ocrx_word' id='word_1_293' title='bbox 1145 2374 1356 2448; x_wconf 74' lang='lat' dir='ltr'><em>justificantem,</em></span> <span class='ocrx_word' id='word_1_294' title='bbox 1381 2383 1414 2431; x_wconf 89' lang='lat' dir='ltr'><em>ut</em></span> <span class='ocrx_word' id='word_1_295' title='bbox 1435 2375 1464 2431; x_wconf 88' lang='lat' dir='ltr'><em>in</em></span> <span class='ocrx_word' id='word_1_296' title='bbox 1483 2381 1561 2431; x_wconf 86' lang='lat' dir='ltr'><em>treet.</em></span> <span class='ocrx_word' id='word_1_297' title='bbox 1584 2376 1619 2431; x_wconf 91' lang='lat' dir='ltr'><em>de</em></span> <span class='ocrx_word' id='word_1_298' title='bbox 1635 2374 1832 2446; x_wconf 83' lang='lat' dir='ltr'><em>justificetione</em></span> <span class='ocrx_word' id='word_1_299' title='bbox 1852 2375 1980 2432; x_wconf 80' lang='lat' dir='ltr'><em>uidimus.</em></span> 
     </span>
     <span class='ocr_line' id='line_1_23' title="bbox 288 2461 1981 2548; baseline 0.002 -34"><span class='ocrx_word' id='word_1_300' title='bbox 288 2463 402 2522; x_wconf 65' lang='lat' dir='ltr'><em>amem,</em></span> <span class='ocrx_word' id='word_1_301' title='bbox 419 2463 490 2527; x_wconf 88' lang='lat' dir='ltr'><em>sore</em></span> <span class='ocrx_word' id='word_1_302' title='bbox 513 2469 543 2513; x_wconf 86' lang='lat' dir='ltr'><em>ut</em></span> <span class='ocrx_word' id='word_1_303' title='bbox 561 2468 627 2529; x_wconf 82' lang='lat' dir='ltr'><em>post</em></span> <span class='ocrx_word' id='word_1_304' title='bbox 653 2468 749 2514; x_wconf 88' lang='lat' dir='ltr'><em>natum</em></span> <span class='ocrx_word' id='word_1_305' title='bbox 769 2461 908 2515; x_wconf 80' lang='lat' dir='ltr'><em>Christum</em></span> <span class='ocrx_word' id='word_1_306' title='bbox 930 2463 1055 2548; x_wconf 62' lang='lat' dir='ltr'><em>primum</em></span> <span class='ocrx_word' id='word_1_307' title='bbox 1073 2462 1122 2516; x_wconf 77' lang='lat' dir='ltr'><em>da·</em></span> <span class='ocrx_word' id='word_1_308' title='bbox 1149 2464 1241 2529; x_wconf 77' lang='lat' dir='ltr'><em>Quare</em></span> <span class='ocrx_word' id='word_1_309' title='bbox 1266 2479 1330 2516; x_wconf 89' lang='lat' dir='ltr'><em>aum</em></span> <span class='ocrx_word' id='word_1_310' title='bbox 1353 2479 1419 2517; x_wconf 83' lang='lat' dir='ltr'><em>vere</em></span> <span class='ocrx_word' id='word_1_311' title='bbox 1445 2468 1474 2516; x_wconf 90' lang='lat' dir='ltr'><em>et</em></span> <span class='ocrx_word' id='word_1_312' title='bbox 1496 2461 1652 2533; x_wconf 76' lang='lat' dir='ltr'><em>justificans</em></span> <span class='ocrx_word' id='word_1_313' title='bbox 1681 2461 1750 2516; x_wconf 86' lang='lat' dir='ltr'><em>fides</em></span> <span class='ocrx_word' id='word_1_314' title='bbox 1773 2462 1981 2533; x_wconf 88' lang='lat' dir='ltr'><em>promissionem</em></span> 
     </span>
     <span class='ocr_line' id='line_1_24' title="bbox 287 2546 1978 2622; baseline 0.001 -21"><span class='ocrx_word' id='word_1_315' title='bbox 287 2557 365 2601; x_wconf 79' lang='lat' dir='ltr'><em>retur</em></span> <span class='ocrx_word' id='word_1_316' title='bbox 383 2548 479 2616; x_wconf 71' lang='lat' dir='ltr'><em>qrah&#39;a</em></span> <span class='ocrx_word' id='word_1_317' title='bbox 497 2546 564 2615; x_wconf 84' lang='lat' dir='ltr'><em>s&#39;llis,</em></span> <span class='ocrx_word' id='word_1_318' title='bbox 583 2547 633 2615; x_wconf 84' lang='lat' dir='ltr'><em>qai</em></span> <span class='ocrx_word' id='word_1_319' title='bbox 645 2556 711 2616; x_wconf 89' lang='lat' dir='ltr'><em>post</em></span> <span class='ocrx_word' id='word_1_320' title='bbox 729 2556 946 2602; x_wconf 88' lang='lat' dir='ltr'><em>consummatam</em></span> <span class='ocrx_word' id='word_1_321' title='bbox 959 2550 1122 2618; x_wconf 84' lang='lat' dir='ltr'><em>passionem</em></span> <span class='ocrx_word' id='word_1_322' title='bbox 1149 2549 1257 2622; x_wconf 88' lang='lat' dir='ltr'><em>gretiee</em></span> <span class='ocrx_word' id='word_1_323' title='bbox 1281 2549 1309 2604; x_wconf 93' lang='lat' dir='ltr'><em>in</em></span> <span class='ocrx_word' id='word_1_324' title='bbox 1327 2549 1412 2604; x_wconf 83' lang='lat' dir='ltr'><em>verbo</em></span> <span class='ocrx_word' id='word_1_325' title='bbox 1431 2549 1569 2620; x_wconf 82' lang='lat' dir='ltr'><em>evangelii</em></span> <span class='ocrx_word' id='word_1_326' title='bbox 1587 2556 1616 2604; x_wconf 90' lang='lat' dir='ltr'><em>st</em></span> <span class='ocrx_word' id='word_1_327' title='bbox 1635 2548 1813 2603; x_wconf 85' lang='lat' dir='ltr'><em>sacrementis</em></span> <span class='ocrx_word' id='word_1_328' title='bbox 1831 2549 1914 2604; x_wconf 86' lang='lat' dir='ltr'><em>verbo</em></span> <span class='ocrx_word' id='word_1_329' title='bbox 1932 2550 1978 2603; x_wconf 86' lang='lat' dir='ltr'><em>ed·</em></span> 
     </span>
     <span class='ocr_line' id='line_1_25' title="bbox 288 2633 1979 2707; baseline 0.002 -20"><span class='ocrx_word' id='word_1_330' title='bbox 288 2635 396 2688; x_wconf 79' lang='lat' dir='ltr'><em>Christi</em></span> <span class='ocrx_word' id='word_1_331' title='bbox 413 2634 551 2689; x_wconf 75' lang='lat' dir='ltr'><em>credituri</em></span> <span class='ocrx_word' id='word_1_332' title='bbox 569 2635 678 2687; x_wconf 71' lang='lat' dir='ltr'><em>essent!</em></span> <span class='ocrx_word' id='word_1_333' title='bbox 708 2635 811 2688; x_wconf 83' lang='lat' dir='ltr'><em>Passio</em></span> <span class='ocrx_word' id='word_1_334' title='bbox 832 2643 903 2689; x_wconf 86' lang='lat' dir='ltr'><em>certe</em></span> <span class='ocrx_word' id='word_1_335' title='bbox 917 2633 1025 2689; x_wconf 83' lang='lat' dir='ltr'><em>Christi</em></span> <span class='ocrx_word' id='word_1_336' title='bbox 1041 2635 1121 2689; x_wconf 78' lang='lat' dir='ltr'><em>meri</em></span> <span class='ocrx_word' id='word_1_337' title='bbox 1149 2635 1215 2690; x_wconf 89' lang='lat' dir='ltr'><em>ditis</em></span> <span class='ocrx_word' id='word_1_338' title='bbox 1235 2634 1356 2691; x_wconf 88' lang='lat' dir='ltr'><em>obletem</em></span> <span class='ocrx_word' id='word_1_339' title='bbox 1374 2636 1454 2691; x_wconf 90' lang='lat' dir='ltr'><em>unice</em></span> <span class='ocrx_word' id='word_1_340' title='bbox 1472 2636 1614 2707; x_wconf 82' lang='lat' dir='ltr'><em>respiciet,</em></span> <span class='ocrx_word' id='word_1_341' title='bbox 1628 2652 1798 2705; x_wconf 84' lang='lat' dir='ltr'><em>consequens</em></span> <span class='ocrx_word' id='word_1_342' title='bbox 1817 2642 1860 2690; x_wconf 86' lang='lat' dir='ltr'><em>eet</em></span> <span class='ocrx_word' id='word_1_343' title='bbox 1878 2643 1979 2706; x_wconf 82' lang='lat' dir='ltr'><em>uegeto</em></span> 
     </span>
    </p>

    <p class='ocr_par' dir='ltr' id='par_1_11' title="bbox 287 2721 1979 2793">
     <span class='ocr_line' id='line_1_26' title="bbox 287 2721 1979 2793; baseline 0.002 -20"><span class='ocrx_word' id='word_1_344' title='bbox 287 2730 341 2775; x_wconf 86' lang='lat' dir='ltr'><em>tum</em></span> <span class='ocrx_word' id='word_1_345' title='bbox 365 2721 444 2774; x_wconf 83' lang='lat' dir='ltr'><em>illud</em></span> <span class='ocrx_word' id='word_1_346' title='bbox 465 2729 519 2786; x_wconf 88' lang='lat' dir='ltr'><em>eet,</em></span> <span class='ocrx_word' id='word_1_347' title='bbox 539 2728 657 2789; x_wconf 83' lang='lat' dir='ltr'><em>propter</em></span> <span class='ocrx_word' id='word_1_348' title='bbox 678 2722 755 2788; x_wconf 78' lang='lat' dir='ltr'><em>qtsod</em></span> <span class='ocrx_word' id='word_1_349' title='bbox 773 2722 959 2788; x_wconf 70' lang='lat' dir='ltr'><em>graticciata</em></span> <span class='ocrx_word' id='word_1_350' title='bbox 972 2722 1037 2789; x_wconf 70' lang='lat' dir='ltr'><em>Jiss&#39;t</em></span> <span class='ocrx_word' id='word_1_351' title='bbox 1055 2722 1127 2776; x_wconf 88' lang='lat' dir='ltr'><em>olim·</em></span> <span class='ocrx_word' id='word_1_352' title='bbox 1149 2739 1194 2790; x_wconf 91' lang='lat' dir='ltr'><em>eo,</em></span> <span class='ocrx_word' id='word_1_353' title='bbox 1221 2722 1295 2792; x_wconf 88' lang='lat' dir='ltr'><em>quod</em></span> <span class='ocrx_word' id='word_1_354' title='bbox 1325 2722 1353 2776; x_wconf 91' lang='lat' dir='ltr'><em>in</em></span> <span class='ocrx_word' id='word_1_355' title='bbox 1379 2723 1463 2778; x_wconf 87' lang='lat' dir='ltr'><em>verba</em></span> <span class='ocrx_word' id='word_1_356' title='bbox 1490 2722 1628 2793; x_wconf 80' lang='lat' dir='ltr'><em>evangelii</em></span> <span class='ocrx_word' id='word_1_357' title='bbox 1658 2728 1687 2776; x_wconf 89' lang='lat' dir='ltr'><em>et</em></span> <span class='ocrx_word' id='word_1_358' title='bbox 1711 2721 1890 2777; x_wconf 80' lang='lat' dir='ltr'><em>sacrementis</em></span> <span class='ocrx_word' id='word_1_359' title='bbox 1916 2740 1979 2791; x_wconf 87' lang='lat' dir='ltr'><em>pro·</em></span> 
     </span>
    </p>

    <p class='ocr_par' dir='ltr' id='par_1_12' title="bbox 289 2807 1980 2880">
     <span class='ocr_line' id='line_1_27' title="bbox 289 2807 1980 2880; baseline 0.001 -19"><span class='ocrx_word' id='word_1_360' title='bbox 289 2819 312 2861; x_wconf 89' lang='lat' dir='ltr'><em>et</em></span> <span class='ocrx_word' id='word_1_361' title='bbox 339 2809 434 2860; x_wconf 84' lang='lat' dir='ltr'><em>adhuc</em></span> <span class='ocrx_word' id='word_1_362' title='bbox 463 2809 556 2862; x_wconf 75' lang='lat' dir='ltr'><em>dabir.</em></span> <span class='ocrx_word' id='word_1_363' title='bbox 573 2808 696 2876; x_wconf 74' lang='lat' dir='ltr'><em>squae</em></span> <span class='ocrx_word' id='word_1_364' title='bbox 724 2807 796 2861; x_wconf 90' lang='lat' dir='ltr'><em>enim</em></span> <span class='ocrx_word' id='word_1_365' title='bbox 817 2825 913 2861; x_wconf 86' lang='lat' dir='ltr'><em>uerum</em></span> <span class='ocrx_word' id='word_1_366' title='bbox 937 2815 987 2872; x_wconf 90' lang='lat' dir='ltr'><em>est,</em></span> <span class='ocrx_word' id='word_1_367' title='bbox 1015 2817 1121 2862; x_wconf 85' lang='lat' dir='ltr'><em>veteres</em></span> <span class='ocrx_word' id='word_1_368' title='bbox 1148 2808 1251 2861; x_wconf 86' lang='lat' dir='ltr'><em>missio</em></span> <span class='ocrx_word' id='word_1_369' title='bbox 1268 2809 1374 2880; x_wconf 89' lang='lat' dir='ltr'><em>gretine</em></span> <span class='ocrx_word' id='word_1_370' title='bbox 1400 2825 1433 2862; x_wconf 86' lang='lat' dir='ltr'><em>ex</em></span> <span class='ocrx_word' id='word_1_371' title='bbox 1459 2815 1537 2879; x_wconf 82' lang='lat' dir='ltr'><em>perte</em></span> <span class='ocrx_word' id='word_1_372' title='bbox 1561 2808 1615 2864; x_wconf 90' lang='lat' dir='ltr'><em>Dei</em></span> <span class='ocrx_word' id='word_1_373' title='bbox 1639 2807 1724 2863; x_wconf 83' lang='lat' dir='ltr'><em>fuerit</em></span> <span class='ocrx_word' id='word_1_374' title='bbox 1751 2807 1857 2874; x_wconf 80' lang='lat' dir='ltr'><em>oblate,</em></span> <span class='ocrx_word' id='word_1_375' title='bbox 1884 2809 1980 2879; x_wconf 82' lang='lat' dir='ltr'><em>negari</em></span> 
     </span>
    </p>

    <p class='ocr_par' dir='ltr' id='par_1_13' title="bbox 289 2893 1980 3052">
     <span class='ocr_line' id='line_1_28' title="bbox 289 2893 1979 2966; baseline 0.002 -19"><span class='ocrx_word' id='word_1_376' title='bbox 289 2895 355 2948; x_wconf 88' lang='lat' dir='ltr'><em>olim</em></span> <span class='ocrx_word' id='word_1_377' title='bbox 375 2911 431 2964; x_wconf 88' lang='lat' dir='ltr'><em>per</em></span> <span class='ocrx_word' id='word_1_378' title='bbox 460 2893 587 2946; x_wconf 74' lang='lat' dir='ltr'><em>cirrum</em></span> <span class='ocrx_word' id='word_1_379' title='bbox 612 2894 729 2956; x_wconf 85' lang='lat' dir='ltr'><em>futurae</em></span> <span class='ocrx_word' id='word_1_380' title='bbox 758 2893 903 2963; x_wconf 86' lang='lat' dir='ltr'><em>passionis</em></span> <span class='ocrx_word' id='word_1_381' title='bbox 932 2894 1038 2947; x_wconf 84' lang='lat' dir='ltr'><em>Chrs&#39;sti</em></span> <span class='ocrx_word' id='word_1_382' title='bbox 1062 2896 1122 2949; x_wconf 89' lang='lat' dir='ltr'><em>sine</em></span> <span class='ocrx_word' id='word_1_383' title='bbox 1149 2893 1231 2949; x_wconf 88' lang='lat' dir='ltr'><em>etiem</em></span> <span class='ocrx_word' id='word_1_384' title='bbox 1249 2893 1333 2963; x_wconf 90' lang='lat' dir='ltr'><em>illud,</em></span> <span class='ocrx_word' id='word_1_385' title='bbox 1361 2894 1434 2966; x_wconf 92' lang='lat' dir='ltr'><em>quod</em></span> <span class='ocrx_word' id='word_1_386' title='bbox 1453 2895 1545 2966; x_wconf 89' lang='lat' dir='ltr'><em>gretie</em></span> <span class='ocrx_word' id='word_1_387' title='bbox 1564 2894 1617 2951; x_wconf 89' lang='lat' dir='ltr'><em>Dei</em></span> <span class='ocrx_word' id='word_1_388' title='bbox 1636 2900 1664 2950; x_wconf 90' lang='lat' dir='ltr'><em>et</em></span> <span class='ocrx_word' id='word_1_389' title='bbox 1680 2894 1807 2950; x_wconf 84' lang='lat' dir='ltr'><em>meritum</em></span> <span class='ocrx_word' id='word_1_390' title='bbox 1824 2893 1926 2951; x_wconf 82' lang='lat' dir='ltr'><em>Christi</em></span> <span class='ocrx_word' id='word_1_391' title='bbox 1947 2910 1979 2950; x_wconf 83' lang='lat' dir='ltr'><em>ex</em></span> 
     </span>
     <span class='ocr_line' id='line_1_29' title="bbox 290 2978 1980 3052; baseline 0.002 -18"><span class='ocrx_word' id='word_1_392' title='bbox 290 2989 362 3035; x_wconf 86' lang='lat' dir='ltr'><em>certo</em></span> <span class='ocrx_word' id='word_1_393' title='bbox 386 2981 484 3049; x_wconf 76' lang='lat' dir='ltr'><em>alr‘qsso</em></span> <span class='ocrx_word' id='word_1_394' title='bbox 509 2981 600 3035; x_wconf 85' lang='lat' dir='ltr'><em>medio</em></span> <span class='ocrx_word' id='word_1_395' title='bbox 623 2996 672 3033; x_wconf 87' lang='lat' dir='ltr'><em>sea</em></span> <span class='ocrx_word' id='word_1_396' title='bbox 690 2997 812 3047; x_wconf 76' lang='lat' dir='ltr'><em>arpano,</em></span> <span class='ocrx_word' id='word_1_397' title='bbox 835 2997 889 3047; x_wconf 78' lang='lat' dir='ltr'><em>quo</em></span> <span class='ocrx_word' id='word_1_398' title='bbox 907 2980 960 3033; x_wconf 85' lang='lat' dir='ltr'><em>illc</em></span> <span class='ocrx_word' id='word_1_399' title='bbox 974 2982 1123 3051; x_wconf 77' lang='lat' dir='ltr'><em>offerretur</em></span> <span class='ocrx_word' id='word_1_400' title='bbox 1147 2986 1227 3051; x_wconf 89' lang='lat' dir='ltr'><em>perte</em></span> <span class='ocrx_word' id='word_1_401' title='bbox 1249 2978 1373 3034; x_wconf 85' lang='lat' dir='ltr'><em>fidelium</em></span> <span class='ocrx_word' id='word_1_402' title='bbox 1397 2980 1426 3034; x_wconf 92' lang='lat' dir='ltr'><em>in</em></span> <span class='ocrx_word' id='word_1_403' title='bbox 1444 2980 1479 3032; x_wconf 88' lang='lat' dir='ltr'><em>V.</em></span> <span class='ocrx_word' id='word_1_404' title='bbox 1497 2980 1529 3034; x_wconf 88' lang='grc' dir='ltr'><em>Τ,</em></span> <span class='ocrx_word' id='word_1_405' title='bbox 1547 2979 1632 3036; x_wconf 83' lang='lat' dir='ltr'><em>fuerit</em></span> <span class='ocrx_word' id='word_1_406' title='bbox 1649 2988 1776 3052; x_wconf 86' lang='lat' dir='ltr'><em>recepte,</em></span> <span class='ocrx_word' id='word_1_407' title='bbox 1792 2985 1906 3052; x_wconf 87' lang='lat' dir='ltr'><em>propter</em></span> <span class='ocrx_word' id='word_1_408' title='bbox 1922 2999 1980 3037; x_wconf 88' lang='lat' dir='ltr'><em>mu·</em></span> 
     </span>
    </p>

    <p class='ocr_par' dir='ltr' id='par_1_14' title="bbox 290 3065 2081 3310">
     <span class='ocr_line' id='line_1_30' title="bbox 290 3065 1979 3138; baseline 0 -16"><span class='ocrx_word' id='word_1_409' title='bbox 290 3076 314 3122; x_wconf 84' lang='lat' dir='ltr'><em>et</em></span> <span class='ocrx_word' id='word_1_410' title='bbox 331 3067 545 3138; x_wconf 78' lang='lat' dir='ltr'><em>applicaretur,</em></span> <span class='ocrx_word' id='word_1_411' title='bbox 561 3066 744 3134; x_wconf 78' lang='lat' dir='ltr'><em>justificatos</em></span> <span class='ocrx_word' id='word_1_412' title='bbox 758 3082 831 3134; x_wconf 87' lang='lat' dir='ltr'><em>esse,</em></span> <span class='ocrx_word' id='word_1_413' title='bbox 854 3084 904 3120; x_wconf 89' lang='lat' dir='ltr'><em>nos</em></span> <span class='ocrx_word' id='word_1_414' title='bbox 921 3084 985 3121; x_wconf 84' lang='lat' dir='ltr'><em>uero</em></span> <span class='ocrx_word' id='word_1_415' title='bbox 1000 3084 1056 3136; x_wconf 85' lang='lat' dir='ltr'><em>per</em></span> <span class='ocrx_word' id='word_1_416' title='bbox 1074 3087 1121 3122; x_wconf 88' lang='lat' dir='ltr'><em>sa·</em></span> <span class='ocrx_word' id='word_1_417' title='bbox 1148 3072 1225 3121; x_wconf 85' lang='lat' dir='ltr'><em>tuem</em></span> <span class='ocrx_word' id='word_1_418' title='bbox 1242 3065 1349 3120; x_wconf 79' lang='lat' dir='ltr'><em>sufficet</em></span> <span class='ocrx_word' id='word_1_419' title='bbox 1367 3069 1396 3119; x_wconf 90' lang='lat' dir='ltr'><em>et</em></span> <span class='ocrx_word' id='word_1_420' title='bbox 1413 3071 1574 3135; x_wconf 83' lang='lat' dir='ltr'><em>perpetuum</em></span> <span class='ocrx_word' id='word_1_421' title='bbox 1592 3066 1670 3122; x_wconf 88' lang='lat' dir='ltr'><em>verbi</em></span> <span class='ocrx_word' id='word_1_422' title='bbox 1686 3073 1745 3122; x_wconf 82' lang='lat' dir='ltr'><em>mm</em></span> <span class='ocrx_word' id='word_1_423' title='bbox 1762 3066 1904 3138; x_wconf 89' lang='lat' dir='ltr'><em>simplicis,</em></span> <span class='ocrx_word' id='word_1_424' title='bbox 1921 3074 1979 3122; x_wconf 91' lang='lat' dir='ltr'><em>tum</em></span> 
     </span>
     <span class='ocr_line' id='line_1_31' title="bbox 291 3151 2081 3224; baseline 0.001 -15"><span class='ocrx_word' id='word_1_425' title='bbox 291 3163 431 3209; x_wconf 80' lang='lat' dir='ltr'><em>crementa</em></span> <span class='ocrx_word' id='word_1_426' title='bbox 456 3154 512 3207; x_wconf 87' lang='lat' dir='ltr'><em>sice</em></span> <span class='ocrx_word' id='word_1_427' title='bbox 536 3155 638 3207; x_wconf 84' lang='lat' dir='ltr'><em>virtute</em></span> <span class='ocrx_word' id='word_1_428' title='bbox 660 3153 806 3222; x_wconf 87' lang='lat' dir='ltr'><em>passionis</em></span> <span class='ocrx_word' id='word_1_429' title='bbox 827 3151 933 3207; x_wconf 83' lang='lat' dir='ltr'><em>Christi</em></span> <span class='ocrx_word' id='word_1_430' title='bbox 949 3155 1120 3223; x_wconf 71' lang='lat' dir='ltr'><em>justificari.</em></span> <span class='ocrx_word' id='word_1_431' title='bbox 1148 3151 1235 3224; x_wconf 85' lang='lat' dir='ltr'><em>signis</em></span> <span class='ocrx_word' id='word_1_432' title='bbox 1261 3151 1507 3208; x_wconf 77' lang='lat' dir='ltr'><em>sacramentalibus</em></span> <span class='ocrx_word' id='word_1_433' title='bbox 1530 3151 1622 3208; x_wconf 86' lang='lat' dir='ltr'><em>vestiti</em></span> <span class='ocrx_word' id='word_1_434' title='bbox 1640 3159 1669 3209; x_wconf 90' lang='lat' dir='ltr'><em>et</em></span> <span class='ocrx_word' id='word_1_435' title='bbox 1687 3170 1768 3210; x_wconf 82' lang='lat' dir='ltr'><em>verse</em></span> <span class='ocrx_word' id='word_1_436' title='bbox 1788 3153 1853 3209; x_wconf 83' lang='lat' dir='ltr'><em>fidei</em></span> <span class='ocrx_word' id='word_1_437' title='bbox 1871 3155 1979 3210; x_wconf 87' lang='lat' dir='ltr'><em>relutio-</em></span> <span class='ocrx_word' id='word_1_438' title='bbox 2056 3170 2081 3191; x_wconf 93' lang='grc'><em>·-</em></span> 
     </span>
     <span class='ocr_line' id='line_1_32' title="bbox 293 3238 1979 3310; baseline -0.001 -14"><span class='ocrx_word' id='word_1_439' title='bbox 293 3242 472 3296; x_wconf 85' lang='lat' dir='ltr'><em>Bellnrminns</em></span> <span class='ocrx_word' id='word_1_440' title='bbox 494 3240 635 3308; x_wconf 81' lang='lat' dir='ltr'><em>exclamet,</em></span> <span class='ocrx_word' id='word_1_441' title='bbox 656 3239 845 3295; x_wconf 86' lang='lat' dir='ltr'><em>Chemnicinm</em></span> <span class='ocrx_word' id='word_1_442' title='bbox 862 3242 1036 3310; x_wconf 83' lang='lat' dir='ltr'><em>impudenter</em></span> <span class='ocrx_word' id='word_1_443' title='bbox 1048 3260 1121 3297; x_wconf 85' lang='lat' dir='ltr'><em>men-</em></span> <span class='ocrx_word' id='word_1_444' title='bbox 1147 3256 1218 3294; x_wconf 88' lang='lat' dir='ltr'><em>nem.</em></span> <span class='ocrx_word' id='word_1_445' title='bbox 1244 3238 1332 3294; x_wconf 85' lang='lat' dir='ltr'><em>Recte</em></span> <span class='ocrx_word' id='word_1_446' title='bbox 1349 3255 1415 3310; x_wconf 89' lang='lat' dir='ltr'><em>ergo</em></span> <span class='ocrx_word' id='word_1_447' title='bbox 1433 3239 1513 3294; x_wconf 88' lang='lat' dir='ltr'><em>eddit</em></span> <span class='ocrx_word' id='word_1_448' title='bbox 1523 3238 1714 3295; x_wconf 89' lang='lat' dir='ltr'><em>Chemnicius:</em></span> <span class='ocrx_word' id='word_1_449' title='bbox 1737 3241 1853 3295; x_wconf 84' lang='lat' dir='ltr'><em>Verbum</em></span> <span class='ocrx_word' id='word_1_450' title='bbox 1865 3242 1979 3310; x_wconf 80' lang='lat' dir='ltr'><em>quidem</em></span> 
     </span>
    </p>

    <p class='ocr_par' dir='ltr' id='par_1_15' title="bbox 269 3325 2060 3572">
     <span class='ocr_line' id='line_1_33' title="bbox 269 3325 1980 3396; baseline -0.001 -13"><span class='ocrx_word' id='word_1_451' title='bbox 269 3386 272 3391; x_wconf 64' lang='grc'>,</span> <span class='ocrx_word' id='word_1_452' title='bbox 292 3331 338 3382; x_wconf 85' lang='lat' dir='ltr'><em>tiri</em></span> <span class='ocrx_word' id='word_1_453' title='bbox 355 3338 382 3383; x_wconf 87' lang='lat' dir='ltr'><em>et</em></span> <span class='ocrx_word' id='word_1_454' title='bbox 396 3329 575 3394; x_wconf 86' lang='lat' dir='ltr'><em>calumniari,</em></span> <span class='ocrx_word' id='word_1_455' title='bbox 589 3330 665 3396; x_wconf 84' lang='lat' dir='ltr'><em>quod</em></span> <span class='ocrx_word' id='word_1_456' title='bbox 678 3327 874 3382; x_wconf 79' lang='lat' dir='ltr'><em>Florentinum</em></span> <span class='ocrx_word' id='word_1_457' title='bbox 888 3336 914 3381; x_wconf 89' lang='lat' dir='ltr'><em>et</em></span> <span class='ocrx_word' id='word_1_458' title='bbox 929 3328 1122 3383; x_wconf 87' lang='lat' dir='ltr'><em>Tridentinum</em></span> <span class='ocrx_word' id='word_1_459' title='bbox 1143 3325 1344 3395; x_wconf 66' lang='lat' dir='ltr'><em>momusions&#39;s</em></span> <span class='ocrx_word' id='word_1_460' title='bbox 1363 3344 1401 3380; x_wconf 91' lang='lat' dir='ltr'><em>an</em></span> <span class='ocrx_word' id='word_1_461' title='bbox 1421 3326 1574 3394; x_wconf 78' lang='lat' dir='ltr'><em>Pontificii</em></span> <span class='ocrx_word' id='word_1_462' title='bbox 1590 3329 1754 3396; x_wconf 79' lang='lat' dir='ltr'><em>permittere</em></span> <span class='ocrx_word' id='word_1_463' title='bbox 1770 3328 1870 3394; x_wconf 84' lang='lat' dir='ltr'><em>celirst,</em></span> <span class='ocrx_word' id='word_1_464' title='bbox 1888 3330 1980 3393; x_wconf 78' lang='lat' dir='ltr'><em>fnisse</em></span> 
     </span>
     <span class='ocr_line' id='line_1_34' title="bbox 293 3413 2060 3485; baseline 0 -16"><span class='ocrx_word' id='word_1_465' title='bbox 293 3416 408 3469; x_wconf 78' lang='lat' dir='ltr'><em>ronm&#39;lia</em></span> <span class='ocrx_word' id='word_1_466' title='bbox 422 3415 613 3482; x_wconf 76' lang='lat' dir='ltr'><em>definiverint,</em></span> <span class='ocrx_word' id='word_1_467' title='bbox 624 3422 728 3468; x_wconf 85' lang='lat' dir='ltr'><em>ueteres</em></span> <span class='ocrx_word' id='word_1_468' title='bbox 736 3421 835 3483; x_wconf 86' lang='lat' dir='ltr'><em>patres</em></span> <span class='ocrx_word' id='word_1_469' title='bbox 846 3431 903 3468; x_wconf 91' lang='lat' dir='ltr'><em>non</em></span> <span class='ocrx_word' id='word_1_470' title='bbox 914 3414 1042 3485; x_wconf 74' lang='lat' dir='ltr'><em>habitisse</em></span> <span class='ocrx_word' id='word_1_471' title='bbox 1056 3434 1120 3484; x_wconf 70' lang='lat' dir='ltr'><em>pra·</em></span> <span class='ocrx_word' id='word_1_472' title='bbox 1147 3413 1205 3466; x_wconf 88' lang='lat' dir='ltr'><em>tale</em></span> <span class='ocrx_word' id='word_1_473' title='bbox 1240 3413 1361 3466; x_wconf 82' lang='lat' dir='ltr'><em>medium</em></span> <span class='ocrx_word' id='word_1_474' title='bbox 1395 3429 1444 3466; x_wconf 90' lang='lat' dir='ltr'><em>sea</em></span> <span class='ocrx_word' id='word_1_475' title='bbox 1480 3429 1607 3480; x_wconf 79' lang='lat' dir='ltr'><em>oraenon</em></span> <span class='ocrx_word' id='word_1_476' title='bbox 1642 3422 1764 3482; x_wconf 87' lang='lat' dir='ltr'><em>tempore</em></span> <span class='ocrx_word' id='word_1_477' title='bbox 1802 3415 1831 3471; x_wconf 92' lang='lat' dir='ltr'><em>V.</em></span> <span class='ocrx_word' id='word_1_478' title='bbox 1860 3415 1892 3471; x_wconf 89' lang='lat' dir='ltr'><em>T.</em></span> <span class='ocrx_word' id='word_1_479' title='bbox 1922 3433 1979 3469; x_wconf 86' lang='lat' dir='ltr'><em>nos</em></span> <span class='ocrx_word' id='word_1_480' title='bbox 2057 3464 2060 3472; x_wconf 83' lang='lat'>.</span> 
     </span>
     <span class='ocr_line' id='line_1_35' title="bbox 295 3499 1979 3572; baseline 0.002 -18"><span class='ocrx_word' id='word_1_481' title='bbox 295 3503 355 3554; x_wconf 75' lang='lat' dir='ltr'><em>nam</em></span> <span class='ocrx_word' id='word_1_482' title='bbox 376 3503 437 3555; x_wconf 88' lang='lat' dir='ltr'><em>Dei</em></span> <span class='ocrx_word' id='word_1_483' title='bbox 458 3518 491 3554; x_wconf 83' lang='lat' dir='ltr'><em>ec</em></span> <span class='ocrx_word' id='word_1_484' title='bbox 507 3502 605 3554; x_wconf 84' lang='lat' dir='ltr'><em>merito</em></span> <span class='ocrx_word' id='word_1_485' title='bbox 624 3499 742 3567; x_wconf 75' lang='lat' dir='ltr'><em>Christi,</em></span> <span class='ocrx_word' id='word_1_486' title='bbox 770 3508 819 3554; x_wconf 86' lang='lat' dir='ltr'><em>cat</em></span> <span class='ocrx_word' id='word_1_487' title='bbox 836 3501 966 3554; x_wconf 75' lang='lat' dir='ltr'><em>laeuam</em></span> <span class='ocrx_word' id='word_1_488' title='bbox 983 3518 1044 3555; x_wconf 86' lang='lat' dir='ltr'><em>eam</em></span> <span class='ocrx_word' id='word_1_489' title='bbox 1060 3503 1120 3557; x_wconf 88' lang='lat' dir='ltr'><em>sins</em></span> <span class='ocrx_word' id='word_1_490' title='bbox 1142 3501 1233 3569; x_wconf 84' lang='lat' dir='ltr'><em>plane</em></span> <span class='ocrx_word' id='word_1_491' title='bbox 1249 3501 1325 3569; x_wconf 76' lang='lat' dir='ltr'><em>sci03</em></span> <span class='ocrx_word' id='word_1_492' title='bbox 1345 3503 1381 3554; x_wconf 83' lang='lat' dir='ltr'><em>de</em></span> <span class='ocrx_word' id='word_1_493' title='bbox 1401 3503 1585 3555; x_wconf 85' lang='lat' dir='ltr'><em>sacramentis</em></span> <span class='ocrx_word' id='word_1_494' title='bbox 1604 3510 1691 3566; x_wconf 89' lang='lat' dir='ltr'><em>certe,</em></span> <span class='ocrx_word' id='word_1_495' title='bbox 1711 3502 1810 3572; x_wconf 82' lang='lat' dir='ltr'><em>quibus</em></span> <span class='ocrx_word' id='word_1_496' title='bbox 1827 3504 1979 3571; x_wconf 83' lang='lat' dir='ltr'><em>promissio</em></span> 
     </span>
    </p>

    <p class='ocr_par' dir='ltr' id='par_1_16' title="bbox 295 3585 1980 3657">
     <span class='ocr_line' id='line_1_36' title="bbox 295 3585 1980 3657; baseline 0.001 -15"><span class='ocrx_word' id='word_1_497' title='bbox 295 3591 347 3642; x_wconf 79' lang='lat' dir='ltr'><em>ello</em></span> <span class='ocrx_word' id='word_1_498' title='bbox 365 3606 488 3656; x_wconf 72' lang='lat' dir='ltr'><em>arpano,</em></span> <span class='ocrx_word' id='word_1_499' title='bbox 513 3605 562 3641; x_wconf 86' lang='lat' dir='ltr'><em>seu</em></span> <span class='ocrx_word' id='word_1_500' title='bbox 586 3588 679 3641; x_wconf 86' lang='lat' dir='ltr'><em>medio</em></span> <span class='ocrx_word' id='word_1_501' title='bbox 705 3587 866 3655; x_wconf 87' lang='lat' dir='ltr'><em>applicante</em></span> <span class='ocrx_word' id='word_1_502' title='bbox 886 3585 992 3642; x_wconf 76' lang='lat' dir='ltr'><em>Christi</em></span> <span class='ocrx_word' id='word_1_503' title='bbox 1011 3589 1120 3657; x_wconf 88' lang='lat' dir='ltr'><em>merita,</em></span> <span class='ocrx_word' id='word_1_504' title='bbox 1146 3587 1202 3642; x_wconf 86' lang='lat' dir='ltr'><em>illa</em></span> <span class='ocrx_word' id='word_1_505' title='bbox 1227 3590 1339 3655; x_wconf 75' lang='lat' dir='ltr'><em>pretias</em></span> <span class='ocrx_word' id='word_1_506' title='bbox 1366 3588 1464 3642; x_wconf 82' lang='lat' dir='ltr'><em>diuina</em></span> <span class='ocrx_word' id='word_1_507' title='bbox 1490 3589 1664 3644; x_wconf 84' lang='lat' dir='ltr'><em>institutione</em></span> <span class='ocrx_word' id='word_1_508' title='bbox 1691 3606 1801 3644; x_wconf 79' lang='lat' dir='ltr'><em>sanese</em></span> <span class='ocrx_word' id='word_1_509' title='bbox 1827 3590 1897 3657; x_wconf 60' lang='lat' dir='ltr'><em>susi,</em></span> <span class='ocrx_word' id='word_1_510' title='bbox 1928 3591 1980 3644; x_wconf 87' lang='lat' dir='ltr'><em>hac</em></span> 
     </span>
    </p>

    <p class='ocr_par' dir='ltr' id='par_1_17' title="bbox 294 3672 2005 3919">
     <span class='ocr_line' id='line_1_37' title="bbox 294 3672 2005 3745; baseline 0.002 -17"><span class='ocrx_word' id='word_1_511' title='bbox 294 3693 350 3729; x_wconf 88' lang='lat' dir='ltr'><em>cun</em></span> <span class='ocrx_word' id='word_1_512' title='bbox 369 3672 371 3677; x_wconf 85' lang='grc'><strong>’</strong></span> <span class='ocrx_word' id='word_1_513' title='bbox 389 3674 514 3730; x_wconf 82' lang='lat' dir='ltr'><em>cancslia</em></span> <span class='ocrx_word' id='word_1_514' title='bbox 549 3675 620 3728; x_wconf 84' lang='lat' dir='ltr'><em>nihil</em></span> <span class='ocrx_word' id='word_1_515' title='bbox 656 3675 755 3728; x_wconf 85' lang='lat' dir='ltr'><em>horam</em></span> <span class='ocrx_word' id='word_1_516' title='bbox 787 3674 901 3741; x_wconf 80' lang='lat' dir='ltr'><em>dicam,</em></span> <span class='ocrx_word' id='word_1_517' title='bbox 936 3677 988 3728; x_wconf 89' lang='lat' dir='ltr'><em>secl</em></span> <span class='ocrx_word' id='word_1_518' title='bbox 1014 3684 1121 3730; x_wconf 88' lang='lat' dir='ltr'><em>tantum</em></span> <span class='ocrx_word' id='word_1_519' title='bbox 1148 3675 1211 3728; x_wconf 90' lang='lat' dir='ltr'><em>loco</em></span> <span class='ocrx_word' id='word_1_520' title='bbox 1237 3675 1414 3743; x_wconf 63' lang='lat' dir='ltr'><em>dispansam</em></span> <span class='ocrx_word' id='word_1_521' title='bbox 1438 3674 1484 3728; x_wconf 84' lang='lat' dir='ltr'><em>cni</em></span> <span class='ocrx_word' id='word_1_522' title='bbox 1502 3680 1598 3745; x_wconf 81' lang='lat' dir='ltr'><em>aperte</em></span> <span class='ocrx_word' id='word_1_523' title='bbox 1616 3682 1644 3730; x_wconf 89' lang='lat' dir='ltr'><em>et</em></span> <span class='ocrx_word' id='word_1_524' title='bbox 1661 3676 1720 3731; x_wconf 91' lang='lat' dir='ltr'><em>sine</em></span> <span class='ocrx_word' id='word_1_525' title='bbox 1736 3675 1898 3732; x_wconf 74' lang='lat' dir='ltr'><em>cucmtione</em></span> <span class='ocrx_word' id='word_1_526' title='bbox 1916 3676 1979 3731; x_wconf 94' lang='lat' dir='ltr'><em>Bel·</em></span> <span class='ocrx_word' id='word_1_527' title='bbox 2003 3712 2005 3715; x_wconf 79' lang='lat'><em>.</em></span> 
     </span>
     <span class='ocr_line' id='line_1_38' title="bbox 294 3760 1979 3833; baseline 0.001 -17"><span class='ocrx_word' id='word_1_528' title='bbox 294 3771 427 3828; x_wconf 73' lang='lat' dir='ltr'><em>sumant,</em></span> <span class='ocrx_word' id='word_1_529' title='bbox 446 3762 497 3814; x_wconf 87' lang='lat' dir='ltr'><em>hoc</em></span> <span class='ocrx_word' id='word_1_530' title='bbox 517 3779 575 3814; x_wconf 89' lang='lat' dir='ltr'><em>esse</em></span> <span class='ocrx_word' id='word_1_531' title='bbox 595 3761 745 3815; x_wconf 73' lang='lat' dir='ltr'><em>(beminen</em></span> <span class='ocrx_word' id='word_1_532' title='bbox 765 3761 837 3814; x_wconf 81' lang='lat' dir='ltr'><em>inter</em></span> <span class='ocrx_word' id='word_1_533' title='bbox 854 3771 1029 3816; x_wconf 88' lang='lat' dir='ltr'><em>sacramenta</em></span> <span class='ocrx_word' id='word_1_534' title='bbox 1050 3763 1121 3832; x_wconf 74' lang='lat' dir='ltr'><em>lepis</em></span> <span class='ocrx_word' id='word_1_535' title='bbox 1148 3761 1280 3816; x_wconf 90' lang='lat' dir='ltr'><em>lerminus</em></span> <span class='ocrx_word' id='word_1_536' title='bbox 1301 3760 1467 3831; x_wconf 87' lang='lat' dir='ltr'><em>respondere</em></span> <span class='ocrx_word' id='word_1_537' title='bbox 1493 3761 1625 3830; x_wconf 89' lang='lat' dir='ltr'><em>debehet,</em></span> <span class='ocrx_word' id='word_1_538' title='bbox 1639 3763 1715 3833; x_wconf 60' lang='lat' dir='ltr'><em>,qnid</em></span> <span class='ocrx_word' id='word_1_539' title='bbox 1740 3762 1776 3816; x_wconf 91' lang='lat' dir='ltr'><em>de</em></span> <span class='ocrx_word' id='word_1_540' title='bbox 1799 3763 1979 3832; x_wconf 83' lang='lat' dir='ltr'><em>promissione</em></span> 
     </span>
     <span class='ocr_line' id='line_1_39' title="bbox 294 3846 1796 3919; baseline 0 -17"><span class='ocrx_word' id='word_1_541' title='bbox 294 3850 386 3903; x_wconf 74' lang='lat' dir='ltr'><em>maris</em></span> <span class='ocrx_word' id='word_1_542' title='bbox 414 3856 440 3902; x_wconf 86' lang='lat' dir='ltr'><em>et</em></span> <span class='ocrx_word' id='word_1_543' title='bbox 467 3866 567 3915; x_wconf 84' lang='lat' dir='ltr'><em>nasae,</em></span> <span class='ocrx_word' id='word_1_544' title='bbox 598 3850 673 3917; x_wconf 82' lang='lat' dir='ltr'><em>qnod</em></span> <span class='ocrx_word' id='word_1_545' title='bbox 696 3856 792 3902; x_wconf 89' lang='lat' dir='ltr'><em>nostra</em></span> <span class='ocrx_word' id='word_1_546' title='bbox 817 3849 965 3915; x_wconf 77' lang='lat' dir='ltr'><em>ccesserunt</em></span> <span class='ocrx_word' id='word_1_547' title='bbox 988 3850 1119 3919; x_wconf 72' lang='lat' dir='ltr'><em>qratiam,</em></span> <span class='ocrx_word' id='word_1_548' title='bbox 1148 3848 1254 3919; x_wconf 77' lang='lat' dir='ltr'><em>gratiae</em></span> <span class='ocrx_word' id='word_1_549' title='bbox 1272 3846 1347 3915; x_wconf 82' lang='lat' dir='ltr'><em>(fidei</em></span> <span class='ocrx_word' id='word_1_550' title='bbox 1365 3847 1511 3912; x_wconf 78' lang='lat' dir='ltr'><em>eerrelete)</em></span> <span class='ocrx_word' id='word_1_551' title='bbox 1528 3848 1557 3901; x_wconf 92' lang='lat' dir='ltr'><em>in</em></span> <span class='ocrx_word' id='word_1_552' title='bbox 1577 3848 1611 3903; x_wconf 90' lang='lat' dir='ltr'><em>V.</em></span> <span class='ocrx_word' id='word_1_553' title='bbox 1630 3847 1662 3901; x_wconf 90' lang='lat' dir='ltr'><em>T.</em></span> <span class='ocrx_word' id='word_1_554' title='bbox 1684 3853 1796 3903; x_wconf 73' lang='lat' dir='ltr'><em>statuet.</em></span> 
     </span>
    </p>

    <p class='ocr_par' dir='ltr' id='par_1_18' title="bbox 288 3933 2105 4612">
     <span class='ocr_line' id='line_1_40' title="bbox 294 3933 2066 4005; baseline -0.001 -18"><span class='ocrx_word' id='word_1_555' title='bbox 294 3935 341 3987; x_wconf 81' lang='lat' dir='ltr'><em>sila</em></span> <span class='ocrx_word' id='word_1_556' title='bbox 357 3937 448 3989; x_wconf 88' lang='lat' dir='ltr'><em>sclam</em></span> <span class='ocrx_word' id='word_1_557' title='bbox 467 3951 527 3988; x_wconf 89' lang='lat' dir='ltr'><em>cam</em></span> <span class='ocrx_word' id='word_1_558' title='bbox 545 3935 778 4002; x_wconf 60' lang='lat' dir='ltr'><em>significaverint,</em></span> <span class='ocrx_word' id='word_1_559' title='bbox 797 3951 829 3987; x_wconf 81' lang='lat' dir='ltr'><em>ea</em></span> <span class='ocrx_word' id='word_1_560' title='bbox 847 3952 901 4003; x_wconf 81' lang='lat' dir='ltr'><em>quc</em></span> <span class='ocrx_word' id='word_1_561' title='bbox 920 3937 1043 3989; x_wconf 82' lang='lat' dir='ltr'><em>nondum</em></span> <span class='ocrx_word' id='word_1_562' title='bbox 1057 3954 1119 3990; x_wconf 88' lang='lat' dir='ltr'><em>con-</em></span> <span class='ocrx_word' id='word_1_563' title='bbox 1182 3941 1223 3990; x_wconf 80' lang='lat'><em>6³.</em></span> <span class='ocrx_word' id='word_1_564' title='bbox 1258 3935 1388 3990; x_wconf 87' lang='lat' dir='ltr'><em>Ceterum</em></span> <span class='ocrx_word' id='word_1_565' title='bbox 1414 3942 1446 3989; x_wconf 90' lang='lat' dir='ltr'><em>ut</em></span> <span class='ocrx_word' id='word_1_566' title='bbox 1475 3940 1564 3989; x_wconf 83' lang='lat' dir='ltr'><em>status</em></span> <span class='ocrx_word' id='word_1_567' title='bbox 1590 3934 1758 4005; x_wconf 81' lang='lat' dir='ltr'><em>quaestionis</em></span> <span class='ocrx_word' id='word_1_568' title='bbox 1786 3933 1888 3989; x_wconf 81' lang='lat' dir='ltr'><em>restim</em></span> <span class='ocrx_word' id='word_1_569' title='bbox 1917 3951 1977 4003; x_wconf 89' lang='lat' dir='ltr'><em>per·</em></span> <span class='ocrx_word' id='word_1_570' title='bbox 1991 3945 2066 3985; x_wconf 80' lang='lat' dir='ltr'><em>susus</em></span> 
     </span>
     <span class='ocr_line' id='line_1_41' title="bbox 293 3997 2104 4093; baseline 0.001 -21"><span class='ocrx_word' id='word_1_571' title='bbox 293 4031 433 4092; x_wconf 87' lang='lat' dir='ltr'><em>sequatur,</em></span> <span class='ocrx_word' id='word_1_572' title='bbox 457 4030 560 4075; x_wconf 85' lang='lat' dir='ltr'><em>veteres</em></span> <span class='ocrx_word' id='word_1_573' title='bbox 583 4029 680 4091; x_wconf 85' lang='lat' dir='ltr'><em>patres</em></span> <span class='ocrx_word' id='word_1_574' title='bbox 699 4041 754 4075; x_wconf 90' lang='lat' dir='ltr'><em>non</em></span> <span class='ocrx_word' id='word_1_575' title='bbox 781 4023 911 4075; x_wconf 79' lang='lat' dir='ltr'><em>tabuisse</em></span> <span class='ocrx_word' id='word_1_576' title='bbox 930 4023 1053 4090; x_wconf 72' lang='lat' dir='ltr'><em>gratiam</em></span> <span class='ocrx_word' id='word_1_577' title='bbox 1072 4033 1120 4078; x_wconf 90' lang='lat' dir='ltr'><em>aut</em></span> <span class='ocrx_word' id='word_1_578' title='bbox 1147 4021 1279 4093; x_wconf 73' lang='lat' dir='ltr'><em>sipisim,</em></span> <span class='ocrx_word' id='word_1_579' title='bbox 1305 4019 1457 4075; x_wconf 86' lang='lat' dir='ltr'><em>notendnm</em></span> <span class='ocrx_word' id='word_1_580' title='bbox 1480 4028 1536 4088; x_wconf 88' lang='lat' dir='ltr'><em>est,</em></span> <span class='ocrx_word' id='word_1_581' title='bbox 1563 4026 1585 4076; x_wconf 88' lang='grc'><em>1,</em></span> <span class='ocrx_word' id='word_1_582' title='bbox 1603 4038 1652 4074; x_wconf 91' lang='lat' dir='ltr'><em>nos</em></span> <span class='ocrx_word' id='word_1_583' title='bbox 1678 4036 1853 4090; x_wconf 81' lang='lat' dir='ltr'><em>nequequam</em></span> <span class='ocrx_word' id='word_1_584' title='bbox 1875 4036 1978 4090; x_wconf 79' lang='lat' dir='ltr'><em>negare</em></span> <span class='ocrx_word' id='word_1_585' title='bbox 1991 3997 2104 4088; x_wconf 42' lang='lat' dir='ltr'><em>affl*</em></span> 
     </span>
     <span class='ocr_line' id='line_1_42' title="bbox 293 4099 2094 4191; baseline 0.002 -32"><span class='ocrx_word' id='word_1_586' title='bbox 293 4108 417 4163; x_wconf 70' lang='lat' dir='ltr'><em>inbiasse</em></span> <span class='ocrx_word' id='word_1_587' title='bbox 452 4110 511 4162; x_wconf 90' lang='lat' dir='ltr'><em>sine</em></span> <span class='ocrx_word' id='word_1_588' title='bbox 549 4125 655 4175; x_wconf 73' lang='lat' dir='ltr'><em>organo</em></span> <span class='ocrx_word' id='word_1_589' title='bbox 694 4109 838 4178; x_wconf 84' lang='lat' dir='ltr'><em>applicato</em></span> <span class='ocrx_word' id='word_1_590' title='bbox 870 4109 977 4164; x_wconf 75' lang='lat' dir='ltr'><em>Christi</em></span> <span class='ocrx_word' id='word_1_591' title='bbox 1011 4112 1118 4166; x_wconf 87' lang='lat' dir='ltr'><em>merito.</em></span> <span class='ocrx_word' id='word_1_592' title='bbox 1147 4126 1255 4164; x_wconf 91' lang='lat' dir='ltr'><em>onmem</em></span> <span class='ocrx_word' id='word_1_593' title='bbox 1265 4113 1497 4162; x_wconf 76' lang='lat' dir='ltr'><em>sacramentorum</em></span> <span class='ocrx_word' id='word_1_594' title='bbox 1506 4109 1539 4161; x_wconf 90' lang='lat' dir='ltr'><em>V.</em></span> <span class='ocrx_word' id='word_1_595' title='bbox 1551 4114 1581 4162; x_wconf 93' lang='lat' dir='ltr'><em>et</em></span> <span class='ocrx_word' id='word_1_596' title='bbox 1591 4107 1626 4162; x_wconf 91' lang='lat' dir='ltr'><em>N.</em></span> <span class='ocrx_word' id='word_1_597' title='bbox 1639 4107 1671 4159; x_wconf 85' lang='grc' dir='ltr'><em>Τ.</em></span> <span class='ocrx_word' id='word_1_598' title='bbox 1683 4106 1976 4178; x_wconf 85' lang='lat' dir='ltr'><em>differentiem;egno·</em></span> <span class='ocrx_word' id='word_1_599' title='bbox 1991 4099 2094 4191; x_wconf 52' lang='lat' dir='ltr'><em>:1223ss</em></span> 
     </span>
     <span class='ocr_line' id='line_1_43' title="bbox 292 4191 2078 4267; baseline -0.001 -18"><span class='ocrx_word' id='word_1_600' title='bbox 292 4197 362 4249; x_wconf 90' lang='lat' dir='ltr'><em>Nam</em></span> <span class='ocrx_word' id='word_1_601' title='bbox 389 4197 501 4250; x_wconf 87' lang='lat' dir='ltr'><em>etiamsi</em></span> <span class='ocrx_word' id='word_1_602' title='bbox 522 4213 577 4250; x_wconf 91' lang='lat' dir='ltr'><em>non</em></span> <span class='ocrx_word' id='word_1_603' title='bbox 600 4196 754 4248; x_wconf 86' lang='lat' dir='ltr'><em>hahuerunt</em></span> <span class='ocrx_word' id='word_1_604' title='bbox 779 4213 841 4249; x_wconf 90' lang='lat' dir='ltr'><em>eam</em></span> <span class='ocrx_word' id='word_1_605' title='bbox 862 4213 916 4266; x_wconf 88' lang='lat' dir='ltr'><em>per</em></span> <span class='ocrx_word' id='word_1_606' title='bbox 933 4205 1119 4267; x_wconf 83' lang='lat' dir='ltr'><em>sacramenta,</em></span> <span class='ocrx_word' id='word_1_607' title='bbox 1146 4195 1198 4250; x_wconf 88' lang='lat' dir='ltr'><em>scit</em></span> <span class='ocrx_word' id='word_1_608' title='bbox 1224 4195 1276 4249; x_wconf 86' lang='lat' dir='ltr'><em>hoe</em></span> <span class='ocrx_word' id='word_1_609' title='bbox 1303 4193 1363 4264; x_wconf 89' lang='lat' dir='ltr'><em>ipse</em></span> <span class='ocrx_word' id='word_1_610' title='bbox 1383 4194 1585 4262; x_wconf 88' lang='lat' dir='ltr'><em>Bellerminue,</em></span> <span class='ocrx_word' id='word_1_611' title='bbox 1610 4194 1649 4248; x_wconf 85' lang='lat' dir='ltr'><em>sie</em></span> <span class='ocrx_word' id='word_1_612' title='bbox 1671 4193 1744 4248; x_wconf 90' lang='lat' dir='ltr'><em>enim</em></span> <span class='ocrx_word' id='word_1_613' title='bbox 1767 4193 1865 4248; x_wconf 86' lang='lat' dir='ltr'><em>seribit</em></span> <span class='ocrx_word' id='word_1_614' title='bbox 1881 4191 1933 4247; x_wconf 75' lang='lat' dir='ltr'><em>liu·</em></span> <span class='ocrx_word' id='word_1_615' title='bbox 1952 4200 1976 4248; x_wconf 79' lang='lat'><em>2.</em></span> <span class='ocrx_word' id='word_1_616' title='bbox 1992 4207 2078 4242; x_wconf 74' lang='lat' dir='ltr'><em>mento·</em></span> 
     </span>
     <span class='ocr_line' id='line_1_44' title="bbox 291 4254 2105 4355; baseline -0.001 -20"><span class='ocrx_word' id='word_1_617' title='bbox 291 4291 379 4338; x_wconf 83' lang='lat' dir='ltr'><em>tamen</em></span> <span class='ocrx_word' id='word_1_618' title='bbox 403 4285 559 4337; x_wconf 74' lang='lat' dir='ltr'><em>babrmmtnt</em></span> <span class='ocrx_word' id='word_1_619' title='bbox 573 4299 628 4353; x_wconf 84' lang='lat' dir='ltr'><em>per</em></span> <span class='ocrx_word' id='word_1_620' title='bbox 647 4284 757 4352; x_wconf 84' lang='lat' dir='ltr'><em>fidem,</em></span> <span class='ocrx_word' id='word_1_621' title='bbox 783 4292 815 4336; x_wconf 88' lang='lat' dir='ltr'><em>ut</em></span> <span class='ocrx_word' id='word_1_622' title='bbox 831 4284 916 4336; x_wconf 87' lang='lat' dir='ltr'><em>etiam</em></span> <span class='ocrx_word' id='word_1_623' title='bbox 934 4301 1008 4337; x_wconf 87' lang='lat' dir='ltr'><em>nunc</em></span> <span class='ocrx_word' id='word_1_624' title='bbox 1025 4286 1121 4339; x_wconf 85' lang='lat' dir='ltr'><em>adulti</em></span> <span class='ocrx_word' id='word_1_625' title='bbox 1146 4282 1181 4336; x_wconf 91' lang='lat' dir='ltr'><em>de</em></span> <span class='ocrx_word' id='word_1_626' title='bbox 1198 4298 1313 4336; x_wconf 80' lang='lat' dir='ltr'><em>serrem.</em></span> <span class='ocrx_word' id='word_1_627' title='bbox 1338 4298 1361 4335; x_wconf 87' lang='lat' dir='ltr'><em>a.</em></span> <span class='ocrx_word' id='word_1_628' title='bbox 1381 4286 1421 4337; x_wconf 81' lang='lat' dir='ltr'><em>tt.</em></span> <span class='ocrx_word' id='word_1_629' title='bbox 1442 4279 1468 4355; x_wconf 62' lang='lat' dir='ltr'><em>g.</em></span> <span class='ocrx_word' id='word_1_630' title='bbox 1488 4287 1517 4337; x_wconf 80' lang='lat'><em>2:</em></span> <span class='ocrx_word' id='word_1_631' title='bbox 1539 4280 1672 4335; x_wconf 79' lang='lat' dir='ltr'><em>Convenit</em></span> <span class='ocrx_word' id='word_1_632' title='bbox 1692 4281 1766 4334; x_wconf 88' lang='lat' dir='ltr'><em>inter</em></span> <span class='ocrx_word' id='word_1_633' title='bbox 1784 4280 1937 4334; x_wconf 83' lang='lat' dir='ltr'><em>catholicos</em></span> <span class='ocrx_word' id='word_1_634' title='bbox 1954 4290 1980 4332; x_wconf 89' lang='lat' dir='ltr'><em>st</em></span> <span class='ocrx_word' id='word_1_635' title='bbox 1993 4254 2105 4296; x_wconf 69' lang='lat' dir='ltr'><em>ramum</em></span> 
     </span>
     <span class='ocr_line' id='line_1_45' title="bbox 288 4367 1979 4439; baseline -0.001 -17"><span class='ocrx_word' id='word_1_636' title='bbox 288 4388 338 4437; x_wconf 86' lang='lat' dir='ltr'><em>per</em></span> <span class='ocrx_word' id='word_1_637' title='bbox 361 4371 455 4432; x_wconf 79' lang='lat' dir='ltr'><em>fidem</em></span> <span class='ocrx_word' id='word_1_638' title='bbox 478 4377 504 4422; x_wconf 92' lang='lat' dir='ltr'><em>et</em></span> <span class='ocrx_word' id='word_1_639' title='bbox 528 4369 719 4422; x_wconf 87' lang='lat' dir='ltr'><em>contritionem</em></span> <span class='ocrx_word' id='word_1_640' title='bbox 736 4369 953 4436; x_wconf 61' lang='lat' dir='ltr'><em>justificantia,</em></span> <span class='ocrx_word' id='word_1_641' title='bbox 972 4378 1120 4439; x_wconf 83' lang='lat' dir='ltr'><em>antequem</em></span> <span class='ocrx_word' id='word_1_642' title='bbox 1146 4369 1314 4434; x_wconf 82' lang='lat' dir='ltr'><em>haereticos,</em></span> <span class='ocrx_word' id='word_1_643' title='bbox 1341 4385 1389 4421; x_wconf 76' lang='lat' dir='ltr'><em>see</em></span> <span class='ocrx_word' id='word_1_644' title='bbox 1416 4375 1446 4420; x_wconf 89' lang='lat' dir='ltr'><em>ut</em></span> <span class='ocrx_word' id='word_1_645' title='bbox 1469 4368 1612 4421; x_wconf 86' lang='lat' dir='ltr'><em>minimum</em></span> <span class='ocrx_word' id='word_1_646' title='bbox 1634 4384 1693 4421; x_wconf 82' lang='lat' dir='ltr'><em>esse</em></span> <span class='ocrx_word' id='word_1_647' title='bbox 1713 4367 1888 4436; x_wconf 65' lang='lat' dir='ltr'><em>differentias</em></span> <span class='ocrx_word' id='word_1_648' title='bbox 1906 4368 1979 4421; x_wconf 88' lang='lat' dir='ltr'><em>inter</em></span> 
     </span>
     <span class='ocr_line' id='line_1_46' title="bbox 288 4453 1981 4524; baseline 0.002 -18"><span class='ocrx_word' id='word_1_649' title='bbox 288 4457 405 4524; x_wconf 84' lang='lat' dir='ltr'><em>reipsa</em></span> <span class='ocrx_word' id='word_1_650' title='bbox 429 4457 471 4507; x_wconf 82' lang='lat' dir='ltr'><em>ad</em></span> <span class='ocrx_word' id='word_1_651' title='bbox 491 4463 693 4508; x_wconf 88' lang='lat' dir='ltr'><em>sacramentum</em></span> <span class='ocrx_word' id='word_1_652' title='bbox 716 4457 860 4510; x_wconf 83' lang='lat' dir='ltr'><em>accedunt.</em></span> <span class='ocrx_word' id='word_1_653' title='bbox 896 4455 1120 4524; x_wconf 89' lang='lat' dir='ltr'><em>Respondemus:</em></span> <span class='ocrx_word' id='word_1_654' title='bbox 1146 4463 1323 4509; x_wconf 72' lang='lat' dir='ltr'><em>sacramenta</em></span> <span class='ocrx_word' id='word_1_655' title='bbox 1350 4455 1420 4522; x_wconf 78' lang='lat' dir='ltr'><em>lepis</em></span> <span class='ocrx_word' id='word_1_656' title='bbox 1447 4471 1536 4507; x_wconf 83' lang='lat' dir='ltr'><em>novae</em></span> <span class='ocrx_word' id='word_1_657' title='bbox 1562 4462 1589 4506; x_wconf 91' lang='lat' dir='ltr'><em>et</em></span> <span class='ocrx_word' id='word_1_658' title='bbox 1609 4453 1717 4507; x_wconf 82' lang='lat' dir='ltr'><em>veteris.</em></span> <span class='ocrx_word' id='word_1_659' title='bbox 1762 4454 1876 4520; x_wconf 87' lang='lat' dir='ltr'><em>Prima,</em></span> <span class='ocrx_word' id='word_1_660' title='bbox 1904 4455 1981 4522; x_wconf 78' lang='lat' dir='ltr'><em>quod</em></span> 
     </span>
     <span class='ocr_line' id='line_1_47' title="bbox 290 4540 1979 4612; baseline -0.001 -16"><span class='ocrx_word' id='word_1_661' title='bbox 290 4540 466 4597; x_wconf 86' lang='lat' dir='ltr'><em>Chemnieius</em></span> <span class='ocrx_word' id='word_1_662' title='bbox 495 4557 670 4611; x_wconf 83' lang='lat' dir='ltr'><em>nequequam</em></span> <span class='ocrx_word' id='word_1_663' title='bbox 698 4540 796 4594; x_wconf 87' lang='lat' dir='ltr'><em>tribuit</em></span> <span class='ocrx_word' id='word_1_664' title='bbox 826 4540 870 4595; x_wconf 85' lang='lat' dir='ltr'><em>vel</em></span> <span class='ocrx_word' id='word_1_665' title='bbox 899 4541 1024 4596; x_wconf 87' lang='lat' dir='ltr'><em>conciliis</em></span> <span class='ocrx_word' id='word_1_666' title='bbox 1057 4543 1120 4612; x_wconf 89' lang='lat' dir='ltr'><em>illis,</em></span> <span class='ocrx_word' id='word_1_667' title='bbox 1146 4560 1220 4595; x_wconf 90' lang='lat' dir='ltr'><em>nunc</em></span> <span class='ocrx_word' id='word_1_668' title='bbox 1244 4549 1309 4594; x_wconf 75' lang='lat' dir='ltr'><em>sunt</em></span> <span class='ocrx_word' id='word_1_669' title='bbox 1326 4541 1383 4594; x_wconf 84' lang='lat' dir='ltr'><em>alii</em></span> <span class='ocrx_word' id='word_1_670' title='bbox 1398 4541 1471 4594; x_wconf 80' lang='lat' dir='ltr'><em>ritus</em></span> <span class='ocrx_word' id='word_1_671' title='bbox 1489 4542 1603 4604; x_wconf 69' lang='lat' dir='ltr'><em>emerui,</em></span> <span class='ocrx_word' id='word_1_672' title='bbox 1621 4558 1705 4610; x_wconf 87' lang='lat' dir='ltr'><em>quam</em></span> <span class='ocrx_word' id='word_1_673' title='bbox 1722 4548 1786 4593; x_wconf 86' lang='lat' dir='ltr'><em>tunc</em></span> <span class='ocrx_word' id='word_1_674' title='bbox 1806 4548 1893 4594; x_wconf 71' lang='lat' dir='ltr'><em>mant.</em></span> <span class='ocrx_word' id='word_1_675' title='bbox 1931 4540 1979 4595; x_wconf 80' lang='lat' dir='ltr'><em>Se·</em></span> 
     </span>
    </p>

    <p class='ocr_par' dir='ltr' id='par_1_19' title="bbox 288 4625 1979 4784">
     <span class='ocr_line' id='line_1_48' title="bbox 288 4625 1978 4697; baseline -0.002 -15"><span class='ocrx_word' id='word_1_676' title='bbox 288 4628 330 4683; x_wconf 82' lang='lat' dir='ltr'><em>vel</em></span> <span class='ocrx_word' id='word_1_677' title='bbox 342 4625 503 4694; x_wconf 87' lang='lat' dir='ltr'><em>Pontificiis,</em></span> <span class='ocrx_word' id='word_1_678' title='bbox 525 4627 598 4697; x_wconf 90' lang='lat' dir='ltr'><em>quod</em></span> <span class='ocrx_word' id='word_1_679' title='bbox 617 4627 737 4697; x_wconf 88' lang='lat' dir='ltr'><em>gretiem</em></span> <span class='ocrx_word' id='word_1_680' title='bbox 754 4625 807 4680; x_wconf 90' lang='lat' dir='ltr'><em>Dei</em></span> <span class='ocrx_word' id='word_1_681' title='bbox 826 4633 854 4681; x_wconf 94' lang='lat' dir='ltr'><em>et</em></span> <span class='ocrx_word' id='word_1_682' title='bbox 872 4627 998 4682; x_wconf 88' lang='lat' dir='ltr'><em>meritum</em></span> <span class='ocrx_word' id='word_1_683' title='bbox 1017 4629 1118 4683; x_wconf 89' lang='lat' dir='ltr'><em>Christi</em></span> <span class='ocrx_word' id='word_1_684' title='bbox 1147 4630 1251 4694; x_wconf 78' lang='lat' dir='ltr'><em>menda,</em></span> <span class='ocrx_word' id='word_1_685' title='bbox 1269 4629 1346 4695; x_wconf 80' lang='lat' dir='ltr'><em>qnod</em></span> <span class='ocrx_word' id='word_1_686' title='bbox 1364 4646 1438 4680; x_wconf 87' lang='lat' dir='ltr'><em>nunc</em></span> <span class='ocrx_word' id='word_1_687' title='bbox 1454 4634 1519 4680; x_wconf 91' lang='lat' dir='ltr'><em>sunt</em></span> <span class='ocrx_word' id='word_1_688' title='bbox 1532 4626 1676 4695; x_wconf 85' lang='lat' dir='ltr'><em>pauciora</em></span> <span class='ocrx_word' id='word_1_689' title='bbox 1692 4634 1877 4689; x_wconf 77' lang='lat' dir='ltr'><em>sacramenta,</em></span> <span class='ocrx_word' id='word_1_690' title='bbox 1894 4645 1978 4694; x_wconf 82' lang='lat' dir='ltr'><em>quam</em></span> 
     </span>
     <span class='ocr_line' id='line_1_49' title="bbox 289 4712 1979 4784; baseline -0.001 -16"><span class='ocrx_word' id='word_1_691' title='bbox 289 4715 415 4784; x_wconf 84' lang='lat' dir='ltr'><em>putribus</em></span> <span class='ocrx_word' id='word_1_692' title='bbox 432 4714 466 4769; x_wconf 88' lang='lat' dir='ltr'><em>V.</em></span> <span class='ocrx_word' id='word_1_693' title='bbox 486 4713 519 4766; x_wconf 88' lang='lat' dir='ltr'><em>T.</em></span> <span class='ocrx_word' id='word_1_694' title='bbox 539 4712 702 4781; x_wconf 81' lang='lat' dir='ltr'><em>simpliciter</em></span> <span class='ocrx_word' id='word_1_695' title='bbox 718 4713 864 4784; x_wconf 79' lang='lat' dir='ltr'><em>denegent,</em></span> <span class='ocrx_word' id='word_1_696' title='bbox 881 4713 922 4767; x_wconf 90' lang='lat' dir='ltr'><em>sic</em></span> <span class='ocrx_word' id='word_1_697' title='bbox 938 4715 1010 4769; x_wconf 88' lang='lat' dir='ltr'><em>enim</em></span> <span class='ocrx_word' id='word_1_698' title='bbox 1024 4715 1121 4770; x_wconf 86' lang='lat' dir='ltr'><em>scribit</em></span> <span class='ocrx_word' id='word_1_699' title='bbox 1146 4721 1212 4766; x_wconf 77' lang='lat' dir='ltr'><em>trsnc</em></span> <span class='ocrx_word' id='word_1_700' title='bbox 1239 4721 1320 4766; x_wconf 71' lang='lat' dir='ltr'><em>mant</em></span> <span class='ocrx_word' id='word_1_701' title='bbox 1348 4712 1382 4780; x_wconf 91' lang='lat' dir='ltr'><em>(si</em></span> <span class='ocrx_word' id='word_1_702' title='bbox 1408 4712 1572 4767; x_wconf 78' lang='lat' dir='ltr'><em>sacrementi</em></span> <span class='ocrx_word' id='word_1_703' title='bbox 1597 4730 1649 4767; x_wconf 88' lang='lat' dir='ltr'><em>vox</em></span> <span class='ocrx_word' id='word_1_704' title='bbox 1673 4712 1729 4767; x_wconf 89' lang='lat' dir='ltr'><em>lete</em></span> <span class='ocrx_word' id='word_1_705' title='bbox 1753 4712 1906 4783; x_wconf 76' lang='lat' dir='ltr'><em>accipietur</em></span> <span class='ocrx_word' id='word_1_706' title='bbox 1929 4729 1979 4783; x_wconf 90' lang='lat' dir='ltr'><em>pro</em></span> 
     </span>
    </p>

    <p class='ocr_par' dir='ltr' id='par_1_20' title="bbox 288 4797 1979 4872">
     <span class='ocr_line' id='line_1_50' title="bbox 288 4797 1979 4872; baseline -0.002 -17"><span class='ocrx_word' id='word_1_707' title='bbox 288 4817 347 4872; x_wconf 83' lang='lat' dir='ltr'><em>esp.</em></span> <span class='ocrx_word' id='word_1_708' title='bbox 366 4801 403 4854; x_wconf 89' lang='lat' dir='ltr'><em>de</em></span> <span class='ocrx_word' id='word_1_709' title='bbox 422 4799 511 4853; x_wconf 83' lang='lat' dir='ltr'><em>differ.</em></span> <span class='ocrx_word' id='word_1_710' title='bbox 529 4815 643 4854; x_wconf 79' lang='lat' dir='ltr'><em>sacrem.</em></span> <span class='ocrx_word' id='word_1_711' title='bbox 657 4798 692 4854; x_wconf 89' lang='lat' dir='ltr'><em>V.</em></span> <span class='ocrx_word' id='word_1_712' title='bbox 711 4803 739 4853; x_wconf 89' lang='lat' dir='ltr'><em>et</em></span> <span class='ocrx_word' id='word_1_713' title='bbox 752 4798 785 4853; x_wconf 90' lang='lat' dir='ltr'><em>N.</em></span> <span class='ocrx_word' id='word_1_714' title='bbox 801 4799 833 4853; x_wconf 87' lang='grc' dir='ltr'><em>Τ.</em></span> <span class='ocrx_word' id='word_1_715' title='bbox 852 4818 880 4869; x_wconf 85' lang='lat' dir='ltr'><em>p.</em></span> <span class='ocrx_word' id='word_1_716' title='bbox 902 4806 946 4856; x_wconf 80' lang='lat'><em>19:</em></span> <span class='ocrx_word' id='word_1_717' title='bbox 964 4801 1061 4855; x_wconf 87' lang='lat' dir='ltr'><em>Plisna</em></span> <span class='ocrx_word' id='word_1_718' title='bbox 1078 4809 1120 4855; x_wconf 80' lang='lat' dir='ltr'><em>at</em></span> <span class='ocrx_word' id='word_1_719' title='bbox 1147 4798 1244 4870; x_wconf 80' lang='lat' dir='ltr'><em>quovis</em></span> <span class='ocrx_word' id='word_1_720' title='bbox 1271 4815 1367 4853; x_wconf 87' lang='lat' dir='ltr'><em>seeree</em></span> <span class='ocrx_word' id='word_1_721' title='bbox 1394 4799 1434 4852; x_wconf 88' lang='lat' dir='ltr'><em>rei</em></span> <span class='ocrx_word' id='word_1_722' title='bbox 1459 4799 1553 4869; x_wconf 91' lang='lat' dir='ltr'><em>signo,</em></span> <span class='ocrx_word' id='word_1_723' title='bbox 1584 4797 1760 4852; x_wconf 87' lang='lat' dir='ltr'><em>concedimus</em></span> <span class='ocrx_word' id='word_1_724' title='bbox 1785 4798 1867 4869; x_wconf 88' lang='lat' dir='ltr'><em>plnre</em></span> <span class='ocrx_word' id='word_1_725' title='bbox 1894 4798 1979 4852; x_wconf 82' lang='lat' dir='ltr'><em>tuisse</em></span> 
     </span>
    </p>

    <p class='ocr_par' dir='ltr' id='par_1_21' title="bbox 286 4883 1980 5043">
     <span class='ocr_line' id='line_1_51' title="bbox 286 4883 1980 4956; baseline -0.001 -17"><span class='ocrx_word' id='word_1_726' title='bbox 286 4905 352 4956; x_wconf 80' lang='lat' dir='ltr'><em>que,</em></span> <span class='ocrx_word' id='word_1_727' title='bbox 377 4896 410 4939; x_wconf 88' lang='lat' dir='ltr'><em>nt</em></span> <span class='ocrx_word' id='word_1_728' title='bbox 433 4887 570 4952; x_wconf 88' lang='lat' dir='ltr'><em>arbitror,</em></span> <span class='ocrx_word' id='word_1_729' title='bbox 596 4893 676 4938; x_wconf 79' lang='lat' dir='ltr'><em>entra</em></span> <span class='ocrx_word' id='word_1_730' title='bbox 694 4887 909 4940; x_wconf 74' lang='lat' dir='ltr'><em>contrmtersiam</em></span> <span class='ocrx_word' id='word_1_731' title='bbox 928 4887 1002 4940; x_wconf 88' lang='lat' dir='ltr'><em>inter</em></span> <span class='ocrx_word' id='word_1_732' title='bbox 1020 4891 1119 4943; x_wconf 85' lang='lat' dir='ltr'><em>adaer-</em></span> <span class='ocrx_word' id='word_1_733' title='bbox 1146 4886 1175 4940; x_wconf 93' lang='lat' dir='ltr'><em>in</em></span> <span class='ocrx_word' id='word_1_734' title='bbox 1198 4886 1235 4942; x_wconf 91' lang='lat' dir='ltr'><em>V.</em></span> <span class='ocrx_word' id='word_1_735' title='bbox 1258 4885 1291 4941; x_wconf 89' lang='lat' dir='ltr'><em>T.</em></span> <span class='ocrx_word' id='word_1_736' title='bbox 1315 4890 1488 4939; x_wconf 80' lang='lat' dir='ltr'><em>sacramente</em></span> <span class='ocrx_word' id='word_1_737' title='bbox 1511 4902 1593 4955; x_wconf 90' lang='lat' dir='ltr'><em>quem</em></span> <span class='ocrx_word' id='word_1_738' title='bbox 1619 4884 1648 4938; x_wconf 94' lang='lat' dir='ltr'><em>in</em></span> <span class='ocrx_word' id='word_1_739' title='bbox 1668 4885 1715 4953; x_wconf 88' lang='lat' dir='ltr'><em>N.,</em></span> <span class='ocrx_word' id='word_1_740' title='bbox 1744 4885 1793 4940; x_wconf 93' lang='lat' dir='ltr'><em>sed</em></span> <span class='ocrx_word' id='word_1_741' title='bbox 1816 4884 1845 4939; x_wconf 91' lang='lat' dir='ltr'><em>in</em></span> <span class='ocrx_word' id='word_1_742' title='bbox 1863 4883 1980 4939; x_wconf 88' lang='lat' dir='ltr'><em>ecclesie</em></span> 
     </span>
     <span class='ocr_line' id='line_1_52' title="bbox 286 4969 1977 5043; baseline -0.002 -16"><span class='ocrx_word' id='word_1_743' title='bbox 286 4976 379 5027; x_wconf 85' lang='lat' dir='ltr'><em>sarias</em></span> <span class='ocrx_word' id='word_1_744' title='bbox 398 4973 570 5039; x_wconf 77' lang='lat' dir='ltr'><em>Pontificius</em></span> <span class='ocrx_word' id='word_1_745' title='bbox 589 4981 615 5026; x_wconf 89' lang='lat' dir='ltr'><em>et</em></span> <span class='ocrx_word' id='word_1_746' title='bbox 638 4990 689 5026; x_wconf 89' lang='lat' dir='ltr'><em>nos</em></span> <span class='ocrx_word' id='word_1_747' title='bbox 705 4980 769 5025; x_wconf 88' lang='lat' dir='ltr'><em>sant</em></span> <span class='ocrx_word' id='word_1_748' title='bbox 788 4973 856 5025; x_wconf 87' lang='lat' dir='ltr'><em>haec</em></span> <span class='ocrx_word' id='word_1_749' title='bbox 874 4973 986 5041; x_wconf 85' lang='lat' dir='ltr'><em>capita:</em></span> <span class='ocrx_word' id='word_1_750' title='bbox 1019 4975 1118 5043; x_wconf 75' lang='lat' dir='ltr'><em>Justs&#39;ss,</em></span> <span class='ocrx_word' id='word_1_751' title='bbox 1145 4971 1272 5026; x_wconf 84' lang='lat' dir='ltr'><em>Romane</em></span> <span class='ocrx_word' id='word_1_752' title='bbox 1291 4971 1344 5025; x_wconf 88' lang='lat' dir='ltr'><em>hoe</em></span> <span class='ocrx_word' id='word_1_753' title='bbox 1366 4970 1412 5024; x_wconf 83' lang='lat' dir='ltr'><em>vix</em></span> <span class='ocrx_word' id='word_1_754' title='bbox 1431 4969 1547 5024; x_wconf 90' lang='lat' dir='ltr'><em>hebebit</em></span> <span class='ocrx_word' id='word_1_755' title='bbox 1564 4971 1669 5034; x_wconf 85' lang='lat' dir='ltr'><em>locum,</em></span> <span class='ocrx_word' id='word_1_756' title='bbox 1692 4971 1722 5024; x_wconf 91' lang='lat' dir='ltr'><em>in</em></span> <span class='ocrx_word' id='word_1_757' title='bbox 1741 4988 1796 5042; x_wconf 89' lang='lat' dir='ltr'><em>que</em></span> <span class='ocrx_word' id='word_1_758' title='bbox 1814 4970 1885 5025; x_wconf 80' lang='lat' dir='ltr'><em>teies</em></span> <span class='ocrx_word' id='word_1_759' title='bbox 1904 4987 1977 5024; x_wconf 76' lang='lat' dir='ltr'><em>cere</em></span> 
     </span>
    </p>

    <p class='ocr_par' dir='ltr' id='par_1_22' title="bbox 282 5055 1978 5302">
     <span class='ocr_line' id='line_1_53' title="bbox 284 5055 1978 5129; baseline -0.001 -17"><span class='ocrx_word' id='word_1_760' title='bbox 284 5063 336 5129; x_wconf 77' lang='lat' dir='ltr'><em>qui</em></span> <span class='ocrx_word' id='word_1_761' title='bbox 353 5063 471 5123; x_wconf 69' lang='lat' dir='ltr'><em>riserant</em></span> <span class='ocrx_word' id='word_1_762' title='bbox 488 5067 609 5128; x_wconf 86' lang='lat' dir='ltr'><em>tempore</em></span> <span class='ocrx_word' id='word_1_763' title='bbox 633 5060 662 5113; x_wconf 87' lang='lat' dir='ltr'><em>V.</em></span> <span class='ocrx_word' id='word_1_764' title='bbox 685 5061 731 5125; x_wconf 87' lang='lat' dir='ltr'><em>T.,</em></span> <span class='ocrx_word' id='word_1_765' title='bbox 751 5078 770 5111; x_wconf 91' lang='lat' dir='ltr'><em>a</em></span> <span class='ocrx_word' id='word_1_766' title='bbox 787 5061 851 5112; x_wconf 88' lang='lat' dir='ltr'><em>Dec</em></span> <span class='ocrx_word' id='word_1_767' title='bbox 865 5061 1057 5129; x_wconf 81' lang='lat' dir='ltr'><em>propositam,</em></span> <span class='ocrx_word' id='word_1_768' title='bbox 1075 5079 1117 5115; x_wconf 84' lang='lat' dir='ltr'><em>ec-</em></span> <span class='ocrx_word' id='word_1_769' title='bbox 1146 5058 1254 5112; x_wconf 89' lang='lat' dir='ltr'><em>moniee</em></span> <span class='ocrx_word' id='word_1_770' title='bbox 1274 5056 1303 5111; x_wconf 93' lang='lat' dir='ltr'><em>in</em></span> <span class='ocrx_word' id='word_1_771' title='bbox 1320 5056 1483 5111; x_wconf 89' lang='lat' dir='ltr'><em>immensum</em></span> <span class='ocrx_word' id='word_1_772' title='bbox 1500 5055 1559 5111; x_wconf 87' lang='lat' dir='ltr'><em>fere</em></span> <span class='ocrx_word' id='word_1_773' title='bbox 1577 5064 1769 5125; x_wconf 83' lang='lat' dir='ltr'><em>excreverunt,</em></span> <span class='ocrx_word' id='word_1_774' title='bbox 1794 5056 1902 5126; x_wconf 90' lang='lat' dir='ltr'><em>dequo</em></span> <span class='ocrx_word' id='word_1_775' title='bbox 1919 5058 1978 5125; x_wconf 90' lang='lat' dir='ltr'><em>jem</em></span> 
     </span>
     <span class='ocr_line' id='line_1_54' title="bbox 284 5141 1978 5218; baseline -0.003 -20"><span class='ocrx_word' id='word_1_776' title='bbox 284 5148 412 5206; x_wconf 80' lang='lat' dir='ltr'><em>bibitam,</em></span> <span class='ocrx_word' id='word_1_777' title='bbox 425 5147 524 5199; x_wconf 68' lang='grc' dir='ltr'><em>ἀαιαπι</em></span> <span class='ocrx_word' id='word_1_778' title='bbox 535 5154 560 5199; x_wconf 89' lang='lat' dir='ltr'><em>ct</em></span> <span class='ocrx_word' id='word_1_779' title='bbox 573 5146 705 5199; x_wconf 90' lang='lat' dir='ltr'><em>collatam</em></span> <span class='ocrx_word' id='word_1_780' title='bbox 710 5146 807 5211; x_wconf 86' lang='lat' dir='ltr'><em>fuisse</em></span> <span class='ocrx_word' id='word_1_781' title='bbox 821 5146 953 5214; x_wconf 74' lang='lat' dir='ltr'><em>qratiam,</em></span> <span class='ocrx_word' id='word_1_782' title='bbox 965 5147 1117 5218; x_wconf 83' lang='lat' dir='ltr'><em>justitiam,</em></span> <span class='ocrx_word' id='word_1_783' title='bbox 1146 5144 1212 5198; x_wconf 91' lang='lat' dir='ltr'><em>olim</em></span> <span class='ocrx_word' id='word_1_784' title='bbox 1226 5149 1392 5213; x_wconf 87' lang='lat' dir='ltr'><em>conquestus</em></span> <span class='ocrx_word' id='word_1_785' title='bbox 1403 5142 1579 5213; x_wconf 78' lang='lat' dir='ltr'><em>Augustinus</em></span> <span class='ocrx_word' id='word_1_786' title='bbox 1593 5142 1672 5212; x_wconf 84' lang='lat' dir='ltr'><em>epist</em></span> <span class='ocrx_word' id='word_1_787' title='bbox 1689 5148 1745 5199; x_wconf 84' lang='grc'>118.</span> <span class='ocrx_word' id='word_1_788' title='bbox 1758 5143 1795 5197; x_wconf 87' lang='lat' dir='ltr'><em>ed</em></span> <span class='ocrx_word' id='word_1_789' title='bbox 1806 5141 1920 5197; x_wconf 84' lang='lat' dir='ltr'><em>Jenuer.</em></span> <span class='ocrx_word' id='word_1_790' title='bbox 1948 5141 1978 5196; x_wconf 84' lang='lat' dir='ltr'><em>Si</em></span> 
     </span>
     <span class='ocr_line' id='line_1_55' title="bbox 282 5227 1976 5302; baseline -0.004 -15"><span class='ocrx_word' id='word_1_791' title='bbox 282 5235 403 5287; x_wconf 88' lang='lat' dir='ltr'><em>salutem</em></span> <span class='ocrx_word' id='word_1_792' title='bbox 421 5239 446 5285; x_wconf 87' lang='lat' dir='ltr'><em>et</em></span> <span class='ocrx_word' id='word_1_793' title='bbox 461 5231 545 5284; x_wconf 84' lang='lat' dir='ltr'><em>vitam</em></span> <span class='ocrx_word' id='word_1_794' title='bbox 558 5238 699 5284; x_wconf 86' lang='lat' dir='ltr'><em>aeternam</em></span> <span class='ocrx_word' id='word_1_795' title='bbox 710 5239 829 5300; x_wconf 83' lang='lat' dir='ltr'><em>propter</em></span> <span class='ocrx_word' id='word_1_796' title='bbox 840 5232 969 5302; x_wconf 75' lang='lat' dir='ltr'><em>futuram</em></span> <span class='ocrx_word' id='word_1_797' title='bbox 980 5234 1119 5288; x_wconf 67' lang='lat' dir='ltr'><em>mammam</em></span> <span class='ocrx_word' id='word_1_798' title='bbox 1146 5245 1212 5285; x_wconf 84' lang='lat' dir='ltr'><em>vero</em></span> <span class='ocrx_word' id='word_1_799' title='bbox 1230 5228 1393 5284; x_wconf 83' lang='lat' dir='ltr'><em>recrementi</em></span> <span class='ocrx_word' id='word_1_800' title='bbox 1412 5245 1465 5283; x_wconf 83' lang='lat' dir='ltr'><em>vox</em></span> <span class='ocrx_word' id='word_1_801' title='bbox 1481 5228 1592 5299; x_wconf 88' lang='lat' dir='ltr'><em>proprie</em></span> <span class='ocrx_word' id='word_1_802' title='bbox 1609 5228 1762 5299; x_wconf 75' lang='lat' dir='ltr'><em>accipietur</em></span> <span class='ocrx_word' id='word_1_803' title='bbox 1779 5244 1830 5298; x_wconf 89' lang='lat' dir='ltr'><em>pro</em></span> <span class='ocrx_word' id='word_1_804' title='bbox 1844 5227 1923 5297; x_wconf 86' lang='lat' dir='ltr'><em>signo</em></span> <span class='ocrx_word' id='word_1_805' title='bbox 1936 5227 1976 5281; x_wconf 74' lang='lat' dir='ltr'><em>d&#39;r</em></span> 
     </span>
    </p>

    <p class='ocr_par' dir='ltr' id='par_1_23' title="bbox 281 5313 1978 5644">
     <span class='ocr_line' id='line_1_56' title="bbox 284 5313 1978 5387; baseline -0.001 -16"><span class='ocrx_word' id='word_1_806' title='bbox 284 5319 358 5372; x_wconf 71' lang='lat' dir='ltr'><em>tilii</em></span> <span class='ocrx_word' id='word_1_807' title='bbox 374 5318 560 5372; x_wconf 82' lang='lat' dir='ltr'><em>mediatoris..</em></span> <span class='ocrx_word' id='word_1_808' title='bbox 587 5317 718 5370; x_wconf 79' lang='lat' dir='ltr'><em>Selectos</em></span> <span class='ocrx_word' id='word_1_809' title='bbox 742 5318 814 5370; x_wconf 85' lang='lat' dir='ltr'><em>enim</em></span> <span class='ocrx_word' id='word_1_810' title='bbox 831 5318 927 5384; x_wconf 66' lang='lat' dir='ltr'><em>subse</em></span> <span class='ocrx_word' id='word_1_811' title='bbox 943 5325 1035 5387; x_wconf 84' lang='lat' dir='ltr'><em>justos</em></span> <span class='ocrx_word' id='word_1_812' title='bbox 1054 5328 1119 5373; x_wconf 87' lang='lat' dir='ltr'><em>tem-</em></span> <span class='ocrx_word' id='word_1_813' title='bbox 1147 5315 1250 5369; x_wconf 81' lang='lat' dir='ltr'><em>vinitus</em></span> <span class='ocrx_word' id='word_1_814' title='bbox 1279 5315 1422 5376; x_wconf 86' lang='lat' dir='ltr'><em>instituto,</em></span> <span class='ocrx_word' id='word_1_815' title='bbox 1459 5313 1504 5369; x_wconf 89' lang='lat' dir='ltr'><em>cui</em></span> <span class='ocrx_word' id='word_1_816' title='bbox 1532 5314 1676 5384; x_wconf 88' lang='lat' dir='ltr'><em>promissio</em></span> <span class='ocrx_word' id='word_1_817' title='bbox 1705 5314 1812 5386; x_wconf 89' lang='lat' dir='ltr'><em>gretiee</em></span> <span class='ocrx_word' id='word_1_818' title='bbox 1842 5314 1978 5385; x_wconf 75' lang='lat' dir='ltr'><em>evangelii</em></span> 
     </span>
     <span class='ocr_line' id='line_1_57' title="bbox 281 5399 1976 5475; baseline -0.004 -15"><span class='ocrx_word' id='word_1_819' title='bbox 281 5424 352 5475; x_wconf 83' lang='lat' dir='ltr'><em>pore</em></span> <span class='ocrx_word' id='word_1_820' title='bbox 386 5406 416 5458; x_wconf 88' lang='lat' dir='ltr'><em>V.</em></span> <span class='ocrx_word' id='word_1_821' title='bbox 449 5405 479 5457; x_wconf 89' lang='grc' dir='ltr'><em>Τ.</em></span> <span class='ocrx_word' id='word_1_822' title='bbox 509 5420 541 5456; x_wconf 83' lang='lat' dir='ltr'><em>ee</em></span> <span class='ocrx_word' id='word_1_823' title='bbox 564 5402 714 5472; x_wconf 79' lang='lat' dir='ltr'><em>Scriptura</em></span> <span class='ocrx_word' id='word_1_824' title='bbox 736 5404 919 5457; x_wconf 85' lang='lat' dir='ltr'><em>certissimum</em></span> <span class='ocrx_word' id='word_1_825' title='bbox 939 5413 986 5459; x_wconf 83' lang='lat' dir='ltr'><em>est.</em></span> <span class='ocrx_word' id='word_1_826' title='bbox 1029 5407 1118 5461; x_wconf 86' lang='lat' dir='ltr'><em>Nemo</em></span> <span class='ocrx_word' id='word_1_827' title='bbox 1145 5402 1273 5472; x_wconf 77' lang='lat' dir='ltr'><em>propriae</em></span> <span class='ocrx_word' id='word_1_828' title='bbox 1295 5401 1389 5455; x_wconf 89' lang='lat' dir='ltr'><em>divine</em></span> <span class='ocrx_word' id='word_1_829' title='bbox 1412 5400 1584 5456; x_wconf 82' lang='lat' dir='ltr'><em>ordinatione</em></span> <span class='ocrx_word' id='word_1_830' title='bbox 1607 5417 1726 5465; x_wconf 84' lang='lat' dir='ltr'><em>enuere,</em></span> <span class='ocrx_word' id='word_1_831' title='bbox 1751 5399 1866 5454; x_wconf 90' lang='lat' dir='ltr'><em>dicimus</em></span> <span class='ocrx_word' id='word_1_832' title='bbox 1890 5405 1918 5453; x_wconf 91' lang='lat' dir='ltr'><em>et</em></span> <span class='ocrx_word' id='word_1_833' title='bbox 1942 5400 1976 5455; x_wconf 93' lang='lat' dir='ltr'><em>V.</em></span> 
     </span>
     <span class='ocr_line' id='line_1_58' title="bbox 284 5484 1976 5562; baseline -0.002 -19"><span class='ocrx_word' id='word_1_834' title='bbox 284 5499 375 5544; x_wconf 80' lang='lat' dir='ltr'><em>autem</em></span> <span class='ocrx_word' id='word_1_835' title='bbox 404 5491 531 5543; x_wconf 76' lang='lat' dir='ltr'><em>salvatur</em></span> <span class='ocrx_word' id='word_1_836' title='bbox 553 5490 613 5542; x_wconf 90' lang='lat' dir='ltr'><em>sine</em></span> <span class='ocrx_word' id='word_1_837' title='bbox 634 5488 730 5556; x_wconf 77' lang='lat' dir='ltr'><em>pratia</em></span> <span class='ocrx_word' id='word_1_838' title='bbox 751 5490 823 5554; x_wconf 88' lang='lat' dir='ltr'><em>Dei,</em></span> <span class='ocrx_word' id='word_1_839' title='bbox 849 5490 903 5544; x_wconf 87' lang='lat' dir='ltr'><em>illa</em></span> <span class='ocrx_word' id='word_1_840' title='bbox 919 5501 1118 5562; x_wconf 71' lang='lat' dir='ltr'><em>sarapropter</em></span> <span class='ocrx_word' id='word_1_841' title='bbox 1145 5495 1173 5542; x_wconf 89' lang='lat' dir='ltr'><em>et</em></span> <span class='ocrx_word' id='word_1_842' title='bbox 1197 5487 1230 5542; x_wconf 86' lang='lat' dir='ltr'><em>N.</em></span> <span class='ocrx_word' id='word_1_843' title='bbox 1251 5487 1283 5543; x_wconf 84' lang='grc' dir='ltr'><em>Τ.</em></span> <span class='ocrx_word' id='word_1_844' title='bbox 1308 5495 1480 5543; x_wconf 77' lang='lat' dir='ltr'><em>sacramente</em></span> <span class='ocrx_word' id='word_1_845' title='bbox 1505 5487 1611 5542; x_wconf 86' lang='lat' dir='ltr'><em>bineria</em></span> <span class='ocrx_word' id='word_1_846' title='bbox 1638 5505 1751 5542; x_wconf 85' lang='lat' dir='ltr'><em>numero</em></span> <span class='ocrx_word' id='word_1_847' title='bbox 1774 5484 1976 5555; x_wconf 86' lang='lat' dir='ltr'><em>comprehendi,</em></span> 
     </span>
     <span class='ocr_line' id='line_1_59' title="bbox 283 5572 1977 5644; baseline -0.002 -16"><span class='ocrx_word' id='word_1_848' title='bbox 283 5578 375 5630; x_wconf 82' lang='lat' dir='ltr'><em>solam</em></span> <span class='ocrx_word' id='word_1_849' title='bbox 400 5578 570 5630; x_wconf 81' lang='lat' dir='ltr'><em>benedictum</em></span> <span class='ocrx_word' id='word_1_850' title='bbox 588 5592 679 5629; x_wconf 74' lang='lat' dir='ltr'><em>senen</em></span> <span class='ocrx_word' id='word_1_851' title='bbox 693 5576 866 5644; x_wconf 83' lang='lat' dir='ltr'><em>promittitur</em></span> <span class='ocrx_word' id='word_1_852' title='bbox 886 5585 911 5631; x_wconf 90' lang='lat' dir='ltr'><em>et</em></span> <span class='ocrx_word' id='word_1_853' title='bbox 930 5579 1023 5632; x_wconf 76' lang='lat' dir='ltr'><em>datm.</em></span> <span class='ocrx_word' id='word_1_854' title='bbox 1063 5580 1118 5634; x_wconf 78' lang='lat' dir='ltr'><em>Est</em></span> <span class='ocrx_word' id='word_1_855' title='bbox 1145 5580 1176 5628; x_wconf 91' lang='lat' dir='ltr'><em>ut</em></span> <span class='ocrx_word' id='word_1_856' title='bbox 1206 5572 1352 5644; x_wconf 89' lang='lat' dir='ltr'><em>spperehit</em></span> <span class='ocrx_word' id='word_1_857' title='bbox 1378 5590 1428 5628; x_wconf 89' lang='lat' dir='ltr'><em>suo</em></span> <span class='ocrx_word' id='word_1_858' title='bbox 1451 5574 1533 5639; x_wconf 89' lang='lat' dir='ltr'><em>loco).</em></span> <span class='ocrx_word' id='word_1_859' title='bbox 1577 5574 1686 5635; x_wconf 84' lang='lat' dir='ltr'><em>Tertia,</em></span> <span class='ocrx_word' id='word_1_860' title='bbox 1708 5574 1785 5639; x_wconf 79' lang='lat' dir='ltr'><em>quod</em></span> <span class='ocrx_word' id='word_1_861' title='bbox 1799 5572 1857 5625; x_wconf 88' lang='lat' dir='ltr'><em>sint</em></span> <span class='ocrx_word' id='word_1_862' title='bbox 1878 5580 1977 5626; x_wconf 78' lang='lat' dir='ltr'><em>nostm</em></span> 
     </span>
    </p>

    <p class='ocr_par' dir='ltr' id='par_1_24' title="bbox 282 5658 1976 5734">
     <span class='ocr_line' id='line_1_60' title="bbox 282 5658 1976 5734; baseline -0.003 -17"><span class='ocrx_word' id='word_1_863' title='bbox 282 5673 309 5717; x_wconf 84' lang='lat' dir='ltr'><em>ct</em></span> <span class='ocrx_word' id='word_1_864' title='bbox 334 5665 386 5718; x_wconf 87' lang='lat' dir='ltr'><em>hoc</em></span> <span class='ocrx_word' id='word_1_865' title='bbox 409 5671 487 5717; x_wconf 82' lang='lat' dir='ltr'><em>ectra</em></span> <span class='ocrx_word' id='word_1_866' title='bbox 511 5661 742 5730; x_wconf 84' lang='lat' dir='ltr'><em>controuersiam,</em></span> <span class='ocrx_word' id='word_1_867' title='bbox 765 5679 822 5716; x_wconf 90' lang='lat' dir='ltr'><em>non</em></span> <span class='ocrx_word' id='word_1_868' title='bbox 838 5663 927 5716; x_wconf 88' lang='lat' dir='ltr'><em>aliam</em></span> <span class='ocrx_word' id='word_1_869' title='bbox 944 5665 1037 5728; x_wconf 76' lang='lat' dir='ltr'><em>fuisse</em></span> <span class='ocrx_word' id='word_1_870' title='bbox 1053 5683 1118 5734; x_wconf 82' lang='lat' dir='ltr'><em>pra·</em></span> <span class='ocrx_word' id='word_1_871' title='bbox 1143 5661 1297 5729; x_wconf 68' lang='lat' dir='ltr'><em>surdiora,</em></span> <span class='ocrx_word' id='word_1_872' title='bbox 1322 5667 1353 5714; x_wconf 88' lang='lat' dir='ltr'><em>at</em></span> <span class='ocrx_word' id='word_1_873' title='bbox 1375 5668 1458 5727; x_wconf 81' lang='lat' dir='ltr'><em>patet</em></span> <span class='ocrx_word' id='word_1_874' title='bbox 1486 5661 1523 5713; x_wconf 81' lang='lat' dir='ltr'><em>ds</em></span> <span class='ocrx_word' id='word_1_875' title='bbox 1550 5659 1758 5712; x_wconf 83' lang='lat' dir='ltr'><em>es&#39;rcumciss&#39;one</em></span> <span class='ocrx_word' id='word_1_876' title='bbox 1787 5665 1813 5712; x_wconf 88' lang='lat' dir='ltr'><em>st</em></span> <span class='ocrx_word' id='word_1_877' title='bbox 1832 5658 1976 5729; x_wconf 84' lang='lat' dir='ltr'><em>baptismo.</em></span> 
     </span>
    </p>

    <p class='ocr_par' dir='ltr' id='par_1_25' title="bbox 280 5744 1975 5821">
     <span class='ocr_line' id='line_1_61' title="bbox 280 5744 1975 5821; baseline -0.001 -19"><span class='ocrx_word' id='word_1_878' title='bbox 280 5748 352 5803; x_wconf 83' lang='lat' dir='ltr'><em>tiam</em></span> <span class='ocrx_word' id='word_1_879' title='bbox 378 5766 466 5819; x_wconf 72' lang='lat' dir='ltr'><em>nequis</em></span> <span class='ocrx_word' id='word_1_880' title='bbox 492 5751 575 5804; x_wconf 87' lang='lat' dir='ltr'><em>stiam</em></span> <span class='ocrx_word' id='word_1_881' title='bbox 600 5749 689 5804; x_wconf 89' lang='lat' dir='ltr'><em>aliam</em></span> <span class='ocrx_word' id='word_1_882' title='bbox 712 5749 817 5815; x_wconf 82' lang='lat' dir='ltr'><em>fidem,</em></span> <span class='ocrx_word' id='word_1_883' title='bbox 846 5767 902 5821; x_wconf 82' lang='lat' dir='ltr'><em>qua</em></span> <span class='ocrx_word' id='word_1_884' title='bbox 923 5751 1029 5806; x_wconf 79' lang='lat' dir='ltr'><em>sulcati</em></span> <span class='ocrx_word' id='word_1_885' title='bbox 1053 5761 1119 5807; x_wconf 82' lang='lat' dir='ltr'><em>sant</em></span> <span class='ocrx_word' id='word_1_886' title='bbox 1147 5751 1270 5817; x_wconf 80' lang='lat' dir='ltr'><em>Quarta,</em></span> <span class='ocrx_word' id='word_1_887' title='bbox 1288 5750 1365 5817; x_wconf 74' lang='lat' dir='ltr'><em>meod</em></span> <span class='ocrx_word' id='word_1_888' title='bbox 1381 5755 1479 5803; x_wconf 87' lang='lat' dir='ltr'><em>nostra</em></span> <span class='ocrx_word' id='word_1_889' title='bbox 1497 5747 1552 5804; x_wconf 87' lang='lat' dir='ltr'><em>sint</em></span> <span class='ocrx_word' id='word_1_890' title='bbox 1573 5744 1730 5814; x_wconf 86' lang='lat' dir='ltr'><em>nobiliora,</em></span> <span class='ocrx_word' id='word_1_891' title='bbox 1748 5746 1847 5801; x_wconf 88' lang='lat' dir='ltr'><em>saltem</em></span> <span class='ocrx_word' id='word_1_892' title='bbox 1864 5746 1975 5803; x_wconf 80' lang='lat' dir='ltr'><em>ratione</em></span> 
     </span>
    </p>
   </div>
   <div class='ocr_carea' id='block_1_4' title="bbox 0 0 2404 6659">
    <p class='ocr_par' dir='ltr' id='par_1_26' title="bbox 0 0 2404 6659">
     <span class='ocr_line' id='line_1_62' title="bbox 0 0 2404 6659; baseline 0 0"><span class='ocrx_word' id='word_1_893' title='bbox 0 0 2404 6659; x_wconf 95' lang='lat' dir='ltr'><em> </em></span> 
     </span>
    </p>
   </div>
  </div>
 </body>
</html>
