4800 6659
967 665 1019 721 Du
1038 662 1160 722 mono
1177 662 1379 726 numano,
1406 719 1408 725 .
1962 667 2023 733 303

325 835 394 875 uua·
411 820 505 893 specie
534 825 601 878 sect.
629 824 653 877 3.
681 819 793 889 statuit,
821 820 966 892 apostolos
991 824 1033 876 ad
1059 830 1164 891 tempus
1192 821 1317 890 Spiritus
1344 821 1444 876 sandi.
1482 820 1532 877 Sic
1559 822 1632 877 enim
1655 818 1750 878 τίοσαίί
1773 829 1799 876 st
1823 820 1947 876 tradidit
1965 822 2027 877 Do-

326 908 422 975 ipsam
444 908 620 963 esseuts'alsm
638 908 784 963 uerborum
800 910 925 972 samsom
944 916 1084 981 mutasse,
1104 908 1164 977 qui·
1190 909 1282 961 minus
1307 916 1401 962 noster
1424 910 1512 962 Jesus
1538 906 1719 965 Christus*
1752 907 1891 963 Aureolus
1909 914 1934 962 t.
1953 912 2024 987 seut.

218 1000 250 1042 [L
265 999 314 1042 ¹⁴¹·
329 994 380 1047 brus
403 991 533 1049 Christus
554 1004 759 1049 sacramentum
783 996 917 1065 baptismi
939 997 1165 1050 administratum
1190 993 1253 1049 dist.
1273 999 1297 1049 3.
1324 996 1434 1050 statuit:
1462 996 1669 1066 Dispensutum
1691 996 1782 1061 fuisse
1806 1013 1867 1049 eum
1886 994 2025 1064 apostolis

327 1081 464 1151 αοίτιονίί,
484 1099 547 1136 mum
565 1080 693 1135 Christum
703 1082 823 1150 jusserit
841 1082 984 1151 baptisare
1002 1084 1033 1136 in
1052 1081 1162 1136 nomine
1189 1079 1220 1133 in
1240 1080 1373 1150 baptismi
1390 1083 1487 1148 forma
1504 1084 1546 1136 ad
1563 1083 1686 1151 pluriam
1702 1083 1822 1135 nominis
1842 1081 1953 1138 Christi.

328 1166 438 1232 Putris,
456 1167 531 1221 titii
550 1176 576 1221 st
589 1167 715 1237 Spiritus
733 1168 832 1236 sancti,
850 1168 899 1221 illi
915 1185 981 1222 uero
993 1169 1163 1237 baptizarunt
1225 1172 1266 1222 92.
1289 1167 1466 1233 Discedimus
1490 1168 1606 1238 proinde
1633 1168 1671 1224 ab
1687 1167 1822 1232 omuibus,
1841 1167 1889 1239 qui
1906 1168 2023 1222 sormam
2036 1175 2129 1217 ames·

326 1256 361 1307 in
388 1254 500 1310 nomine
530 1255 603 1308 Jent
633 1256 740 1311 Christi
769 1264 890 1321 tuntum,
921 1272 976 1324 quo
1003 1254 1080 1309 illud
1112 1254 1163 1306 hoc
1189 1253 1336 1307 verborum
1366 1271 1384 1310 a
1410 1254 1519 1310 Christo
1547 1255 1747 1327 praescriptam
1779 1269 1849 1310 ausu
1877 1253 2023 1311 tsmmsrio
2036 1228 2133 1320 iiiii„

327 1341 413 1393 σοοιίο
436 1340 578 1394 illustrius
602 1343 820 1411 telematiusque
844 1344 1004 1399 redderent.
1041 1340 1097 1397 Sed
1117 1358 1162 1395 ne·
1189 1347 1338 1396 mutarunt.
1374 1345 1399 1397 1.
1417 1342 1538 1395 Marcus
1559 1343 1716 1397 haereticus
1734 1341 1876 1397 Valentini
1901 1332 2152 1414 δίοοίραΜωωΙ·

327 1442 472 1499 quaquam
495 1427 640 1498 probabile
663 1435 720 1497 est,
745 1428 886 1499 apostolos
908 1428 1036 1483 sverbis
1054 1427 1163 1482 institu-
1189 1427 1233 1481 lus
1256 1443 1320 1482 cum
1343 1428 1400 1481 suis
1425 1427 1608 1483 sectatoribus
1636 1430 1666 1482 in
1691 1446 1791 1483 nomen
1815 1428 1905 1499 ipnoti
1922 1428 2023 1483 Patris

326 1512 413 1568 tionis
435 1512 472 1568 ab
498 1512 559 1585 ipso
578 1512 687 1569 Christo
705 1513 883 1585 praescriptis
902 1513 1075 1581 discessisse,
1099 1529 1162 1568 cum
1190 1515 1320 1584 omnium,
1338 1517 1368 1568 in
1385 1517 1529 1569 veritatem
1547 1524 1662 1570 matrem
1683 1517 1813 1585 omnium,
1833 1524 1860 1569 et
1876 1517 2025 1571 innomen

327 1616 397 1655 voco
425 1599 541 1655 coelitus
567 1600 659 1655 delata
688 1617 750 1656 eum
778 1601 875 1655 audire
901 1606 930 1656 et
956 1599 1035 1673 sequi
1059 1600 1164 1656 luerint
1189 1602 1387 1656 descendentis
1404 1603 1435 1655 in
1451 1603 1522 1656 Jesu
1537 1604 1756 1657 adunationem
1778 1611 1804 1657 et
1827 1603 2024 1657 redemtionem

325 1686 408 1758 jussi.
438 1686 515 1757 Ergo
533 1685 620 1743 verba
637 1687 824 1759 evangelistae
836 1688 931 1743 Lucae
949 1687 1060 1742 non-de
1080 1704 1164 1742 causa
1190 1696 1217 1741 st
1248 1688 1464 1742 communionem
1499 1690 1630 1743 vir-tutum
1658 1690 1833 1760 baptizabat,
1868 1693 1905 1749 είς
1934 1687 2025 1763 ὄνομα

325 1772 447 1841 formali,
466 1773 516 1828 sed
534 1771 672 1830 efficiente
689 1779 718 1829 et
734 1772 820 1839 finali,
838 1774 1096 1844 necdispensative,
1114 1775 1163 1829 sed
1190 1772 1335 1842 ἀγνώστου
1364 1773 1468 1848 πατρὸς
1493 1780 1547 1829 τῶν
1573 1776 1660 1844 ὅλοιν,
1689 1780 1728 1837 είς
1758 1775 1893 1844 ἀλήθειαν
1920 1779 2026 1851 μηίίριτ

325 1859 474 1915 recitative
493 1859 675 1931 intelligenda
691 1866 769 1927 sunt,
795 1859 848 1915 hoo
868 1866 910 1916 est
927 1878 982 1915 non
1001 1860 1164 1931 exprimitur
1190 1859 1319 1924 πάντων,
1341 1864 1380 1921 είς
1405 1861 1453 1914 τὸν
1477 1862 1647 1938 ιιατελθόντα
1666 1867 1705 1923 είς
1721 1862 1842 1931 Ἰησοῦν,
1867 1866 1906 1923 είς
1927 1861 2028 1918 ἕνωσιν

320 1946 376 2002 ¹hic
401 1945 550 2001 verborum
567 1948 671 2016 forms,
692 1964 748 2019 qua
768 1945 887 2017 apostoli
905 1947 1010 2003 fuerint
1028 1947 1086 2014 usi,
1114 1947 1164 2001 sed
1191 1950 1238 2000 nal
1273 1944 1467 2018 ἀπολύτρωσιν
1502 1952 1549 2001 καλ
1585 1955 1736 2002 κοινωνίαν
1773 1954 1830 2004 τῶν
1868 1947 2027 2016 δυνάμεων.

328 2032 459 2102 docetur,
485 2049 531 2089 eos
554 2030 584 2085 in
601 2032 703 2088 Christi
729 2033 840 2089 nomine
858 2033 1027 2104 baptismum
1047 2032 1164 2087 admini-
1192 2029 1328 2087 &lauder
1355 2036 1427 2088 cent.
1452 2037 1477 2088 2.
1501 2032 1564 2087 bist
1588 2032 1685 2089 eccles.
1708 2033 1756 2089 fol.
1781 2040 1824 2090 tl.
1849 2030 2027 2090 ”alsonus

328 2126 440 2187 straus,
459 2119 545 2191 inque
560 2117 653 2186 fidem,
672 2120 832 2195 docuinam,
845 2120 1014 2193 agnitionem
1026 2127 1054 2176 et
1065 2100 1226 2184 nomenlde
1252 2117 1348 2173 Castro
1375 2118 1423 2175 lib.
1452 2123 1475 2174 3.
1507 2118 1570 2174 adr.
1599 2118 1726 2174 haereses
1758 2120 1843 2175 umbo
1873 2119 2027 2190 baptismus

327 2205 432 2262 Christi
451 2205 624 2277 baptizasse,
648 2210 680 2260 ut
697 2205 750 2261 hac
770 2205 877 2261 rationo
897 2206 1032 2278 baptizati
1053 2204 1163 2260 Christo
1190 2202 1296 2261 haeres.
1316 2210 1343 2260 λε
1366 2206 1488 2268 Quidam
1505 2205 1546 2259 sic
1563 2206 1721 2276 baptisante
1755 2203 1789 2258 In
1807 2204 1918 2261 nomino
1936 2205 2026 2278 ignoti

326 2292 435 2347 fuerint
456 2291 586 2364 obligati,
613 2309 695 2363 quem
712 2309 763 2363 pro
780 2292 863 2347 unico
881 2292 1033 2348 mediatore
1051 2309 1085 2346 ac
1102 2308 1163 2362 pro
1190 2290 1282 2346 Patris
1303 2292 1425 2347 omnium
1448 2298 1477 2349 et
1502 2295 1620 2348 verimte
1643 2292 1766 2346 omnium
1783 2299 1871 2347 matrs
1892 2298 1921 2347 et
1939 2292 1970 2347 iu
1988 2305 2023 2348 oo

327 2378 415 2433 misso
428 2378 531 2433 Massia
541 2385 724 2449 agnoscerent
735 2385 763 2435 et
774 2379 905 2448 colerent,
923 2384 1021 2450 utpote
1037 2378 1067 2432 in
1083 2379 1165 2447 cujus
1190 2378 1238 2448 qui
1257 2377 1401 2433 descendit
1417 2380 1447 2433 in
1464 2380 1541 2436 Jesu.
1573 2380 1617 2433 Hi
1634 2386 1699 2432 sunt
1716 2378 1868 2447 Maraitae,
1887 2378 2026 2449 discipuli

320 2473 446 2520 «mortem
458 2466 582 2532 suerunt
602 2465 737 2534 baptizati
753 2465 832 2522 Rom.
854 2471 884 2535 6,
903 2483 929 2522 a.
949 2471 973 2521 3.
999 2465 1115 2537 perinde
1133 2472 1166 2519 ut
1192 2466 1292 2519 Murci
1317 2467 1467 2535 cuiusdam
1491 2466 1618 2535 παρίασι
1645 2465 1717 2518 οτίίι
1740 2465 1842 2535 periti,
1870 2463 1922 2534 qui
1948 2464 2026 2518 ciros

327 2552 474 2607 Isrsiilitae
498 2551 631 2606 dicuntur
655 2552 685 2606 in
703 2552 823 2622 Moysen
843 2553 978 2623 baptisati
997 2558 1021 2609 1.
1041 2551 1103 2608 (lor.
1125 2559 1164 2617 10,
1191 2559 1319 2623 tempora
1338 2554 1530 2622 apostolorum
1546 2553 1619 2621 fuit,
1644 2553 1680 2606 de
1696 2568 1751 2622 quo
1768 2552 1934 2605 mentionem
1950 2550 2027 2615 fusi

328 2656 355 2692 v.
375 2645 400 2695 λ.
425 2638 477 2694 hoc
494 2644 537 2695 est
555 2655 607 2709 per
624 2655 701 2694 mare
719 2639 834 2694 rubrum
853 2656 871 2694 a
888 2638 986 2711 Moyse
1004 2638 1082 2694 ducti
1100 2644 1166 2693 sunt
1191 2639 1328 2693 Irsnoeus
1349 2640 1398 2697 lib.
1418 2643 1443 2693 1.
1467 2641 1532 2694 adu.
1549 2640 1627 2694 haer.
1645 2656 1668 2694 c.
1688 2642 1711 2692 8.
1731 2646 1758 2692 et
1778 2638 1916 2693 Eusebius
1933 2638 1982 2693 ht.
2000 2640 2026 2693 ί.

328 2725 389 2797 (qni
415 2725 548 2780 hansitus
574 2723 627 2779 fuit
653 2724 784 2795 baptismi
809 2729 905 2797 typus)
932 2730 1018 2797 atque
1045 2742 1078 2780 eo
1104 2724 1164 2795 ipso
1191 2725 1255 2779 hist.
1286 2726 1380 2781 οσολοι.
1405 2744 1428 2781 c.
1449 2730 1491 2784 11.
1527 2726 1586 2781 Hic
1613 2727 1686 2781 enim
1703 2727 1823 2779 Morcus
1846 2726 1919 2779 inter
1942 2724 2025 2793 ulios,

330 2811 447 2884 obligati
467 2811 504 2866 ad
517 2811 686 2867 credendum
698 2812 761 2881 illis,
780 2828 852 2883 quae
864 2810 976 2884 Moyses
990 2811 1043 2867 Dei
1054 2812 1164 2867 nomine
1191 2828 1261 2880 quos
1284 2813 1394 2880 docuit,
1417 2829 1530 2867 errores
1554 2813 1640 2880 dicit,
1665 2812 1740 2884 quod
1758 2812 1782 2866 is
1800 2810 1849 2884 qui
1867 2810 1897 2865 in
1916 2810 1981 2881 legs
1998 2817 2027 2867 st

325 2898 399 2970 *ipsis
418 2897 633 2952 annuntiaturus
655 2904 721 2954 crat.
756 2897 922 2953 Ambrosius
939 2897 988 2955 lib.
1008 2904 1029 2953 1.
1049 2897 1085 2952 de
1103 2896 1164 2967 Spi·
1191 2897 1335 2968 prophetis
1351 2899 1529 2969 praedicatus
1551 2905 1594 2954 est
1611 2899 1697 2968 Deus,
1716 2916 1771 2955 non
1790 2905 1864 2954 esset
1873 2896 2026 2955 PaterDo·

329 2986 387 3041 ritu
404 3002 426 3041 s.
444 3001 468 3039 c.
488 2990 513 3040 3.
535 2990 563 3039 ct
579 3002 613 3038 ex
632 2983 851 3040 soLombardus
869 2983 917 3039 lib.
935 2991 959 3040 i.
980 2989 1050 3039 sent.
1064 2983 1127 3038 dist.
1140 2988 1165 3037 3.
1191 2982 1259 3037 mini
1287 2986 1374 3039 nostri
1391 2984 1460 3040 Jesu
1478 2983 1593 3049 Christi,
1620 2983 1776 3039 Cerdonem
1802 2991 1829 3038 et
1848 2983 2026 3039 Marcianas

331 3067 360 3145 ς.
381 3076 405 3125 1.
430 3077 556 3137 mouent,
582 3072 691 3124 nomine
716 3068 825 3125 Christi
848 3079 933 3126 lotam
957 3077 1165 3125 sacrosanctam
1192 3069 1245 3122 hoc
1263 3070 1393 3141 inportu
1409 3080 1535 3138 sendus,
1555 3071 1623 3140 quia
1641 3070 1691 3124 ille
1710 3070 1838 3140 quidem,
1855 3078 1888 3124 ut
1905 3071 2025 3140 dicebat

332 3158 502 3213 Trinitatem
520 3158 648 3227 exprimi.
686 3159 754 3230 tham
774 3157 914 3211 Christum
933 3158 1015 3227 dicis,
1032 3159 1165 3225 etPater,
1192 3151 1303 3224 ipnotus
1320 3166 1396 3224 esset,
1415 3158 1461 3211 hic
1483 3165 1577 3210 autem
1593 3164 1684 3212 notus.
1722 3154 1903 3225 Quapropter
1920 3158 1957 3209 ab
1975 3157 2027 3212 has

330 3262 350 3298 a
367 3261 422 3313 quo
440 3251 539 3297 unctus
556 3251 603 3313 est,
623 3244 801 3314 intelliqitur,
820 3253 848 3299 et
863 3245 931 3315 ipse,
948 3246 1105 3316 quiunctus
1117 3251 1166 3312 est,
1192 3258 1288 3296 errore
1315 3243 1454 3312 discipuli
1477 3244 1561 3314 hujus
1586 3242 1686 3297 Marci
1705 3243 1891 3311 procedentes
1916 3244 1958 3297 sic
1979 3243 2026 3297 bs·

330 3338 356 3386 et
369 3331 496 3400 Spiritus
512 3338 633 3395 sanctus,
648 3347 704 3400 per
722 3348 802 3400 quem
818 3340 917 3386 unctus
937 3340 984 3387 est.
1014 3330 1096 3395 Quod
1115 3331 1165 3403 igi·
1188 3330 1296 3398 ptimnn
1320 3330 1520 3397 conficiebant:
1557 3327 1592 3383 In
1618 3326 1728 3382 nomine
1755 3327 1843 3398 ignoti
1862 3326 1955 3382 Patris
1972 3333 2025 3388 ets.

328 3425 376 3475 tur
401 3416 520 3489 apostoli
542 3416 719 3487 baptizarunt
742 3418 772 3472 in
794 3418 906 3474 nomine
923 3419 1029 3483 Patris,
1057 3417 1121 3473 Filii
1139 3425 1167 3473 et
1192 3416 1258 3469 Alii
1273 3434 1338 3470 oero
1356 3433 1391 3470 en
1410 3417 1536 3485 ejusdem
1554 3415 1739 3470 sectatoribus
1751 3414 1895 3468 Hebraica
1912 3414 2026 3470 nomina

329 3505 451 3577 Spiritus
470 3503 567 3571 macti,
586 3504 615 3557 id
633 3504 830 3574 compendiosa
846 3506 1005 3561 uenatione
1016 3505 1109 3560 Lucas
1121 3521 1165 3559 ex·
1192 3504 1234 3557 ad
1239 3516 1376 3573 pavorem
1388 3505 1561 3558 audientium
1572 3519 1657 3574 nuper
1666 3520 1720 3569 eos,
1734 3520 1804 3572 ητιοι
1812 3502 1934 3572 initiant,
1944 3502 2026 3558 terri·

328 3592 432 3663 primit,
450 3590 525 3662 ipsos
542 3589 686 3645 inChristi
704 3590 815 3645 nomina
833 3591 998 3662 baptizasse.
1033 3592 1078 3646 Ita
1098 3609 1164 3664 quo·
1191 3590 1286 3645 biliter
1305 3590 1464 3658 loquuntur.
1501 3592 1548 3645 De
1561 3588 1750 3645 Poulionistis
1762 3597 1787 3643 et
1802 3589 2026 3659 Cataphryps'bss

329 3696 384 3752 que
406 3676 543 3733 Basilius:
570 3680 633 3747 περὶ
657 3677 706 3730 τοῦ
735 3675 816 3748 ἁγίου
840 3679 941 3751 πνεύμ.
966 3695 990 3736 ο.
1011 3683 1057 3733 12:
1081 3678 1165 3743 ἠτοῦ
1192 3678 1307 3745 dieitur,
1325 3680 1403 3746 quod
1417 3678 1448 3731 in
1465 3677 1574 3731 nomine
1591 3676 1740 3730 ibinitotis
1751 3678 1863 3731 minime
1875 3678 2026 3747 baptisans,

330 3767 456 3837 Χριστοῑ
473 3768 646 3838 προσηγορία
659 3766 707 3818 τοῦ
720 3762 823 3823 παντός
835 3765 910 3818 ἐστιν
922 3762 1066 3832 ὁμολογία,
1079 3763 1165 3831 δηλοῦ
1191 3771 1223 3817 ut
1239 3765 1356 3822 habetur
1375 3769 1398 3820 1.
1416 3780 1442 3833 q.
1464 3781 1526 3833 cop.
1546 3764 1756 3822 Paulianistce.
1795 3764 1976 3834 Quapropter
1994 3763 2025 3819 in
2090 3818 2092 3822 .

329 3851 385 3925 γὰρ
413 3850 490 3905 τόντε
511 3856 650 3923 χρίσοντα
674 3849 758 3917 θεὸν,
787 3854 834 3903 καὶ
848 3854 1002 3920 χρισθέντα
1022 3849 1096 3920 utba,
1118 3854 1164 3905 sul
1186 3852 1311 3906 ὀοιιοίίίο
1329 3852 1438 3904 Niceno
1457 3857 1641 3923 praeceptum
1662 3858 1719 3922 est,
1743 3858 1776 3905 ut
1799 3868 1861 3905 cum
1880 3853 1922 3905 ud
1940 3851 2024 3907 escle·

327 3938 360 3992 τὸ
380 3943 489 4010 χρίσμα
512 3937 542 3990 τὸ
567 3939 688 4010 πνεῦμα.
723 3936 923 4008 ”Fulgentius
946 3937 996 3994 lib.
1022 3937 1058 3991 da
1075 3936 1163 3991 incar·
1189 3939 1263 3991 sium
1288 3928 1457 3990 catholicam
1483 3937 1576 4007 aliqui
1597 3954 1631 3993 eu·
1649 3938 1710 3992 illis
1726 3938 1875 4006 redierint,
1903 3939 2023 4009 rebapti-

328 4030 388 4080 nst.
421 4028 450 4078 et
480 4022 571 4094 gratia
597 4021 710 4076 Domini
735 4022 822 4077 nostri
849 4021 919 4078 Jesu
942 4022 1043 4078 Christi
1068 4040 1092 4078 c.
1124 4031 1163 4079 11.
1190 4032 1297 4092 ταινίαν,
1324 4023 1457 4091 quoniam
1488 4040 1583 4078 seram
1605 4009 1738 4094 baptimi
1759 4026 1884 4090 formam
1908 4042 1963 4079 non
1985 4032 2023 4080 ts·

328 4128 358 4182 p.
377 4116 443 4165 727:
471 4110 567 4163 Omnis
591 4111 641 4178 qui
662 4110 693 4162 in
710 4110 821 4163 nomine
840 4119 866 4163 et
885 4111 985 4163 Putris
1002 4118 1029 4164 et
1046 4109 1121 4164 Filii
1137 4118 1163 4163 et
1188 4116 1309 4164 nuerunt
1332 4117 1415 4179 atque
1440 4110 1505 4164 ideo
1526 4126 1576 4165 nec
1593 4127 1688 4164 oerum
1705 4110 1890 4180 baptisma.**
1925 4116 1948 4167 2.
1967 4110 2024 4168 Ira⁵

330 4196 456 4265 Spiritus
481 4196 573 4249 sancti
595 4203 771 4249 sacramento
796 4203 909 4249 sanctae
941 4197 1163 4264 repereratiouis
1188 4212 1274 4250 naeus
1295 4195 1343 4251 lib.
1364 4201 1386 4252 1.
1412 4212 1435 4249 c.
1454 4200 1493 4252 18.
1516 4213 1544 4267 p.
1563 4200 1604 4252 72.
1625 4196 1660 4251 de
1681 4195 1824 4250 Gnosticis
1841 4194 1924 4261 dicit,
1947 4197 2078 4269 quod-²³¹

328 4283 468 4352 abluitur,
492 4300 549 4335 non
571 4282 629 4334 nisi
648 4284 678 4335 in
700 4281 807 4337 Christi
827 4289 914 4334 morte
933 4300 968 4335 uc
985 4284 1096 4337 nomine
1114 4286 1160 4337 ba·
1188 4282 1300 4354 quidam
1325 4282 1446 4352 ipsorum
1465 4281 1554 4336 Marci
1570 4280 1702 4337 haeretici
1719 4281 1836 4337 formam
1855 4283 1942 4338 secuti
1960 4282 2022 4339 ius·
2035 4286 2133 4333 121⁸!-

323 4370 459 4439 plicatur.
495 4367 630 4439 Eulogius
652 4384 733 4423 serm.
758 4372 783 4422 2.
804 4367 878 4437 apud
898 4366 1030 4423 Photium
1047 4369 1076 4424 in
1092 4369 1160 4426 bibl.
1187 4369 1250 4437 rint,
1269 4366 1348 4422 cilios
1368 4369 1400 4422 δέ
1416 4368 1529 4443 ἑβραϊιιιί
1548 4388 1610 4422 τινα
1627 4366 1752 4441 ὀνόματα
1771 4369 1933 4441 ἐπιλέγουσι
1952 4368 2021 4443 rupis

328 4474 353 4513 c.
375 4461 431 4513 190.
458 4460 536 4525 post:
567 4453 597 4509 τό
624 4456 655 4509 ἐν
681 4461 739 4515 ταῖς
760 4453 901 4528 Πράξεσιν
925 4460 1074 4529 εἰρημένον
1097 4461 1161 4529 περὶ
1188 4456 1217 4509 τὸ
1245 4457 1354 4528 μᾶλλον
1379 4452 1606 4525 καταπλήξασθαι
1633 4452 1698 4514 τοὺς
1714 4458 1905 4529 τελειομίνους
1921 4457 2021 4519 οὕτως·

327 4544 383 4597 τοῖν
404 4541 523 4611 ίχόντανν
549 4541 580 4595 τὸ
604 4539 733 4597 Ἰωάννου
750 4539 907 4617 βάπτισμα,
932 4542 974 4597 ὅτι
995 4542 1162 4604 ἀκούσαντες
1187 4542 1311 4614 βασεμά,
1344 4545 1487 4613 χαμοσθλ,
1522 4542 1692 4611 βααιανορδι,
1727 4544 1879 4611 μισταδία,
1907 4539 2022 4619 inuadit,

327 4629 360 4683 δέ
373 4629 580 4697 ἐβαπτίσθησαν
591 4631 630 4687 είς
640 4629 671 4683 τὸ
683 4626 776 4696 ὄνομα
787 4631 950 4701 τοῦΚυρίου
960 4629 1058 4699 Ἰησοῦ,
1070 4636 1161 4685 τοιοῦ-
1187 4626 1306 4692 savard,
1335 4626 1474 4700 βαβόφορι
1498 4630 1647 4697 sutulari,
1670 4626 1776 4682 τούτων
1798 4630 1830 4684 δὲ
1853 4628 1869 4699 ἦ
1894 4630 2022 4704 {puerulo

327 4713 377 4768 τόν
394 4714 477 4776 ἐστιν,
496 4712 540 4767 ὅτι
559 4715 767 4782 ἐβαπτίσθησαν
784 4716 852 4769 κατὰ
871 4717 918 4783 τὴν
935 4715 1094 4791 παράδοσιν
1113 4722 1160 4771 καλ
1188 4718 1263 4771 ἐστὶν
1281 4712 1407 4782 τοιαύτη,
1430 4714 1498 4786 ὑπὲρ
1516 4718 1612 4769 πᾶσαν
1630 4710 1755 4788 δύναμιν
1774 4714 1942 4787 τοῦπατρὸς
1959 4714 2022 4768 tm-

327 4801 513 4855 διδασκαλίαν
535 4805 584 4855 τοῦ
611 4806 719 4871 Κυρίου
739 4800 842 4871 Ἰησοῦ,
874 4803 943 4858 ὥστε
967 4806 1015 4857 καλ
1038 4801 1161 4873 ἀλλαχοῦ
1187 4805 1324 4877 καλοῦμαι
1343 4804 1404 4875 φῶς
1419 4799 1637 4875 ὀνομαζόμενον,
1655 4806 1702 4855 καλ
1721 4806 1833 4878 πνεῦμα
1850 4801 2022 4873 ἀγαθόνιαλ

326 4885 395 4941 ὅταν
412 4890 493 4960 λίγη,
511 4883 552 4940 ὃτι
570 4890 607 4945 είς
621 4886 754 4955 Χριστὸν,
773 4892 810 4947 είς
826 4886 952 4942 θάνατον
968 4893 1018 4955 τοῦΙ
1037 4893 1161 4963 Χριστοῦ
1188 4890 1248 4958 ζιιιὴ,
1266 4888 1309 4944 ὅτι
1327 4890 1358 4943 δν
1374 4887 1482 4963 στόματι
1502 4890 1688 4959 ἐβασίλευσας.
1724 4889 1867 4956 Quomodo
1887 4905 1950 4944 cum
1966 4885 2021 4949 hta

327 4975 548 5043 ἐβαπτίσθησαν,
572 4971 621 5039 τὴν
644 4971 731 5040 αὐτὴν
753 4972 865 5028 ἔννοιαν
883 4974 1036 5047 ὀφείλομεν
1053 4977 1161 5031 ἐννοεῖν
1187 4976 1414 5047 interpretatione
1440 4980 1572 5046 corrupta
1595 4974 1645 5030 illa
1660 4973 1802 5032 Hebraica
1824 4974 1939 5030 uomina
1957 4989 2021 5030 oon·

326 5062 496 5128 δηλοῦσθαι,
523 5063 674 5128 τουτέστιν,
697 5058 739 5113 ὅτι
762 5063 799 5120 είς
823 5062 852 5114 τὸ
876 5058 968 5135 ὄνομα
987 5063 1038 5115 τοῦ
1057 5062 1161 5135 πατρὸς
1186 5062 1312 5131 veniant,
1329 5062 1393 5117 vide
1412 5061 1502 5119 Niool.
1522 5060 1677 5118 Gallasium
1693 5063 1724 5117 in
1741 5068 1834 5118 annot
1869 5063 1896 5117 3.
1915 5060 2022 5115 Ariani

327 5151 374 5201 ιιαλ
388 5150 438 5200 τοῦ
457 5149 520 5200 viui
538 5151 585 5200 καὶ
601 5148 652 5199 τοῦ
670 5142 754 5215 ιλγίου
770 5142 927 5213 πνεύματος
944 5148 1159 5217 ἐβαπτίσθησαν·
1187 5151 1217 5203 ίπ
1242 5150 1303 5204 solo
1328 5151 1418 5204 Putre
1451 5166 1517 5203 vero
1552 5149 1633 5218 Deo,
1663 5153 1695 5204 in
1720 5151 1792 5204 Jesu
1821 5147 1933 5203 Christo
1962 5163 2020 5202 πετ-

327 5232 400 5289 cira
426 5233 480 5306 γὰρ
505 5233 613 5294 ἐδίδαξε
637 5235 683 5285 καλ
703 5233 846 5302 παρέδωκε
864 5240 1004 5300 βαπτίζειν
1023 5234 1037 5288 ὁ
1059 5234 1161 5307 Κύριος
1186 5245 1282 5291 valore
1307 5244 1334 5289 st
1357 5244 1490 5289 creatura
1514 5243 1540 5289 et
1565 5237 1594 5289 in
1616 5237 1729 5305 Spiritu
1755 5243 1852 5290 sonmo
1875 5237 2021 5305 utriusque

327 5320 407 5394 ἡμῶν
429 5318 532 5387 Ἰησοῦς
556 5318 683 5392 Χριστός.
727 5317 811 5381 Quod
836 5319 866 5372 in
889 5321 971 5375 Actis
995 5323 1100 5376 dicitur
1125 5325 1160 5377 de
1185 5341 1266 5378 seruo
1302 5322 1491 5393 baptizabant
1537 5322 1724 5394 Hieronymus
1763 5321 1827 5378 adv.
1864 5321 2019 5379 Luciferis·

329 5409 367 5464 iis
396 5408 446 5477 qui
473 5407 611 5462 habebunt
642 5407 785 5460 Johonnis
816 5406 973 5476 baptisma:
993 5406 1160 5466 ‘Audientes
1186 5427 1236 5465 nos
1267 5410 1369 5463 ”tom
1402 5415 1426 5466 2.
1457 5426 1522 5482 pag.
1546 5416 1602 5466 166.
1638 5411 1781 5479 Arianae,
1816 5408 1926 5479 scribit,
1956 5426 2020 5465 ctu

330 5512 395 5552 vero
413 5494 549 5566 baptizati
566 5499 632 5549 sunt
650 5494 791 5549 inuomen
802 5491 915 5549 Domini
928 5493 1005 5560 lesu,
1021 5497 1162 5565 eiusnsodi
1186 5496 1270 5549 aliud
1291 5496 1363 5550 nihil
1387 5497 1544 5551 crediderit
1570 5497 1705 5566 (claudite
1725 5512 1830 5565 quasso
1847 5514 1947 5562 mnes,
1970 5496 2021 5566 prii

327 5592 384 5647 est,
412 5591 442 5640 ut
470 5583 606 5654 baptisati
628 5583 737 5646 fuerint
762 5583 914 5635 secuudum
931 5583 1115 5637 traditionem
1135 5593 1161 5638 et
1186 5582 1316 5636 audituri
1345 5583 1425 5648 estis,
1455 5601 1489 5637 ne
1515 5591 1611 5638 mutas
1636 5582 1788 5651 impietatis
1814 5582 1927 5637 οοοίίιτιι
1953 5582 2019 5654 pol·

328 5672 489 5726 doctrinam
507 5670 627 5724 Domini
637 5671 716 5725 Jesu.
746 5667 986 5731 Quemadmodum
1004 5671 1077 5724 alibi
1092 5688 1159 5740 quo·
1186 5668 1306 5722 luamini
1312 5668 1334 5735 1)
1357 5669 1415 5722 nni
1440 5669 1471 5723 in
1493 5669 1583 5723 Patre
1603 5668 1665 5722 solo
1682 5685 1749 5722 sero
1765 5670 1830 5723 Deo
1851 5677 1879 5723 et
1899 5671 1929 5724 in
1947 5671 2021 5726 διατι

329 5774 381 5827 que
399 5775 461 5810 cum
481 5755 599 5809 dicitur:
617 5755 752 5828 baptisati
772 5753 883 5810 suntin
904 5753 1051 5825 Christum,
1068 5758 1113 5811 vel
1132 5757 1160 5813 in
1187 5754 1297 5810 Christo
1314 5756 1457 5810 solemma
1474 5764 1501 5810 ct
1518 5763 1650 5810 ereatura
1673 5761 1699 5809 et
1721 5756 1752 5809 in
1774 5755 1886 5827 Spiritu
1902 5774 1926 5812 s.
1947 5756 2019 5814 utre

329 5834 445 5900 mortain
462 5839 578 5908 Christi,
597 5847 715 5900 sasdsm
730 5861 842 5900 sensum
859 5843 1005 5912 oonmpcrs
1022 5844 1160 5915 debemus,
1185 5858 1273 5911 τιιαιιο
1290 5858 1379 5910 serso,
1397 5843 1536 5913 quomodo
1548 5840 1688 5911 spiram
1705 5849 1832 5898 ιοαοίτιπι
1851 5844 1888 5898 ab
1898 5844 2021 5904 οοοίαιτλτ

329 5933 381 5989 hoo
398 5936 439 5986 at
466 5925 698 5998 baptisatorum
713 5930 860 5987 innormen
876 5929 977 5986 Putris
996 5936 1023 5985 st
1040 5930 1115 5987 titis·
1134 5937 1161 5988 et
1185 5928 1323 5999 recipiet!
1345 5927 1517 5986 Athanasius
1534 5943 1617 5988 mm.
1635 5934 1659 5987 3.
1676 5936 1776 5988 conus
1791 5930 1890 5996 Arium
1906 5935 2018 6004 prttls
