4800 6659
826 660 878 717 DE
897 657 1020 716 SACBO
1039 656 1241 716 BAPTISMO.
1848 662 1908 722 tta

244 817 351 874 ismum.
386 816 521 872 Doctrina
548 823 642 872 autem
669 817 703 872 de
723 816 847 881 Christo,
874 815 939 870 licet
957 813 1049 885 quoad
1075 814 1250 881 Ducendum,
1271 814 1394 885 disputat
1411 813 1492 881 enim,
1512 813 1678 883 baptismam
1695 810 1837 866 Johannis
1854 829 1911 864 nan

244 903 324 959 >dnm
346 903 542 975 patefactionis
570 904 607 958 sit
630 903 743 975 aliquod
768 901 931 970 discrimen,
955 906 1049 955 tamen
1076 901 1204 954 habuisse
1224 902 1425 955 invocationem
1445 900 1607 964 Trinitatis,
1638 916 1673 952 ae
1688 896 1839 968 probabile
1856 896 1912 950 sibi

244 993 304 1047 aad
331 991 521 1047 ‚substantiam
548 990 602 1045 fuit
628 992 725 1046 eadem
751 996 779 1044 et
803 990 918 1044 effeetus
938 987 1048 1043 eosdem
1075 988 1184 1056 sideri,
1203 990 1281 1057 qaod
1299 988 1381 1041 nulla
1400 989 1546 1041 verborum
1564 988 1662 1049 forma
1681 985 1828 1038 lohannes
1847 986 1910 1048 fas-

244 1077 313 1133 huit
329 1079 359 1132 in
378 1077 554 1133 credentibus
572 1077 698 1132 omnibus
711 1075 890 1145 temporibus,
911 1073 968 1128 sive
980 1079 1048 1128 tem·
1074 1076 1113 1127 rit
1136 1092 1212 1127 6666.
1248 1073 1342 1144 Atque
1367 1073 1436 1128 nihil
1462 1072 1609 1127 absurdius
1626 1089 1644 1125 a
1664 1069 1833 1125 Bellarmino
1853 1069 1909 1124 dici

244 1181 279 1221 66
296 1165 332 1221 V.
351 1165 384 1219 Τ.
411 1165 468 1219 6166
494 1170 617 1233 tempore
642 1163 778 1219 Johannis
801 1161 962 1232 Baptistae,
991 1160 1048 1214 sive
1073 1160 1222 1231 potuissem
1240 1178 1307 1214 num
1324 1160 1397 1213 enim
1412 1159 1608 1229 judicabimus,
1625 1157 1793 1227 baptismum
1802 1155 1907 1211 16666-

244 1257 276 1307 st
299 1250 442 1306 Christum
467 1249 633 1317 exhibitum,
658 1249 723 1303 lieet
748 1250 777 1303 in
801 1248 934 1319 gradibus
953 1246 1048 1318 aliqua
1074 1247 1117 1300 nis
1139 1246 1226 1301 fuisse
1249 1254 1353 1301 mutem
1381 1252 1489 1301 tautum
1518 1242 1721 1300 ceremoniam?
1753 1261 1819 1297 num
1837 1259 1911 1314 aqna

244 1336 373 1394 fferentia
398 1353 460 1391 esse
487 1336 611 1406 possit“,
637 1351 709 1405 quae
735 1339 801 1388 sunt
818 1333 903 1388 verba
920 1332 1048 1388 Chemni·
1075 1334 1133 1387 sine
1161 1334 1247 1387 verbo
1273 1339 1316 1387 est
1344 1331 1519 1402 baptismus?
1550 1330 1617 1402 quin
1644 1329 1699 1384 imo
1724 1329 1838 1384 verbum
1869 1333 1912 1383 est

244 1423 253 1477 i
275 1423 304 1478 in
332 1440 421 1479 exam.
448 1422 545 1478 concil.
566 1421 690 1476 Trident.
715 1439 743 1491 p.
763 1426 805 1475 66.
861 1426 884 1474 4.
905 1418 1047 1483 Quaestio
1075 1420 1155 1491 quasi
1182 1418 1275 1473 anima
1301 1418 1443 1489 baptismi,
1476 1418 1524 1490 qui
1552 1418 1589 1471 ab
1615 1417 1741 1487 apostolo
1765 1422 1911 1486 propterea

244 1526 279 1565 su
302 1526 358 1564 non
385 1524 447 1564 esse
471 1506 686 1578 simplicitcr‘et
711 1506 839 1562 absolute
857 1505 1048 1575 accipiendam
1075 1505 1219 1570 definitur,
1245 1500 1319 1577 quod
1347 1505 1384 1559 sit
1409 1505 1555 1558 lavacrum
1572 1519 1663 1573 aquae
1683 1504 1713 1556 in
1731 1504 1830 1572 66666,
1856 1519 1911 1573 quo

244 1593 400 1666 ebaptismi
424 1595 600 1664 susceptione
626 1599 690 1665 post
708 1592 845 1649 Johannis
865 1592 1048 1662 baptismum,
1075 1592 1206 1660 (lavacro)
1231 1593 1311 1646 Deus
1335 1591 1482 1645 eeclesiam
1502 1608 1581 1643 suam
1600 1591 1732 1659 mundat,
1766 1590 1867 1661 Ephes.
1887 1596 1912 1656 6,

244 1695 304 1753 eque
321 1680 395 1735 enim
412 1698 565 1752 negamus,
591 1681 727 1751 quosdam
744 1696 761 1734 a
778 1678 907 1735 ,iohanne
925 1678 1048 1749 baptiza·
1074 1695 1100 1732 v.
1120 1684 1162 1733 26.
1198 1677 1330 1741 Quamvis
1349 1677 1436 1749 igitur
1455 1677 1563 1732 disertis
1580 1683 1607 1731 et
1626 1676 1762 1746 expressis
1774 1675 1866 1730 verbis
1881 1676 1912 1729 in

244 1782 300 1820 666
324 1766 470 1835 discipulis
490 1766 594 1821 Christi
614 1766 784 1838 baptismum
800 1765 926 1820 fortassis
948 1764 1048 1818 iterum
1075 1763 1226 1834 Scripturis
1255 1783 1309 1818 non
1337 1770 1488 1833 asseratur,
1517 1781 1572 1835 qua
1596 1764 1743 1819 verborum
1768 1762 1857 1816 forma
1882 1761 1911 1815 in

244 1853 375 1923 accepisse,
392 1854 489 1908 Actor.
506 1859 529 1918 2,
549 1871 575 1907 6.
593 1860 634 1908 41.
654 1854 682 1907 in
703 1869 817 1907 numero
835 1852 919 1906 trium
932 1850 1048 1904 millium
1075 1850 1313 1905 administratione
1331 1851 1463 1921 baptismi
1481 1850 1622 1906 Johannes
1642 1849 1726 1905 fuerit
1744 1866 1826 1918 usus,
1849 1848 1911 1902 nul·

244 1937 263 1992 tb
281 1937 410 2008 apostolis
433 1938 636 2008 baptizatorum
661 1940 733 1993 forte
759 1938 873 1993 fuerunt
894 1937 980 2008 aliqui
1001 1937 1048 1992 Jo·
1074 1938 1131 1991 lum
1152 1942 1245 1991 tamen
1271 1936 1399 2000 dubium,
1432 1944 1453 1991 1.
1474 1937 1541 2009 quin
1560 1935 1703 1991 lohannes
1723 1936 1752 1990 in
1772 1935 1910 2007 baptismo

244 2024 315 2079 116616
338 2024 505 2094 baptismate
530 2026 608 2095 prius
632 2026 726 2089 tincti;
753 2025 803 2080 sed
826 2025 861 2079 de
884 2023 1049 2079 necessitate
1074 2023 1153 2077 illum
1170 2024 1341 2078 invocaverit
1360 2029 1388 2077 et
1400 2023 1428 2077 in
1439 2023 1513 2077 illius
1524 2023 1634 2077 nomine
1646 2022 1816 2094 baptismum
1829 2039 1909 2076 suum

244 2111 413 2183 acceptionis,
441 2128 476 2166 an
495 2112 602 2166 scilicet
619 2111 805 2167 necessarium
823 2111 908 2166 fuerit
924 2110 1049 2180 baptiza·
1074 2109 1326 2176 administraverit,
1362 2111 1411 2178 661
1440 2110 1514 2163 misit
1544 2127 1604 2162 enm
1634 2110 1676 2162 ad
1703 2109 1910 2176 baptizandam,

244 2197 436 2253 buichanna
463 2198 553 2253 denuo
581 2198 618 2252 ab
646 2198 778 2269 apostolis
805 2196 975 2269 baptismum
1001 2213 1049 2265 pe·
1074 2195 1138 2251 166.
1160 2203 1189 2265 1,
1213 2213 1238 2249 6.
1257 2202 1297 2250 33.
1324 2195 1347 2248 16
1368 2213 1432 2250 vero
1456 2202 1499 2251 est
1515 2214 1586 2250 unus
1605 2212 1687 2251 verus
1705 2194 1798 2264 Deus,
1817 2194 1910 2263 Pater,

244 2298 282 2338 tas
302 2300 331 2338 ac
357 2284 512 2354 suscipere,
544 2283 585 2338 ita
612 2291 643 2338 ut
668 2284 728 2340 sine
754 2284 803 2339 illo
829 2282 1048 2355 regenerationis
1075 2284 1163 2337 Filius
1188 2290 1217 2338 et
1242 2282 1363 2352 Spiritus
1386 2290 1508 2340 sauctus.
1549 2283 1625 2354 Ergo
1648 2282 1790 2338 lohannes
1818 2281 1908 2351 bapti·

244 2384 265 2424 16
281 2370 370 2425 salutis
395 2388 451 2425 non
474 2372 616 2442 potuerint
638 2388 700 2427 esse
717 2372 882 2444 participes,
909 2370 984 2442 quod
1002 2387 1048 2424 ne·
1075 2369 1164 2423 nando
1189 2369 1219 2422 in
1240 2385 1340 2424 nomen
1363 2370 1421 2424 veri
1439 2369 1509 2434 Dei,
1538 2353 1629 2441 s'quo
1647 2369 1683 2422 ad
1708 2368 1908 2439 baptizandum

244 2470 323 2526 prmus.
1075 2455 1181 2524 missus,
1202 2455 1356 2524 baptizavit
1375 2457 1403 2511 in
1421 2473 1522 2512 nomen
1540 2456 1641 2525 Patris,
1660 2455 1726 2510 Filii
1743 2461 1772 2510 et
1790 2453 1908 2525 Spiritus

266 2547 298 2597 11.
322 2542 408 2598 Hisce
425 2543 644 2614 praesuppositis
664 2544 704 2598 ita
720 2543 877 2599 inferimus:
902 2543 930 2599 Si
951 2542 1048 2599 eadem
1075 2541 1177 2609 sancti,
1197 2542 1293 2613 sicque
1311 2542 1441 2614 baptismi
1457 2542 1578 2597 formula
1594 2559 1611 2596 a
1630 2540 1758 2597 iohanne
1775 2546 1909 2611 usurpata

244 2628 604 2700 umaeffiaiensprincipalis,
615 2630 711 2684 eadem
723 2629 845 2693 materia,
855 2629 951 2683 eadem
960 2629 1050 2684 torma
1074 2628 1130 2681 suit
1158 2630 1255 2683 eadem
1284 2646 1346 2684 cum
1371 2630 1460 2685 forms
1482 2629 1641 2698 verborum,
1672 2646 1756 2701 quam
1782 2627 2016 2683 6666661661.

244 2711 475 2787 1616616661166116
492 2715 617 2770 efficacia
635 2715 765 2786 baptismi
777 2715 912 2770 Johannis
925 2732 989 2769 cum
1001 2714 1049 2768 ba·
1075 2715 1208 2785 apostolis
1228 2715 1285 2769 suis
1304 2724 1402 2787 postea
1419 2717 1606 2789 praescripsit.
1642 2722 1667 2772 2.
1687 2714 1814 2785 Accedit,
1833 2714 1908 2787 qnod

244 2799 319 2867 ptimo
329 2802 440 2870 Christi,
453 2801 549 2872 utique
565 2807 646 2856 erunt
660 2802 733 2855 idem
744 2808 956 2865 sacramentum,
968 2801 1049 2856 adeo·
1076 2808 1248 2856 sacramenta
1266 2809 1419 2875 sequuntur
1436 2812 1563 2859 naturam
1583 2805 1644 2874 ejus
1658 2802 1808 2869 doctrinae,
1828 2802 1909 2870 cujus

244 2900 283 2954 que
291 2888 525 2959 nnnsbaptismus,
538 2889 643 2943 unitate
656 2888 764 2942 scilicet
775 2905 830 2942 non
842 2888 990 2955 numerica,
1000 2887 1049 2941 sed
1075 2895 1140 2942 sunt
1156 2888 1259 2958 sigilla.
1292 2890 1356 2946 1616
1370 2908 1435 2945 vero
1450 2889 1714 2962 unaatqueesdem
1729 2887 1910 2944 estdoctrina
1984 2876 1988 2890 ”

244 2973 354 3039 'pacifica
387 2975 443 3031 Sed
463 2991 558 3029 verum
576 2982 618 3029 est
635 2973 721 3044 prius.
751 2972 828 3045 Ergo
853 2979 882 3027 et
902 2973 1049 3043 posterius.
1075 2976 1210 3033 Johannis
1234 2982 1263 3032 et
1285 2979 1472 3048 apostolorum
1494 2976 1597 3032 Christi
1622 2976 1759 3047 (quamvis
1776 2980 1840 3045 post
1861 2974 1909 3028 ad·

244 3055 402 3117 1166116616
439 3060 550 3132 singula
584 3060 708 3115 membra
746 3060 935 3115 confirmanda
968 3063 1049 3113 sunt:
1076 3064 1248 3119 scansionem
1270 3062 1372 3118 Christi
1398 3064 1497 3118 clarior
1520 3063 1663 3118 doctrinae
1689 3063 1736 3116 lux
1754 3067 1782 3116 et
1800 3062 1911 3116 uberior

244 3144 386 3203 lisndem
404 3146 1049 3217 6666666666]616616616666166166166166-
1077 3151 1210 3205 donorum
1236 3150 1317 3219 copia
1343 3150 1373 3203 in
1400 3149 1435 3207 N.
1453 3150 1486 3204 T.
1512 3150 1659 3212 effulserit,
1687 3154 1780 3203 tamen
1806 3148 1911 3219 gradus

244 3228 313 3297 1111111
327 3234 464 3292 Johannis
481 3251 543 3289 cum
555 3233 693 3304 baptismo
705 3233 814 3299 Christi,
832 3233 1050 3288 demonstratum
1076 3235 1199 3290 distincti
1225 3253 1281 3290 non
1309 3236 1418 3290 variant
1440 3236 1528 3306 ipsam
1553 3235 1693 3304 speciem).
1728 3235 1805 3306 Ergo
1827 3233 1910 3289 etiam

244 3311 284 3371 1111
296 3322 414 3392 66666166
433 3319 460 3395 S.
476 3328 515 3378 10.
534 3320 646 3376 membr.
666 3326 690 3376 2.
728 3319 860 3386 Quamvis
880 3320 954 3374 euim
972 3318 1050 3374 Chri·
1076 3340 1163 3376 unum
1183 3322 1412 3378 administrarant
1436 3321 1567 3393 baptismi
1585 3327 1794 3376 sacramentum.
1832 3318 1911 3383 Quae

244 3404 287 3458 1166
307 3408 445 3479 discipulis
470 3425 522 3463 sua
542 3425 610 3463 voce
634 3407 900 3463 administrationem
919 3406 1051 3477 baptismi
1076 3408 1161 3464 fuerit
1179 3409 1304 3464 doctrina
1318 3409 1463 3479 Johannis,
1483 3428 1515 3465 ex
1536 3409 1713 3480 evangelistis
1730 3407 1807 3462 facili
1825 3424 1910 3479 nego·

244 3493 397 3560 6111666611,
415 3500 588 3550 tamencum
605 3494 683 3549 Deus
699 3511 752 3563 per
768 3495 878 3549 Filiam
894 3495 1003 3550 locutus
1015 3494 1052 3549 sit
1076 3495 1115 3549 tio
1139 3495 1293 3571 colligitu13
1324 3496 1433 3565 docuit,
1462 3496 1554 3551 Deum
1583 3484 1693 3549 66161661
1719 3493 1807 3548 filium
1830 3510 1910 3548 snum

244 3570 393 3651 11616.1,6.
413 3586 438 3637 2.
467 3599 501 3636 aa
523 3581 641 3651 Spiritus
660 3588 773 3636 sanetus
798 3601 854 3636 non
879 3584 920 3635 ad
943 3597 1051 3635 mensa·
1076 3581 1221 3653 eidemque
1242 3583 1335 3636 omnia
1355 3583 1384 3635 in
1402 3601 1501 3636 mansis
1520 3584 1632 3636 dedisse
1650 3581 1713 3637 Joh.
1727 3586 1751 3649 3,
1769 3599 1794 3636 6.
1807 3585 1848 3637 34.
1869 3585 1910 3636 35.

244 3669 324 3721 16661
346 3670 433 3723 datus
456 3669 494 3722 sit
528 3667 591 3723 Joh.
610 3673 638 3735 3,
662 3687 687 3723 v.
708 3674 748 3724 34.
774 3669 837 3722 ideo
856 3667 977 3723 solennis
996 3669 1050 3723 ista
1076 3667 1183 3736 docuit,
1214 3668 1288 3722 hunc
1315 3667 1403 3722 filium
1431 3684 1491 3724 esse
1519 3686 1622 3738 apnnm
1650 3670 1732 3722 illam
1758 3669 1829 3731 Dei,
1862 3667 1912 3737 661

244 3744 396 3810 Maioma
432 3754 617 3826 promulgatio
650 3771 682 3808 66
710 3754 872 3809 mandatum
899 3754 970 3808 illud
997 3754 1050 3809 toti
1076 3755 1152 3808 tollit
1176 3763 1297 3824 peccata
1328 3756 1428 3808 mandi
1452 3754 1516 3811 Joh.
1542 3762 1574 3825 1,
1595 3772 1621 3812 v.
1645 3761 1687 3811 29.
1713 3760 1755 3811 36.
1778 3771 1832 3825 quo
1850 3753 1911 3823 1666

244 3849 408 3898 amincus
417 3840 548 3897 Trinitati
567 3841 718 3896 rectissime
737 3840 878 3896 tribuitur.
902 3841 968 3895 Jam
985 3858 1049 3895 vero
1075 3841 1196 3896 ostendit
1219 3851 1302 3912 typos
1327 3840 1524 3896 sacrificiorum
1550 3841 1736 3896 Leviticorum
1753 3839 1782 3893 in
1800 3838 1910 3895 Christo

244 3917 391 3999 1111111666,
408 3927 506 3985 eadem
526 3934 700 3983 sacrosancta
708 3927 831 3982 Trinitas
845 3926 1049 3983 Johannemad
1076 3934 1279 3984 consummatos
1309 3934 1338 3981 et
1356 3916 1385 3982 in
1402 3928 1461 3982 solo
1478 3927 1588 3983 Christo
1606 3928 1794 4001 quaerendam
1812 3941 1910 3995 pecca·

244 4005 415 4083 itptisandum
447 4014 523 4069 misit
553 4022 581 4070 et
612 4015 776 4069 admiranda
805 4014 853 4069 illa
882 4014 1050 4069 revelatione
1074 4021 1164 4069 torum
1192 4015 1395 4085 remissionem3
1427 4015 1521 4070 docuit
1548 4017 1664 4069 Patrem
1690 4015 1811 4083 dilipere
1836 4014 1909 4066 hane

244 4092 313 4159 1111111.
341 4109 365 4159 3.
396 4119 461 4157 cum
491 4101 616 4157 Christus
645 4102 674 4156 in
701 4101 826 4156 Jordane
852 4100 1049 4171 baptizaretur,
1074 4120 1154 4155 saum
1168 4103 1277 4171 filiam,
1310 4103 1453 4172 eidemque
1476 4103 1589 4157 dedisse
1607 4102 1757 4170 {Spiritum
1781 4107 1909 4154 sanctam

244 4180 350 4243 11166616
373 4188 543 4259 baptismum
566 4187 745 4243 confirmavit
781 4189 818 4226 11
827 4186 949 4258 Objieiat
974 4188 1050 4259 quis:
1074 4206 1131 4242 non
1150 4190 1191 4241 ad
1208 4206 1367 4243 mensuram
1385 4188 1449 4244 Joh.
1469 4196 1493 4258 3,
1510 4207 1537 4241 v.
1555 4194 1596 4244 34.
1623 4188 1656 4242 16
1674 4187 1756 4258 hujus
1775 4186 1833 4242 veri
1853 4186 1909 4242 Dei

244 4269 333 4329 Dicitur
349 4274 760 4344 alamanniamque
773 4282 881 4327 tantam
892 4276 1050 4328 Johannem
1075 4292 1174 4330 nomen
1197 4274 1338 4330 Johannes
1362 4274 1530 4345 baptisavit,
1559 4274 1631 4329 hanc
1655 4273 1808 4328 doctrinam
1831 4290 1909 4327 suam

244 4353 299 4415 16161
326 4368 476 4416 auctorem.
522 4360 746 4430 Respondemus:
784 4360 886 4414 dicitur
913 4360 1050 4416 Johannis
1076 4362 1110 4416 de
1129 4378 1249 4433 persona
1266 4368 1296 4416 61
1315 4359 1456 4416 beneficiis
1474 4360 1592 4417 Messias
1617 4360 1751 4415 divinitus
1770 4360 1910 4415 16166166-

244 4444 367 4503 bradone
384 4446 545 4514 ministerii3
571 4453 596 4501 2.
614 4445 858 4518 promulgationis3
879 4453 901 4502 3.
922 4452 1049 4516 respectu
1074 4455 1154 4503 terna
1176 4446 1307 4519 baptismi
1330 4447 1487 4503 ceremonia
1508 4446 1689 4502 confirmavit.
1724 4445 1909 4502 Bellarminus

244 4526 333 4604 dcujns
357 4532 539 4602 discriminis,
571 4533 644 4603 quod
668 4533 722 4603 ipsi
746 4532 892 4588 intercedit
915 4550 976 4587 cnm
1001 4532 1049 4587 bs·
1074 4534 1123 4591 lib.
1152 4540 1173 4589 l.
1201 4534 1236 4588 de
1263 4533 1338 4604 bapt
1365 4552 1389 4590 c.
1416 4540 1455 4590 21.
1484 4531 1511 4609 ξ.
1536 4540 1560 4589 2.
1585 4539 1722 4605 nugatur,
1751 4535 1911 4589 Johannem

244 4617 316 4681 11166
333 4619 449 4685 Christi,
478 4619 545 4691 quia
570 4637 621 4689 per
647 4619 816 4690 baptismum
840 4620 977 4675 lobannis
994 4637 1049 4674 non
1074 4621 1147 4674 nihil
1166 4620 1293 4673 docuisse
1313 4622 1349 4673 de
1369 4622 1506 4689 passione
1529 4630 1555 4675 et
1572 4623 1671 4674 merito
1691 4620 1809 4686 Christi,
1834 4623 1913 4691 66οά

244 4704 429 4763 sumebantur
454 4705 504 4760 illa
531 4705 683 4776 peculiaria
700 4705 819 4776 Spiritus
849 4706 937 4761 sancti
969 4706 1050 4771 dona,
1076 4707 1149 4761 enim
1173 4706 1265 4775 ipsam
1284 4707 1393 4760 vocarit
1412 4725 1514 4775 aqnam
1533 4708 1605 4776 Dei,
1635 4707 1668 4761 id
1693 4725 1779 4776 posse
1803 4708 1913 4777 referri

244 4798 293 4853 1116
307 4791 442 4865 vigebant
458 4791 487 4845 in
505 4791 646 4863 primitiva
663 4791 788 4847 ecclesia.
825 4791 904 4848 Rom.
919 4799 948 4857 2,
962 4810 987 4848 v.
1004 4799 1049 4849 16:
1076 4795 1117 4847 ad
1137 4792 1324 4845 innocentiam
1348 4800 1374 4846 et
1397 4794 1644 4849 mansuetudinem.
1686 4793 1910 4866 Respondemus:

244 4868 377 4934 8166611666
395 4879 568 4947 evanpeliam
585 4878 724 4930 merim.tii
1076 4871 1099 4932 s'i
1123 4878 1266 4934 lohannes
1292 4878 1420 4949 Baptista
1446 4879 1516 4933 nihil
1544 4865 1640 4934 docuit
1665 4881 1701 4936 de
1728 4880 1857 4952 passione
1882 4887 1912 4935 61

244 4966 297 5021 ll.
317 4970 342 5022 1.
359 4964 506 5021 Materiam
523 4963 670 5034 utrobique
688 4963 803 5019 eandem
822 4964 916 5032 fuisse,
935 4964 1050 5019 dubium
1077 4965 1174 5020 merito
1202 4963 1321 5034 Christi,
1351 4965 1488 5038 quomodo
1517 4965 1570 5021 erit
1600 4968 1793 5037 excellentior,
1827 4985 1911 5037 quarn

244 5044 332 5107 111166.
368 5049 776 5119 16666666661616661166611
795 5067 884 5121 aqua,
907 5051 1005 5107 Matth.
1026 5038 1353 5122 3‚iproplretatMatth.
1375 5058 1422 5119 11,
1443 5069 1468 5107 v.
1488 5058 1512 5107 9.
1531 5054 1724 5125 cumquidam
1744 5053 1911 5125 exprophe·
2000 5107 2007 5120 ,

244 5142 258 5184 t·
271 5142 303 5194 11.
330 5138 416 5194 Marc.
438 5145 468 5206 1,
490 5155 517 5192 6.
537 5143 561 5193 8.
583 5143 636 5193 etc.
661 5136 735 5190 idem
758 5135 869 5191 visibile
887 5136 1051 5191 elementum
1077 5139 1121 5207 tis,
1140 5137 1303 5209 praesertim
1323 5137 1912 5209 116611161Ε66166,666616161661661661

244 5228 386 5297 saprum
403 5224 524 5297 apostoli
541 5226 570 5279 in
589 5241 639 5280 suo
656 5223 803 5293 baptismo,
821 5222 914 5278 Actor.
931 5230 954 5292 6,
968 5243 993 5280 6.
1008 5231 1050 5281 36.
1076 5223 1230 5295 perspicuis
1262 5224 1297 5279 de
1326 5223 1428 5279 Christi
1458 5226 1587 5295 passione
1615 5227 1719 5283 fuerint
1746 5225 1911 5281 vaticinati?

244 5314 307 5381 111,
321 5331 350 5369 v.
365 5319 407 5370 st.
444 5316 469 5367 3.
486 5310 636 5366 Deforme
653 5309 1050 5381 quibusdam'dubitatiosub·
1076 5310 1149 5375 Quin
1171 5309 1227 5365 imo
1252 5328 1344 5364 omnes
1364 5313 1522 5380 prophetas
1546 5313 1732 5368 testimoniam
1750 5313 1797 5367 6111
1815 5312 1911 5382 perhi-

244 5392 313 5454 11116.
339 5399 492 5455 Durandus
512 5397 617 5465 statuit,
635 5399 713 5466 qaod
724 5398 860 5465 Baptista
877 5415 932 5451 non
950 5399 1050 5452 habre·
1076 5400 1151 5466 hant,
1179 5396 1371 5451 remissionem
1393 5398 1523 5468 accipere
1543 5418 1597 5470 per
1613 5418 1711 5455 nomen
1729 5402 1791 5469 ejas
1810 5418 1911 5467 omnes,

244 5479 266 5535 tt‘t
290 5495 394 5541 certam
421 5487 549 5552 formam
580 5485 610 5536 in
641 5483 774 5551 baptismi
797 5484 1050 5543 administratione.
1077 5484 1126 5553 661
1139 5485 1258 5537 medam
1275 5484 1306 5537 in
1323 5482 1423 5553 166666,
1442 5486 1536 5542 Actor.
1554 5492 1592 5553 10,
1610 5503 1636 5540 6.
1655 5491 1697 5542 43.
1715 5485 1911 5558 Evangelistse

244 5562 407 5642 1666666166,
433 5569 558 5639 Alensis,
582 5568 757 5637 Paludanus,
782 5569 903 5623 Thomas
921 5577 973 5624 etc.
996 5577 1050 5626 sta·
1076 5588 1131 5625 non
1147 5569 1253 5638 omnia,
1272 5587 1344 5641 quae
1360 5571 1502 5627 Johannes
1521 5571 1696 5628 auditoribus
1715 5572 1773 5626 suis
1792 5572 1848 5628 late
1865 5590 1910 5627 ex-

244 5667 313 5731 1161,
331 5659 491 5718 iohannem
509 5658 562 5713 hac
581 5658 671 5712 forma
689 5674 770 5711 usum
789 5655 887 5711 fuisse:
923 5658 985 5725 Epo
1005 5658 1050 5711 ba
1076 5656 1184 5727 posuit,
1204 5656 1253 5710 sed
1272 5675 1380 5713 summa
1398 5659 1589 5714 tantummodo
1610 5658 1704 5727 capita
1721 5659 1864 5715 doctrinae
1881 5660 1910 5715 in

244 5749 290 5805 ls'sc
314 5756 343 5803 te
368 5748 400 5801 in
423 5746 534 5800 nomine
557 5745 675 5801 venturi.
711 5743 808 5799 Scotus
828 5748 856 5798 et
875 5742 937 5797 Biel
957 5743 1050 5814 (11666-
1077 5744 1171 5799 literas
1190 5742 1365 5814 redegerunt.
1401 5744 1440 5799 Et
1464 5745 1533 5818 quid
1557 5744 1678 5799 dicemus
1703 5746 1737 5801 de
1764 5747 1845 5802 unica
1861 5747 1911 5803 illa

244 5840 286 5902 161,
302 5840 454 5903 raramque
472 5833 637 5886 sententiam
655 5848 714 5885 esse
728 5828 924 5899 probabilem..
944 5829 1049 5885 Bellar·
1076 5830 1205 5902 pericope
1224 5830 1379 5886 concionis:
1405 5834 1589 5899 1166666666
1609 5832 1674 5896 1161,
1689 5833 1740 5903 qui
1758 5835 1910 5906 161111666-

244 5924 305 5984 1666
322 5920 375 5978 lib.
394 5925 418 5978 1.
436 5918 472 5976 (16
489 5916 808 5988 66666166616666116161
825 5933 848 5972 c.
867 5921 909 5972 20.
925 5916 1050 5987 sequitur
1076 5925 1143 5972 cata
1159 5917 1279 5971 mandit
1296 5935 1363 5973 num
1382 5920 1417 5975 de
1435 5917 1593 5974 innocentia
1612 5917 1700 5975 solum
1713 5918 1818 5976 Christi
1831 5920 1909 5992 sgitt
