4800 6659
412 437 480 500 aee
918 421 1569 494 '-=··-·tocus··nromos'n0utta1·=·==
1607 441 1638 474 =··

309 635 315 640 .
416 599 496 651 nem,
512 583 602 641 iixcd.
625 585 673 650 tt,
686 602 713 641 v.
730 591 762 642 tt
786 585 832 642 Ne
852 588 1009 643 mordetis
1026 603 1061 642 en
1076 603 1109 643 eo
1125 583 1413 657 mmidegypto
1436 588 1565 654 enonas,
1589 597 1622 646 ut
1641 588 1747 647 tenni
1762 591 1974 662 campaniam
1991 592 2115 664 sire-pn

417 678 467 726 urst
491 679 606 726 conum·
626 672 667 725 ia·
683 674 781 742 aquis,
806 675 860 726 ssd
883 673 949 743 ique
975 681 1106 728 mmm.
1148 672 1253 729 Vocem
1279 678 1336 727 stas
1354 689 1419 728 suas
1436 673 1466 729 in
1483 675 1655 731 wdmentis
1672 673 1782 746 iigstss,
1800 681 1952 747 sateqm
1967 677 2116 733 immm-

415 750 584 814 Hebraioam
606 757 645 830 iti
666 756 700 811 R.
723 755 852 813 Salomon
882 758 950 813 dicit
973 757 1144 828 significare,
1177 757 1255 826 qnod
1278 762 1383 821 rentur,
1400 776 1427 813 r.
1447 764 1488 815 et.
1511 759 1546 814 de
1559 768 1628 831 typo
1641 760 1864 831 dioemrpostea
1894 763 2118 819 andastauin

416 845 704 899 mandamentum
720 851 777 911 σείς
794 843 877 899 Aben
893 845 965 899 Em
977 846 1152 915 erpouitprc
1167 859 1252 897 corne
1280 829 1400 918 &75⁷3
1431 844 1638 898 amraaatm
1660 862 1685 897 v.
1712 853 1735 900 8.
1771 845 1874 902 herbae
1898 863 2028 917 amarae,¹
2053 864 2115 903 cen·

415 932 506 984 cuda
523 946 574 982 seu
590 932 664 986 σι’σσ.
700 929 825 985 Cnidum
841 946 899 985 non
916 930 1036 986 debebat
1051 929 1168 993 comedi,
1186 929 1253 1000 quia
1279 933 1371 997 meae,
1392 930 1484 985 bittete
1502 931 1597 999 daigs,
1616 930 1699 984 LXX
1718 932 1765 983 ἐπὶ
1782 934 1928 1002 nespilae,
1947 934 2054 1005 quibus
2070 934 2116 988 sd·

415 1020 517 1071 natura
533 1013 651 1070 hominis
669 1031 686 1070 a
705 1016 809 1071 crudae
828 1016 920 1070 carnis
936 1032 987 1071 esu
1005 1015 1151 1080 abhorret,
1180 1030 1253 1086 quae
1264 1007 1267 1098 ff
1279 1015 1462 1070 monebantur
1485 1016 1522 1070 de
1547 1031 1642 1070 amma
1664 1016 1808 1082 semiusta,
1833 1033 1917 1087 qnam
1936 1018 1966 1072 in
1983 1020 2118 1090 Aegypto

416 1100 511 1154 divina
530 1100 644 1172 iusuper
661 1100 725 1173 lege
742 1100 905 1173 prohibetur
921 1100 1022 1156 Genus.
1042 1107 1066 1169 9,
1086 1118 1111 1154 v.
1131 1107 1157 1157 4.
1191 1100 1251 1156 Nec
1278 1100 1475 1158 sustinuerant.
1493 1109 1709 1172 propterquam
1728 1101 1758 1154 in
1777 1103 1931 1158 amaritiem
1950 1104 2039 1159 animi
2057 1121 2115 1160 sse

415 1193 539 1251 coetum,
565 1186 615 1240 sed
637 1186 705 1257 igne
730 1192 852 1240 mestum
874 1186 995 1241 debebat
1013 1187 1121 1242 mmedi
1138 1194 1252 1257 propter
1277 1185 1341 1254 pias
1363 1186 1526 1243 inciderant.
1551 1188 1609 1240 rad
1631 1187 1699 1258 till
1721 1187 1917 1253 exacerbatus,
1934 1192 2116 1246 emuisutus

318 1280 354 1319 1¹-
368 1277 401 1321 ὅ.
414 1277 515 1342 typum
543 1272 579 1326 de
606 1288 662 1342 qno
687 1277 791 1342 postea
827 1272 906 1328 Haec
930 1272 1035 1327 assatio
1062 1273 1128 1344 agni
1154 1272 1251 1343 procul
1276 1270 1339 1332 tuit,
1355 1270 1495 1326 tristitiam
1515 1288 1549 1327 ex
1567 1272 1677 1327 misens
1696 1273 1842 1328 contraxit
1871 1273 2117 1337 Quidamvertant

415 1357 501 1412 dubio
519 1357 593 1411 domi
612 1365 725 1429 peracta
741 1356 809 1425 init,
831 1358 881 1413 sed
903 1359 980 1431 quod
1003 1359 1039 1412 ad
1055 1359 1251 1413 mactationem
1276 1356 1404 1410 lactucas
1423 1366 1555 1425 apresteq
1574 1359 1648 1429 quod
1667 1375 1725 1412 non
1744 1359 1880 1428 probatur
1894 1360 2035 1425 omuibus,
2051 1362 2118 1433 quis

413 1444 527 1511 attinet,
554 1444 664 1497 radam
693 1444 854 1500 amandae.
892 1445 926 1498 ln
952 1445 1041 1515 primo
1066 1444 1178 1516 quidem
1202 1460 1251 1514 pa·
1277 1442 1404 1495 lactucae
1422 1461 1478 1497 aas
1495 1452 1560 1496 suat
1580 1461 1711 1507 amarae,
1735 1461 1798 1497 cam
1818 1463 1838 1498 a
1856 1448 1976 1499 σισιλίσὶσ
1994 1458 2117 1518 propter

414 1530 524 1594 sabata
541 1529 616 1602 qnod
634 1529 664 1583 in
680 1530 814 1600 Aegypto
831 1531 1014 1595 celebratum,
1040 1538 1190 1601 antequm
1209 1535 1250 1583 tn·
1277 1530 1475 1582 nutrimentum
1499 1531 1549 1582 edi
1569 1529 1801 1599 praecipiantur,
1828 1549 1931 1585 amara
1948 1542 2045 1586 utitem
2061 1552 2116 1590 aas

414 1613 595 1669 bernacuinm
615 1620 644 1669 et
659 1622 758 1685 postea
776 1616 912 1686 templum
929 1622 1124 1684 exstrueretur,
1144 1622 1250 1670 certum
1276 1614 1413 1681 nutriunt,
1449 1613 1602 1683 Fugiat-in
1623 1630 1647 1670 c.
1669 1620 1708 1670 12.
1727 1615 1844 1685 paraph.
1862 1616 1960 1673 Chald.
1979 1618 2070 1675 Exod.
2090 1628 2114 1675 t.

415 1707 466 1765 est,
481 1700 677 1756 mactationem
695 1699 791 1754 itidem
809 1701 885 1755 domi
901 1700 1176 1772 spatribusiamiliae
1188 1718 1249 1770 per-
1277 1698 1503 1753 Mandacandam
1526 1708 1586 1753 erat
1610 1708 1697 1768 caput
1713 1715 1775 1753 curri
1788 1702 1912 1768 peditto
1929 1712 1956 1757 et
1975 1705 2116 1759 inuetisis

415 1793 506 1841 actam
525 1803 600 1854 esse,
628 1785 715 1841 Exod
739 1792 784 1856 12,
808 1805 834 1843 v.
860 1792 891 1842 a:
920 1789 1062 1842 Mactabit
1080 1805 1143 1841 eam
1161 1788 1251 1840 amau
1276 1802 1302 1836 v.
1322 1791 1346 1840 9.
1366 1784 1395 1837 id
1418 1793 1460 1839 est
1484 1792 1572 1838 totum
1596 1794 1625 1839 et
1647 1786 1802 1855 integrum,
1825 1803 1880 1841 non
1898 1788 2152 1845 dimembrsumu

415 1880 510 1927 caetus
534 1874 757 1941 cooperationis
781 1873 892 1940 ierat&
917 1873 966 1928 sed
992 1872 1029 1928 de
1051 1871 1251 1943 posterioribus
1277 1875 1338 1924 erat
1372 1870 1522 1924 assandum
1557 1877 1587 1925 et
1623 1878 1721 1939 postes
1749 1873 1985 1928 manducandum.
2027 1875 2113 1931 Hebr.

414 1957 586 2030 temporibus
612 1958 766 2012 sententiae
785 1957 901 2012 vadant
935 1956 1074 2029 Josephns
1099 1958 1147 2015 lib.
1167 1964 1191 2013 i.
1214 1958 1250 2013 de
1277 1954 1371 2024 Caput
1394 1955 1456 2023 ejtu
1472 1972 1558 2023 super
1574 1971 1665 2022 qeaaa
1682 1957 1745 2024 ejus
1762 1964 1789 2010 et
1805 1975 1890 2027 super
1907 1961 2026 2014 iuterim
2044 1963 2115 2031 ejus,

415 2042 479 2098 beii.
495 2042 563 2100 Jud.
586 2060 646 2114 cap.
668 2048 707 2097 tt.
730 2042 845 2098 inuuere
862 2042 973 2098 videtur
990 2044 1189 2113 posterioribus
1208 2059 1249 2097 se·
1276 2041 1305 2096 id
1329 2047 1374 2096 est
1394 2057 1458 2095 cum
1483 2041 1610 2095 cruribus
1637 2048 1667 2097 st
1692 2042 1830 2097 intestinis
1847 2046 1916 2114 ejus
1952 2045 2014 2100 Nec
2031 2048 2111 2118 qaid·

413 2130 484 2184 culis
511 2129 614 2184 hostes
638 2129 781 2200 paschales
798 2145 816 2184 a
833 2129 1024 2185 sacerdotibus
1041 2129 1128 2185 faisse
1145 2135 1249 2184 macta·
1277 2144 1361 2197 quam
1378 2143 1412 2181 ex
1429 2144 1463 2182 eo
1483 2126 1693 2198 relinquendum
1711 2145 1800 2199 usque
1821 2145 1909 2198 mane,
1929 2130 2036 2202 siquid
2049 2150 2114 2189 reo

413 2223 456 2271 tas
487 2214 532 2270 vel
564 2222 639 2271 certe
671 2220 837 2270 numeratas.
877 2213 960 2268 Philo
987 2214 1050 2270 libr.
1077 2221 1100 2271 3.
1129 2215 1164 2270 de
1193 2215 1250 2268 vita
1276 2213 1417 2267 residuum
1443 2213 1550 2281 sanat,
1575 2213 1605 2267 id
1623 2213 1689 2284 igne
1708 2223 1769 2268 erat
1786 2216 2005 2272 comburendam
2024 2233 2052 2272 r.
2074 2225 2111 2274 tt.

411 2300 520 2371 Moysis
536 2301 608 2354 illud
624 2307 724 2373 negat,
750 2301 892 2372 inquiens,
916 2300 992 2371 quod
1015 2317 1066 2371 pro
1082 2317 1114 2357 se
1132 2300 1250 2372 quisque
1278 2305 1302 2353 5.
1323 2299 1392 2351 Erat
1413 2305 1442 2354 et
1466 2298 1614 2369 peculiaris
1643 2300 1869 2355 mutantium
1886 2300 2001 2357 habitas
2019 2322 2047 2360 r.
2068 2312 2111 2360 tt:

414 2386 531 2441 bostiam
555 2386 613 2440 suis
635 2386 765 2441 manibus
780 2391 885 2441 mactet
901 2392 931 2441 et
946 2401 997 2456 pro
1017 2402 1049 2442 se
1067 2387 1185 2457 quisque
1202 2402 1249 2457 ge-
1279 2383 1327 2437 Sic
1358 2386 1509 2437 emaedetis
1537 2403 1613 2451 aim,
1639 2387 1696 2439 siat
1725 2388 1813 2439 lumbi
1840 2389 1927 2441 uestri
1951 2391 2115 2457 presumi·

412 2477 457 2527 rat
482 2473 662 2526 sacerdotem.
698 2471 754 2527 Sed
777 2488 811 2526 ex
835 2479 859 2527 2.
876 2471 968 2526 Paral.
987 2476 1035 2539 35,
1058 2489 1083 2524 v.
1110 2479 1150 2528 tl.
1174 2471 1249 2525 baud
1276 2473 1421 2539 (tanquam
1446 2471 1538 2524 itineri
1564 2471 1764 2539 aeduensem,
1793 2473 1940 2528 orientales
1965 2474 2039 2532 euim
2064 2493 2111 2547 pc-

414 2557 532 2612 dbscure
560 2555 718 2627 colligitur,
744 2564 809 2626 post
832 2562 997 2626 occupatam
1015 2562 1116 2611 terram
1136 2555 1250 2613 Censen
1276 2555 1334 2625 puli
1354 2555 1446 2626 longis
1462 2556 1586 2612 vatibus
1613 2563 1723 2611 utentes
1750 2556 1870 2628 cingulis
1891 2575 1922 2614 se
1939 2562 2110 2633 cumtringe

415 2645 470 2698 nori
488 2659 540 2713 per
558 2642 655 2696 domos
669 2641 816 2712 jugulatos
832 2657 934 2713 agnos,
959 2648 992 2695 nt
1009 2642 1038 2696 in
1056 2641 1189 2714 Aegypto
1207 2641 1249 2698 ia·
1276 2640 1345 2695 bant
1367 2643 1421 2697 iter
1437 2642 1551 2716 aliquod
1569 2643 1614 2697 vel
1639 2642 1695 2696 alia
1716 2645 1831 2714 negans
1846 2647 2035 2715 eggressum),
2057 2649 2112 2702 siat

414 2732 490 2782 ctum
508 2732 576 2795 erat,
595 2728 695 2781 sedin
713 2728 970 2797 temploaLevitis‚
989 2728 1064 2783 domi
1078 2737 1252 2799 veroposteu
1276 2728 1468 2781 nucamenta
1495 2737 1588 2782 cestra
1619 2729 1650 2781 ia
1675 2731 1797 2797 peditus
1819 2732 1920 2783 cestris
1944 2740 1972 2785 et
1997 2733 2111 2788 ὁσσιλὶω

414 2813 455 2867 illi
475 2814 542 2885 agni
561 2813 728 2868 assabantur
744 2819 773 2868 st
791 2814 1039 2871 manducabantur.
1275 2822 1365 2866 auter
1382 2816 1412 2868 ia
1429 2833 1516 2867 timna
1531 2822 1625 2868 watra
1643 2814 1703 2884 (qui
1720 2815 1790 2869 sciet
1810 2831 1868 2870 esse
1880 2815 1994 2871 habitus
2008 2836 2110 2888 eorum,

328 2924 351 2953 m
383 2931 393 2941 -
450 2905 490 2955 35.
526 2907 551 2956 t.
583 2899 806 2955 Manducata'onis
838 2900 1063 2956 circumstantiae
1094 2900 1146 2956 hae
1176 2907 1249 2955 sunt.
1276 2899 1324 2968 qai
1332 2900 1450 2970 jamjam
1462 2900 1514 2955 iter
1524 2899 1686 2971 ingressuri)
1699 2899 2110 2960 admonebanturhacecremo

301 2976 315 3005 ¹¹
380 2994 386 3005 '
417 2993 438 3043 l.
458 2984 583 3051 Quilibet
601 2985 801 3058 paterfamilias
825 3001 889 3040 cum
912 2986 970 3041 sais
989 2986 1147 3042 domesticis
1165 3004 1248 3057 pecu·
1275 2985 1323 3038 uia
1339 2986 1429 3040 exitus
1447 3002 1482 3039 ex
1500 2986 1631 3055 Aegypto
1651 2986 1775 3055 proxime
1792 2986 1934 3051 metantis,
1951 2991 2033 3060 cujus
2051 3007 2109 3061 per-

414 3073 510 3128 liarem
533 3088 637 3143 agnum
660 3072 706 3126 die
729 3071 838 3127 decima
854 3072 957 3127 mensis
971 3072 1053 3142 primi
1071 3079 1248 3144 segregatum
1275 3076 1392 3140 paurum
1418 3071 1577 3125 memoriale
1600 3072 1629 3123 in
1653 3069 1706 3125 hoc
1723 3079 1895 3127 aeramento
1912 3075 2033 3143 posteris
2052 3083 2111 3131 erat

413 3164 442 3214 et
459 3158 683 3231 decimaquinta
702 3164 854 3213 macutum
872 3163 901 3212 et
916 3165 1015 3229 pastea
1031 3166 1155 3213 assatum
1174 3175 1248 3213 com·
1275 3155 1456 3226 propositum.
1491 3156 1554 3220 Quo
1577 3156 1660 3211 etiam
1678 3157 1810 3226 pertinet,
1836 3159 1911 3229 quod
1927 3161 2110 3216 comssiebsnt

412 3245 528 3306 edebat,
555 3245 655 3316 quodsi
680 3244 778 3299 domus
803 3251 863 3298 erat
886 3245 988 3313 minor,
1012 3244 1042 3297 id
1066 3250 1110 3299 est
1132 3244 1156 3299 si
1179 3261 1247 3315 psa·
1267 3242 1445 3309 festinanter
1479 3233 1606 3316 titana,
1651 3241 1685 3297 in
1717 3243 1911 3311 festinaa'ene,
1951 3246 2011 3301 rad
2052 3253 2108 3316 qtttt

411 3331 499 3385 ciores
519 3329 678 3398 domestici,
705 3346 789 3400 quam
807 3336 840 3384 at
856 3337 949 3386 essent
968 3330 1154 3386 consumendo
1174 3347 1248 3402 agno
1274 3344 1338 3382 cum
1359 3333 1471 3397 stupore
1490 3335 1519 3380 et
1534 3327 1730 3397 pavoreiugit
1750 3345 1775 3384 r.
1802 3338 1839 3385 tt.
1862 3333 2012 3385 emmau
2028 3335 2109 3397 festi-

411 3415 596 3480 sufficientes,
628 3416 823 3471 accusabatur
850 3416 973 3485 nomm,
995 3416 1083 3473 Exod.
1103 3421 1148 3480 tt,
1173 3434 1198 3473 v.
1218 3423 1248 3471 3:
1273 3422 1388 3481 scater,
1413 3412 1484 3467 tatia
1506 3412 1620 3468 additur
1640 3398 1741 3487 niuji
1772 3416 1831 3465 itin
1856 3416 1941 3489 iiiiii,
1973 3420 2109 3471 λσωισίιιιε

412 3503 540 3572 Accipiet
567 3501 624 3554 eidi
646 3505 838 3572 uuusquisque
862 3521 965 3570 apuam
982 3518 1038 3571 per
1062 3504 1175 3556 domum
1193 3520 1247 3572 pa
1272 3501 1337 3568 ipse
1351 3499 1484 3567 Doraiai,
1508 3512 1539 3553 ut
1556 3499 1594 3553 sit
1613 3516 1724 3570 sensus,
1747 3501 1811 3556 ideo
1832 3500 2023 3556 iosfimndum
2040 3519 2108 3570 use,

413 3595 497 3655 tntis,
521 3605 626 3656 apuam
641 3603 697 3655 per
716 3590 829 3642 ἀσσσωσ
847 3589 1002 3655 (universus
1021 3588 1142 3659 populns
1161 3589 1247 3644 Israiil
1273 3586 1340 3657 quia
1361 3602 1460 3655 parum
1481 3586 1612 3656 temporis
1632 3587 1671 3641 sit
1693 3587 1899 3657 superfuturum
1918 3587 2041 3643 Domino
2059 3607 2109 3661 per

411 3672 440 3725 in
473 3678 504 3726 tt
527 3669 618 3726 tribus
647 3671 752 3726 divisus
783 3680 855 3738 erat,
883 3691 956 3745 qnae
984 3673 1091 3729 divisse
1114 3681 1194 3729 erant
1218 3674 1247 3728 in
1272 3672 1435 3744 Aegyptam
1473 3678 1634 3728 nameunte
1670 3674 1801 3744 ipsosque
1833 3691 1867 3729 cx
1897 3692 1932 3729 ea
1963 3675 2107 3731 educteuo.

411 3759 518 3828 patrias
544 3762 595 3811 sut
615 3757 748 3823 familias,
776 3759 877 3814 deinde
892 3759 1018 3815 familiae
1034 3760 1064 3813 in
1081 3761 1191 3827 domos,
1218 3761 1247 3816 in
1273 3759 1332 3814 Nec
1368 3763 1460 3812 tamen
1499 3758 1685 3827 improbamus
1714 3777 1809 3814 eornm
1843 3759 2107 3831 mterpretationeus,

410 3843 523 3898 familiis
551 3849 581 3898 et
605 3843 734 3899 domibus
760 3844 873 3915 quidam
897 3853 977 3900 eram
993 3844 1149 3916 praecipui,
1176 3863 1247 3917 quos
1272 3845 1321 3915 qui
1344 3843 1413 3898 baec
1431 3842 1517 3897 verba
1539 3860 1595 3897 non
1621 3861 1672 3913 per
1690 3849 1861 3915 αἰτιολογίαν
1879 3861 1943 3900 cum
1961 3847 2108 3917 superiori·

411 3930 550 3984 vocabant
567 3935 668 4001 patres,
687 3945 754 4001 ergo
766 3931 850 4000 juxta
862 3930 982 3985 familias
994 3938 1023 3986 et
1035 3931 1130 3986 domos
1142 3947 1245 4002 agnum
1273 3931 1325 3985 bus
1347 3931 1535 3999 conjungunt,
1563 3929 1610 3983 sed
1636 3947 1696 3985 esse
1717 3932 1890 4001 superiorum
1913 3933 2037 3987 omnium
2061 3949 2107 3988 ve

408 4014 544 4082 jubentur
567 4015 761 4083 manducare),
787 4031 813 4067 r.
831 4021 862 4071 42
890 4023 917 4069 et
931 4016 959 4068 ei
979 4017 1073 4069 misor
1087 4018 1178 4081 fuerit
1196 4018 1247 4071 do·
1272 4016 1315 4072 lut
1342 4020 1533 4088 συμπέρασμα
1559 4015 1700 4085 quoddam
1726 4024 1858 4072 statuuat.
1899 4018 1963 4071 Hos
1990 4027 2033 4072 est
2057 4036 2108 4088 pc«

411 4115 473 4152 raus
490 4101 547 4153 eive
565 4102 696 4167 samaia,
718 4118 804 4170 quam
819 4109 851 4154 ut
867 4118 970 4169 aquam
988 4103 1132 4156 couwdcre
1145 4103 1247 4172 possit,
1272 4104 1340 4156 saclt
1359 4101 1487 4169 Domini,
1505 4099 1557 4154 hoc
1574 4107 1617 4155 est
1633 4100 1679 4155 hie
1701 4101 1771 4156 ritus
1789 4102 1929 4157 mactandi
1944 4110 1974 4157 et
1990 4105 2106 4160 mandu-

411 4185 530 4253 saepta
546 4185 669 4240 σι’σίσσσι
684 4204 778 4256 emm,
796 4188 957 4256 proximam
979 4188 1077 4241 domui
1097 4205 1163 4257 sua,
1188 4207 1246 4258 pro
1272 4188 1355 4243 candi
1378 4201 1483 4256 agnum
1507 4191 1550 4240 est
1570 4200 1681 4240 sacrum
1706 4187 1826 4256 pascha,
1854 4195 1953 4243 saneta
1971 4189 2107 4246 taurim

409 4286 526 4324 numero
552 4272 713 4325 meierum
741 4288 961 4346 untsmqrseasque
988 4276 1141 4327 temdum
1165 4277 1246 4328 edoee
1272 4271 1401 4341 Domini,
1432 4285 1488 4342 quo
1513 4270 1637 4326 collimat
1667 4271 1785 4342 paraph.
1813 4271 1911 4328 ohad
1947 4282 1988 4328 ast
2017 4277 2107 4344 plane

409 4355 473 4424 ejas
498 4357 681 4410 ramanae
708 4374 794 4426 super
819 4374 936 4426 wama,
963 4358 993 4412 id
1016 4365 1060 4413 est
1082 4364 1125 4414 tot
1141 4359 1246 4415 vicinos
1272 4376 1369 4413 caram
1400 4358 1532 4411 Domitio.
1579 4357 1661 4421 Quod
1691 4374 1756 4413 vero
1792 4362 1944 4414 nocturum
1981 4360 2107 4433 Zwingiii

410 4440 465 4496 sibi
486 4441 630 4512 adjunget,
648 4442 737 4498 donec
755 4459 886 4498 nummus
902 4442 1044 4499 hominnm
1061 4442 1191 4500 sufficere
1206 4445 1244 4498 vi·
1272 4444 1391 4500 monitor
1426 4444 1456 4497 ia
1495 4443 1571 4498 subs.
1606 4444 1754 4499 eucharist.
1789 4446 1983 4514 metonymiam
2015 4464 2106 4504 sm-

410 4525 524 4582 debitur
551 4528 589 4582 ad
616 4528 819 4585 absumendum
847 4545 960 4601 agnum
1000 4529 1140 4600 iosephus
1161 4531 1188 4586 d
1212 4530 1246 4585 l.:
1272 4530 1420 4585 mentalem
1446 4545 1479 4583 ex
1504 4528 1558 4583 hoe
1581 4529 1643 4583 ioco
1665 4529 1825 4599 enouipere
1841 4531 1944 4599 voluit,
1969 4530 1999 4585 id
2023 4549 2106 4604 quun

409 4615 469 4666 Per
487 4613 602 4681 stapulo
620 4616 799 4669 contubernia
817 4634 875 4670 aaa
888 4617 1031 4686 pauciora
1049 4633 1135 4686 queam
1150 4618 1244 4670 &cem
1271 4619 1308 4672 sit
1333 4635 1351 4671 a
1378 4624 1458 4672 textu
1489 4617 1627 4680 alienam,
1661 4616 1730 4671 alibi
1762 4615 1932 4673 ostendetur.
1975 4618 2105 4675 Ceteram

408 4699 535 4753 uirorum
544 4700 632 4767 fissit,
655 4701 747 4754 solum
765 4704 839 4756 asia
858 4702 973 4773 spectari
988 4719 1045 4755 noa
1061 4700 1140 4766 Nost,
1165 4703 1246 4756 multi
1271 4720 1335 4758 cnm
1371 4701 1497 4757 cuneus
1540 4701 1569 4756 iu
1604 4702 1704 4756 ultima
1739 4718 1829 4759 coena
1861 4720 1926 4757 oum
1961 4703 2106 4776 discipulis

409 4786 494 4839 etium
519 4786 607 4839 cicini
631 4788 804 4844 consentient.
838 4788 972 4846 Horrebat
999 4788 1069 4843 haec
1091 4787 1246 4843 ceremonia
1270 4790 1329 4844 suis
1349 4789 1453 4860 pascha
1472 4788 1615 4843 celebrum
1631 4786 1804 4843 discubuisse
1822 4788 1932 4845 dicatur
1949 4790 2051 4849 Muta
2065 4798 2106 4856 26,

409 4871 445 4925 de
474 4871 647 4944 φιλαδελφίᾳ
679 4887 713 4926 sc
742 4880 840 4929 mutua
869 4875 1030 4943 dilectione,
1065 4888 1138 4944 quae
1171 4873 1246 4928 inter
1269 4893 1295 4932 v.
1314 4882 1356 4931 2⁰.
1391 4881 1421 4930 et
1447 4892 1514 4931 vero
1533 4890 1596 4929 enm
1614 4874 1713 4930 habita
1730 4875 1956 4931 manducantium
1971 4877 2105 4933 divinitus

408 4964 557 5017 συσσίτους
572 4957 655 5044 bajas
672 4959 839 5013 swnmenti
858 4961 953 5032 vigere
973 4960 1083 5017 debeat.
1119 4964 1144 5014 l.
1164 4960 1243 5014 Man·
1270 4965 1419 5033 praecepto
1440 4960 1471 5015 id
1494 4961 1623 5016 videatur
1647 4976 1789 5030 pugnare,
1813 4960 1877 5016 ideo
1894 4961 2062 5018 Romulius
2079 4970 2107 5018 st

409 5043 566 5099 ducebatur
589 5059 653 5098 cum
675 5042 795 5115 panibus
818 5047 924 5117 asymis
945 5046 1022 5102 nullo
1047 5047 1182 5101 iumento
1202 5048 1243 5101 in·
1270 5049 1345 5103 Besa
1361 5048 1391 5102 in
1407 5063 1468 5116 cap.
1487 5052 1528 5102 iti.
1541 5046 1641 5102 Matth.
1660 5046 1702 5100 uti
1720 5053 1749 5101 et
1759 5046 1890 5102 Bneanus
1907 5048 1937 5102 in
1956 5048 2018 5104 loco
2032 5066 2105 5105 com·

408 5129 503 5196 fectis,
535 5130 584 5185 sed
612 5130 753 5196 dulcibus,
784 5146 901 5200 quorum
926 5148 1087 5204 azymorum
1107 5148 1176 5186 usus
1194 5149 1244 5204 per
1270 5152 1345 5191 mun.
1370 5133 1419 5190 lib.
1443 5139 1485 5188 45.
1509 5151 1536 5202 p.
1560 5138 1620 5187 587.
1643 5138 1784 5203 statuunt,
1803 5133 1890 5189 Exod
1914 5138 1953 5190 12.
1972 5135 2107 5207 praecipi,

408 5215 546 5287 integrum
583 5216 742 5288 scptidnam
770 5221 870 5287 postea
899 5218 1122 5286 coadunabatur,
1150 5236 1175 5272 v.
1197 5226 1243 5275 ta:
1270 5236 1326 5291 qua
1354 5219 1461 5273 ratione
1492 5218 1591 5273 enimn
1621 5235 1655 5273 ex
1687 5217 1821 5288 Aegypto
1849 5220 1940 5289 prima
1968 5220 2020 5277 itts
2045 5223 2107 5278 ricc

410 5303 521 5369 Septem
557 5305 654 5355 ‹tietnu
683 5303 883 5365 informatura
909 5305 1088 5358 mmeritis
1116 5310 1167 5360 ete.
1208 5305 1244 5359 Id
1269 5304 1374 5375 paseha
1390 5303 1534 5358 comedere
1552 5302 1688 5369 debeant,
1712 5304 1797 5374 paulo
1814 5309 1879 5359 ante
1894 5321 1979 5375 quam
1996 5324 2032 5363 ex
2049 5308 2106 5365 Aa

408 5387 483 5457 qaod
507 5387 655 5459 aliquoties
679 5388 708 5442 in
731 5387 911 5459 sequentibus
933 5387 1097 5445 inculcatur.
1131 5392 1176 5458 (ln
1196 5391 1243 5447 de·
1270 5396 1359 5462 gypto
1377 5393 1477 5446 exeam
1494 5395 1523 5443 et
1539 5389 1593 5443 iter
1609 5389 1813 5460 ingrediantur,
1830 5390 1956 5460 quisita
1973 5392 2108 5465 uigebat

408 5477 481 5525 serto
509 5474 589 5543 panis
618 5474 710 5545 azymi
736 5474 798 5528 loco
823 5482 1118 5544 usurparunt'msnna
1142 5493 1244 5547 panem
1269 5478 1349 5531 iilius·
1370 5475 1501 5546 temporis
1529 5475 1693 5540 neooesitas,
1721 5475 1771 5530 sed
1792 5476 1822 5530 in
1841 5476 1904 5546 lege
1921 5476 2039 5547 ddnde,
2057 5480 2109 5536 aiii

406 5556 524 5612 coelitus
540 5560 652 5623 damni,
673 5560 756 5617 Num.
774 5565 799 5627 9,
812 5576 839 5615 r.
859 5562 896 5624 5.)
932 5560 1092 5617 Memoriale
1111 5562 1164 5618 boc
1179 5562 1243 5633 fuit,
1269 5562 1451 5633 praecipitur,
1479 5569 1511 5617 ut
1533 5560 1689 5617 ceremonia
1711 5561 1762 5615 illa
1781 5560 1848 5633 agni
1868 5562 2010 5631 paschalis
2026 5573 2109 5638 quet·

407 5643 481 5714 qaod
512 5649 592 5699 nuta
625 5662 702 5704 cum,
717 5646 893 5703 ioetinatione
919 5648 1038 5718 majores
1061 5648 1183 5717 ipsoram
1208 5666 1243 5703 ex
1271 5650 1351 5705 aunis
1370 5656 1525 5715 renovetur,
1548 5648 1633 5703 istaec
1651 5665 1706 5702 non
1723 5649 1803 5715 addi,
1827 5655 1912 5718 atque
1928 5651 1995 5707 inda
2012 5671 2111 5711 omnes
