4800 6659
896 541 918 611 g
942 522 1288 584 nnsscasrmnum.
1546 471 1550 481 ⁸
1889 526 1952 594 cca

266 684 313 743 Dei
340 686 462 742 auctoris
483 686 653 742 institutione
678 684 804 758 potentia
826 687 855 740 et
879 682 1040 754 operatione
1061 679 1091 735 in
1120 680 1177 736 tide
1199 687 1309 750 nostra,
1337 680 1386 737 sed
1413 679 1496 738 fidem
1520 679 1623 754 requiri
1647 680 1778 751 dicmur,
1805 687 1838 737 nt
1864 697 1954 740 sacra

266 771 382 828 olidum
404 773 576 844 dependeat,
601 774 683 829 facile
704 789 754 828 nos
776 771 829 826 sibi
854 770 969 825 haberet
985 768 1091 824 Bellar-
1118 774 1213 825 menta
1240 769 1321 824 nobis
1350 770 1407 825 sint
1433 769 1572 825 salutaria
1618 768 1677 825 Nec
1706 767 1884 824 Ohemnlcius
1907 769 1952 825 rel

266 858 352 914 ninus
384 858 567 934 ὁμοψήφους,
598 878 687 934 neque
716 860 790 915 enim
816 859 851 914 de
876 857 958 912 modo
980 856 1030 912 illo
1054 856 1093 911 lo·
1119 854 1192 910 ullus
1216 862 1373 911 nostrorum
1396 857 1480 927 dixit,
1507 856 1612 912 nullam
1639 873 1699 912 esse
1717 861 1950 911 sacramentorum

266 945 367 1017 [nendi
392 946 487 1002 odiose
504 946 636 1003 vellemus
656 946 802 1015 dimicare,
827 948 876 998 aut
896 949 971 1000 certe
990 942 1093 997 dicere·
1119 940 1274 997 efficaciam
1299 941 1353 997 nisi
1378 942 1415 996 sd
1442 943 1568 998 alendam
1592 942 1676 999 tidem
1700 959 1750 1014 per
1768 943 1880 998 modum
1900 942 1947 997 ob·

266 1049 324 1086 nus
341 1031 427 1087 illud:
447 1039 567 1088 mentem
584 1039 657 1101 tene,
675 1032 799 1104 linguam
816 1030 931 1102 corrige,
951 1029 1093 1101 qnodjam
1116 1028 1187 1101 jacti
1213 1029 1447 1099 repraesentantis
1474 1030 1595 1085 divinam
1623 1030 1830 1100 promissionem
1861 1030 1948 1101 (quod

266 1116 330 1173 ilirn
355 1117 531 1173 Chemuicius
555 1119 698 1190 Alphonso
725 1125 753 1174 et
777 1116 922 1188 Groppsro
944 1112 1304 1213 respondithellarminus
1321 1114 1373 1169 hoc
1391 1116 1452 1171 loco
1470 1116 1550 1171 nobis
1568 1116 1693 1184 tribuit),
1717 1115 1765 1171 scd
1789 1116 1890 1170 diserte
1907 1116 1948 1169 di·

266 1204 310 1277 qui
328 1204 426 1259 itidem
444 1205 626 1276 scripserant,
647 1205 764 1261 termino
781 1204 872 1276 operis
890 1203 997 1273 operati
1016 1201 1094 1256 mini·
1121 1201 1221 1269 cimus,
1246 1207 1420 1257 sacramenta
1442 1218 1503 1257 esse
1521 1201 1587 1257 fidei
1606 1203 1781 1272 excitandae,
1804 1203 1949 1275 augendae

266 1291 313 1345 rtri
338 1296 368 1346 et
391 1292 567 1361 suscipientis
594 1293 720 1348 meritum
744 1299 828 1363 atque
848 1290 1011 1363 dignitatem
1034 1294 1094 1342 tsn-
1122 1294 1151 1345 et
1168 1288 1372 1344 confirmandae
1388 1306 1506 1361 organa,
1535 1307 1591 1345 uon
1616 1290 1691 1345 nude
1709 1290 1949 1361 repraesentando,

266 1377 408 1433 mmmodo
433 1377 551 1434 excludi.
587 1378 643 1435 Sed
665 1396 716 1433 nec
740 1376 903 1433 Scholastici
927 1392 977 1431 nec
1001 1374 1095 1430 Ponti·
1122 1375 1171 1430 sed
1189 1392 1255 1430 vere
1271 1374 1424 1431 efficiendo.
1460 1376 1567 1432 Sanora
1581 1392 1650 1432 voce
1667 1375 1841 1448 profitemur,
1860 1393 1949 1432 sacra·

266 1462 320 1519 icii
352 1463 406 1519 hcc
436 1464 606 1520 solummodo
634 1464 795 1529 excludunt,
824 1463 874 1519 sed
899 1462 987 1533 ipsam
1012 1462 1095 1518 etiarn
1122 1469 1216 1516 menta
1242 1478 1303 1517 esse
1330 1479 1428 1516 causas
1454 1461 1692 1529 instrumentales,
1723 1481 1773 1534 per
1800 1480 1869 1534 quas
1895 1471 1951 1519 noh

266 1548 362 1618 idem,
389 1566 461 1622 quas
483 1550 690 1623 promissionem
716 1551 823 1623 gratim
843 1548 1023 1605 sacramentis
1049 1565 1096 1604 an·
1122 1547 1210 1602 solnm
1236 1548 1317 1603 nobis
1342 1548 1470 1617 offertur,
1500 1549 1549 1605 sed
1578 1554 1607 1605 et
1629 1550 1769 1605 confertur
1794 1556 1878 1622 atque
1901 1549 1951 1605 ob-

266 1651 365 1692 ncxam
384 1636 510 1708 respicit,
527 1633 709 1708 apprehendit
721 1636 831 1708 sibique
844 1634 974 1707 applicat.
1005 1634 1098 1705 Negat
1122 1634 1248 1706 signatur
1267 1636 1370 1706 gratia,
1397 1635 1525 1691 addimus
1546 1641 1639 1691 sutem
1668 1635 1752 1692 fidem
1775 1636 1892 1708 requiri,
1920 1642 1952 1690 ut

266 1720 454 1778 Ballsrminus
471 1723 555 1779 fidem
573 1724 695 1779 excludi:
720 1724 856 1778 Voluntas
873 1720 1001 1793 (inquit),
1019 1721 1097 1784 tides
1123 1719 1244 1776 oblatam
1270 1721 1299 1775 in
1318 1722 1497 1777 sacramentis
1514 1722 1632 1793 gratiam
1648 1722 1887 1795 apprehendamus
1905 1740 1951 1779 no·

266 1816 292 1864 st
312 1810 490 1879 poenitentia
511 1810 542 1863 isa
563 1810 731 1880 accipiente
758 1809 859 1863 adulto
880 1807 1098 1861 necessariora·
1123 1806 1222 1878 bisque
1242 1807 1421 1878 applicemus.
1456 1807 1656 1880 Oonjuugimus
1679 1809 1765 1881 igitur
1789 1809 1953 1864 instrumen-

266 1897 418 1968 qnirrmtar
442 1905 475 1951 rst
492 1898 688 1966 drbpcsitrm
708 1913 741 1949 er
755 1903 839 1967 parte
857 1894 981 1964 sabjecti,
999 1912 1055 1948 aon
1068 1902 1099 1945 ue
1123 1899 1182 1946 tum
1205 1893 1323 1949 offerens
1347 1901 1376 1950 et
1397 1894 1606 1966 apprehendens
1634 1911 1782 1968 organum,
1807 1914 1858 1966 per
1877 1896 1952 1968 quod

266 2000 371 2038 cauae
388 1984 510 2052 actione,
535 2002 591 2037 noer
610 1984 682 2037 enim
693 1983 777 2051 fides
798 1990 824 2036 et
841 1981 1010 2051 poenitentia
1030 1982 1098 2046 effi-
1125 1978 1201 2033 Deus
1219 1978 1300 2035 offert
1316 1981 1396 2036 nobis
1415 1998 1495 2036 suam
1512 1982 1630 2052 gratiam
1649 1988 1678 2037 et
1691 1982 1878 2038 remissionem
1891 1998 1953 2053 pec·

266 2071 344 2125 dant
369 2072 492 2139 pretium
515 2070 761 2138 suoecmerstclem,
789 2084 875 2137 ceqrse
900 2070 970 2121 duct
995 2069 1099 2133 effice·
1125 2071 1263 2133 catorum,
1289 2083 1322 2121 sc
1343 2084 1394 2138 per
1420 2067 1494 2139 quod
1518 2084 1569 2122 uos
1586 2067 1681 2123 oblata
1697 2068 1747 2122 illa
1765 2068 1840 2123 bona
1857 2068 1955 2139 recipi·

268 2156 342 2210 crbm
361 2158 539 2225 sacrmenti,
557 2159 610 2211 sed
626 2156 716 2212 solum
734 2155 835 2210 tollunt
853 2154 1010 2223 obstantia,
1028 2171 1099 2224 qaue
1125 2170 1193 2207 mus.
1229 2152 1308 2208 Haec
1332 2154 1425 2209 omnia
1442 2154 1468 2208 si
1484 2154 1572 2224 probs
1590 2155 1787 2223 observentur,
1811 2155 1893 2209 facile
1910 2156 1954 2227 ju-

269 2243 446 2314 mediceae,
468 2261 503 2298 ns
520 2251 786 2298 sacramentotenus
798 2239 962 2308 efficaciam
975 2256 1100 2293 exserere
1125 2238 1213 2293 dicari
1229 2245 1321 2311 potest
1338 2240 1372 2294 de
1389 2239 1452 2308 illis,
1472 2257 1543 2312 quae
1562 2260 1617 2298 nou
1640 2242 1728 2297 solum
1747 2248 1842 2296 contra
1858 2240 1955 2297 Chem-

266 2337 394 2400 possm,
418 2332 492 2384 unde
513 2330 542 2384 in
555 2331 668 2401 pneris,
695 2329 744 2382 ubi
759 2346 815 2382 sos
832 2328 987 2398 repetitur
1004 2328 1099 2397 dispc-
1126 2325 1230 2380 nicium
1266 2343 1327 2398 cap.
1357 2334 1378 2383 1.
1406 2327 1456 2382 sed
1489 2327 1573 2383 etiam
1601 2345 1651 2399 pro
1679 2327 1839 2384 defensioue
1864 2328 1955 2397 operis
1968 2334 2025 2375 Vlla
2039 2334 2085 2377 m·

268 2414 343 2484 sitio,
362 2417 423 2469 sine
441 2417 503 2471 iilis
522 2418 603 2470 redas
614 2418 653 2481 fit
665 2415 846 2484 justificatio.
877 2414 1100 2484 Respondemus:
1126 2411 1618 2483 omnisapientiam.
1649 2413 1831 2469 Bellarmiuus
1843 2413 1955 2485 profert,

270 2500 314 2558 hic
345 2503 458 2558 demum
487 2504 678 2559 descendimus
704 2503 740 2558 ad
767 2509 901 2574 punctum
924 2502 1101 2574 quaestionis.
1127 2516 1160 2554 ea
1177 2499 1249 2555 enim
1266 2497 1337 2553 nihil
1355 2498 1433 2563 aliud
1451 2498 1585 2571 probant,
1610 2518 1693 2574 quam
1710 2508 1883 2556 sacramenta
1900 2516 1955 2554 non

270 2587 369 2645 Fidem
395 2589 431 2643 ad
454 2598 687 2645 sacramentorum
712 2607 793 2645 usum
817 2588 965 2645 salutarem
989 2589 1101 2662 requiri,
1127 2602 1187 2641 essa
1214 2586 1290 2641 nuda
1317 2585 1411 2658 signa,
1437 2586 1488 2641 sed
1514 2588 1598 2643 etiam
1624 2586 1749 2643 efficacia
1775 2586 1879 2653 media,
1907 2603 1957 2656 per

271 2673 387 2730 dicimus
410 2693 476 2731 nos:
508 2676 582 2732 idem
601 2676 730 2731 videntur
753 2676 845 2731 dicere
868 2674 1023 2744 Pontificii,
1051 2675 1101 2731 sed
1128 2673 1200 2743 quae
1228 2672 1306 2728 Deus
1334 2673 1466 2727 coelestia
1491 2672 1627 2729 beneficia
1650 2672 1806 2728 hominibus
1831 2671 1913 2727 offert
1929 2677 1957 2726 st

272 2759 356 2833 ὅμοια
380 2762 436 2835 μὲν
460 2764 612 2836 λαλοῦμεν,
638 2760 759 2837 ἀνόμοια
783 2763 814 2816 δὲ
836 2763 1006 2835 φρονοῦμεν.
1042 2761 1101 2817 Nec
1126 2759 1303 2815 credentibus
1320 2760 1455 2832 applicat,
1480 2759 1510 2814 id
1528 2760 1602 2832 quod
1619 2759 1729 2830 rejectis
1748 2759 1825 2813 tricis
1844 2758 1956 2814 Schola·

272 2848 342 2904 anim
360 2866 482 2919 semper,
500 2866 551 2905 nec
570 2849 666 2905 eodem
683 2848 859 2904 modoiidem
873 2848 1100 2921 requiruntPon·
1128 2845 1205 2900 sticis
1228 2852 1257 2901 et
1278 2846 1439 2917 corruptelis
1458 2847 1519 2918 jam
1541 2853 1606 2902 ants
1628 2846 1732 2901 notans
1753 2852 1817 2900 ταῖν
1846 2845 1957 2919 ἀμφοῖν

271 2932 356 2992 titicii
391 2934 475 2990 Prius
492 2941 570 3006 petet
587 2952 621 2991 ex
638 2953 680 3006 eo,
697 2936 763 3007 quis
781 2936 811 2990 in
828 2935 980 2990 infantibus
997 2941 1101 3008 negant
1127 2949 1183 2988 uon
1199 2934 1288 2988 solum
1306 2934 1511 3006 amplectimur,
1535 2934 1585 2989 sed
1604 2934 1688 2990 etiam
1706 2940 1803 2989 contm
1819 2932 1956 2989 cnrinie

272 3019 374 3093 requiri
391 3020 475 3077 iidem
493 3022 529 3077 ad
548 3021 697 3078 salutarem
715 3023 847 3094 baptismi
864 3040 953 3091 usum,
969 3040 1032 3078 curn
1052 3041 1102 3095 per
1128 3037 1178 3075 nos
1195 3026 1307 3075 strenue
1327 3038 1543 3094 propugnamus.

272 3114 390 3164 aetatem
408 3108 521 3165 credere
540 3108 662 3164 nondum
680 3109 793 3180 possint
828 3108 869 3163 At
887 3126 937 3164 nos
956 3126 990 3164 ex
1006 3109 1102 3165 immo-

272 3192 307 3250 tis
328 3192 490 3266 Scripturas
514 3195 700 3251 fundamentis
726 3196 958 3264 demonstramus,
982 3197 1102 3253 infantes
1164 3199 1204 3250 87.
1220 3194 1337 3266 Egimns
1356 3194 1489 3250 hactenus
1506 3193 1541 3249 de
1558 3198 1792 3248 samamentorum
1808 3192 1863 3249 linc
1880 3194 1955 3265 prin·
1969 3201 2084 3245 Posterior

273 3278 428 3352 baptizatos
458 3298 523 3338 vere
554 3283 679 3346 credere.
711 3281 831 3354 ideoque
862 3282 967 3353 duplici
990 3301 1102 3339 munere
1128 3280 1212 3351 cipali
1237 3281 1341 3353 priore,
1364 3282 1438 3354 quod
1462 3280 1567 3337 scilicet
1589 3281 1646 3337 sint
1666 3296 1786 3352 organa,
1808 3279 1900 3335 media
1928 3254 2083 3347 etii'i'iiiiss

273 3364 353 3439 fungi
372 3368 542 3439 baptismum
559 3370 588 3424 in
605 3370 771 3424 infantibus:
790 3376 849 3424 tum
867 3370 942 3442 quod
955 3370 991 3426 sit
1003 3371 1102 3427 efficax
1128 3366 1267 3442 ὀχήματα,
1288 3386 1338 3439 per
1355 3385 1427 3441 quas
1444 3368 1520 3424 Deus
1539 3366 1628 3436 offert,
1647 3367 1759 3422 exhibet
1775 3373 1804 3422 et
1822 3367 1956 3424 credenti·
1969 3364 2076 3450 Juffiu

274 3454 409 3522 medium,
433 3472 484 3526 per
506 3457 581 3527 quod
603 3456 722 3527 Spiritus
745 3462 860 3515 sanctus
880 3456 982 3511 inillis
1002 3459 1104 3513 excitat
1130 3453 1182 3508 but
1208 3455 1332 3525 applicat
1356 3454 1563 3525 promissionem
1591 3453 1726 3526 evangelii
1753 3454 1892 3524 propriam
1921 3454 1956 3510 dc
1970 3462 2030 3508 quos
2043 3438 2089 3504 sui

274 3537 371 3608 fidem3
402 3546 463 3596 tum
490 3543 564 3611 quod
590 3543 627 3597 sit
650 3542 771 3597 salutare
789 3559 937 3616 organum,
961 3561 1010 3615 per
1027 3545 1102 3615 quod
1130 3541 1290 3597 remissione
1309 3549 1493 3613 peecatorum,
1510 3540 1620 3611 justitia
1637 3541 1738 3617 etrite
1754 3549 1879 3610 aeterna3
1896 3514 2067 3612 suc-iiiiii..

273 3626 405 3683 ccclestia
421 3627 555 3683 beneficia
572 3628 640 3699 ipsis
658 3619 824 3698 offeruntur,
846 3646 895 3700 per
913 3628 997 3684 fidem
1015 3632 1103 3702 appli-
1130 3628 1206 3683 cedit
1221 3628 1285 3682 finis
1304 3627 1464 3700 principalis
1481 3627 1623 3698 posterior,
1642 3628 1715 3698 quod
1727 3628 1783 3684 sint
1796 3631 1957 3709 σφραγῖδες)
1969 3617 2059 3709 ξζζῗξξ

274 3720 374 3769 cantur
398 3719 484 3786 atque
507 3715 619 3786 insuper
637 3717 721 3771 etism
738 3715 927 3787 obsignantur.
963 3714 1103 3771 Posterius
1130 3714 1223 3787 sigilla
1253 3722 1281 3771 et
1299 3708 1452 3786 'signacula
1477 3714 1682 3785 promissionem
1713 3715 1822 3771 divinae
1851 3716 1957 3788 gratiae
1970 3729 2034 3762 rum.-

274 3806 351 3871 patet
368 3818 402 3857 ex
420 3818 467 3869 eo,
487 3802 552 3873 quis
568 3801 709 3858 Pontificii
726 3801 808 3857 fidem
826 3802 901 3856 nuda
917 3803 1019 3858 notitia
1037 3802 1103 3858 deti·
1131 3801 1308 3856 credentibus
1330 3800 1480 3856 exhibitam
1501 3799 1685 3872 obsignautia.
1720 3801 1754 3856 In
1778 3803 1956 3859 sacramentis

274 3888 354 3943 aiunt
380 3886 577 3952 (Bellarminus
609 3906 671 3945 eam
701 3889 805 3943 rectius
821 3904 885 3957 per
911 3888 1103 3956 ipocrcntr'am
1131 3888 1203 3942 enim
1222 3887 1299 3942 Deus
1323 3886 1441 3958 gratiam
1459 3902 1538 3940 suam
1562 3886 1657 3951 offert,
1682 3888 1803 3943 oblatam
1824 3889 1957 3944 credenti·
1971 3876 2047 3968 ffi

273 3989 357 4043 gsam
377 3990 433 4043 per
451 3976 579 4029 notitiam
596 3976 716 4041 definiri
739 3975 863 4045 disputat
883 3980 904 4031 l.
927 3975 962 4029 de
989 3975 1102 4045 justific.
1131 3976 1183 4031 bus
1200 3974 1324 4046 applicat
1341 3979 1369 4029 et
1384 3972 1554 4045 applicatam
1572 3973 1674 4028 οὶαᾶοω
1688 3974 1823 4045 obsignat,
1841 3974 1871 4028 id
1883 3975 1957 4047 quod
1970 3986 2062 4021 noenu

273 4074 296 4118 t.
313 4065 340 4118 t.
365 4056 392 4134 ξ.
419 4062 534 4132 penult)
564 4069 601 4117 et·
616 4061 740 4134 generali
764 4066 872 4114 tautum
897 4076 1025 4128 assensur
1052 4080 1102 4117 nos
1131 4063 1206 4117 hisce
1224 4060 1414 4116 confirmatum
1434 4061 1531 4115 damus
1549 4061 1728 4132 argumentis.
1760 4066 1782 4117 1.
1795 4060 1956 4134 sigillipro
1970 4038 2062 4123 :mnen-

273 4152 364 4203 autem
388 4146 472 4204 iidem
495 4147 641 4203 definimus
661 4146 785 4202 fiduciali
808 4146 1024 4216 apprehensione
1041 4166 1102 4219 pro·
1131 4150 1221 4219 prium
1241 4156 1283 4204 est
1299 4146 1448 4215 testificari,
1468 4147 1630 4203 confirmare
1647 4153 1675 4204 et
1692 4146 1838 4218 obsignare
1855 4147 1894 4216 id,
1949 4133 2095 4177 ‘¹·⁰¹‘⁰“⁰¹·

1911 4164 1956 4203 cur

272 4232 410 4287 missionis
427 4233 549 4305 getiae,
567 4251 640 4305 quae
660 4234 689 4287 in
706 4233 791 4288 verbo
812 4232 949 4303 evangelii
968 4239 996 4287 et
1015 4250 1102 4287 sacra·
1130 4236 1293 4290 annectitur.
1334 4234 1511 4290 Sacramenta
1539 4239 1604 4289 suut
1630 4233 1723 4305 sigilla
1746 4234 1956 4304 promissionum
1969 4188 2078 4287 :iiiiii-²

272 4321 371 4376 mentis
397 4319 519 4378 offertur.
560 4321 697 4376 Pontificii
725 4319 869 4391 requirunt
894 4318 979 4374 fidem
1002 4320 1048 4375 vel
1072 4326 1104 4375 ut
1131 4322 1299 4385 divinarum,
1319 4321 1385 4393 quia
1401 4321 1480 4376 Rom.
1498 4327 1522 4386 4,
1539 4339 1564 4375 v.
1587 4326 1626 4379 li.
1661 4320 1831 4377 circumcisio
1857 4291 2092 4384 cicuriiiiiii‘i

272 4406 479 4478 dispositionem
510 4407 549 4473 (in
575 4407 643 4475 illis,
672 4407 720 4479 qui
752 4407 869 4478 primam
897 4404 1103 4477 justificationis
1130 4415 1267 4481 σφραγίς,
1285 4410 1418 4477 sipillum,
1431 4410 1564 4478 justitias
1580 4410 1658 4475 fidei.
1693 4409 1769 4481 Ergo
1786 4416 1958 4466 sacramenta
1969 4396 2067 4495 {iffi

272 4494 391 4566 gratiam
415 4493 560 4563 recipiunt)
586 4494 630 4550 rel
649 4500 680 4548 nt
698 4494 825 4549 meritum
844 4492 970 4559 (inillis,
995 4492 1042 4564 qui
1061 4511 1103 4548 se·
1130 4494 1325 4565 testificantur,
1355 4495 1504 4567 obsignant
1526 4495 1740 4551 et-confirmant
1763 4496 1871 4552 divinas
1896 4515 1957 4568 pro·
1970 4509 2045 4538 ⁰⁸0¹·-

273 4580 365 4636 emoa
380 4578 580 4651 justificatione
595 4579 810 4650 misceantur),
828 4596 878 4634 nor
898 4578 982 4634 fidem
1000 4580 1102 4650 requiri
1129 4582 1280 4638 missiones.
1322 4582 1352 4639 si
1381 4581 1552 4638 circumcisio
1579 4583 1609 4637 in
1636 4582 1671 4640 v.
1702 4583 1735 4639 u
1760 4582 1814 4638 fun
1835 4585 1957 4657 sigillum
1970 4554 2052 4590 Μ’*

274 4668 404 4736 dicimus,
434 4673 467 4722 ut
491 4667 701 4723 instrumentum
727 4685 782 4739 quo
805 4666 900 4723 oblata
921 4666 950 4719 in
968 4666 1052 4722 verbo
1076 4675 1104 4722 et
1127 4670 1252 4741 justitiae
1270 4668 1348 4739 fidei,
1373 4675 1402 4725 et
1427 4669 1582 4740 baptismus
1604 4669 1634 4723 in
1654 4668 1689 4724 N.
1706 4669 1740 4726 T.
1764 4670 1817 4724 erit
1834 4671 1957 4743 sigillum

274 4755 453 4811 ratramnus
471 4755 544 4810 bona
561 4755 759 4825 amplectimur.
791 4753 922 4819 Quamvis
936 4752 1023 4825 igitur
1033 4751 1103 4808 fides
1126 4757 1253 4829 justitiae
1269 4755 1343 4810 fidei.
1378 4754 1433 4810 Sed
1451 4772 1545 4810 rerum
1561 4755 1645 4826 prius.
1673 4755 1749 4829 Ergo
1766 4762 1795 4812 et
1810 4758 1955 4829 posterius.

273 4846 301 4898 et
324 4840 498 4914 poenitentia
519 4857 574 4894 non
599 4840 722 4896 efficiant
740 4841 859 4912 gratiam
876 4840 1102 4896 sacramentalem
1131 4842 1295 4898 Consecutio
1324 4842 1458 4911 probatur
1482 4848 1541 4896 tum
1565 4858 1583 4895 a
1606 4840 1681 4912 pari,
1714 4842 1779 4914 quia
1803 4843 1956 4913 baptismus

274 4944 363 5001 neque
386 4928 454 4983 dent
476 4926 629 4983 efficaciam
649 4933 820 4983 sacramento
842 4926 980 4995 (absolute
998 4927 1104 4983 scilicet
1129 4946 1217 5001 aeque
1235 4936 1277 4984 est
1297 4933 1497 4983 sacramentum
1517 4943 1551 4982 ac
1570 4927 1755 4995 circumcisio,
1783 4934 1842 4983 tum
1868 4945 1886 4984 a
1909 4929 1957 4985 mi·

274 5013 412 5087 loquendo
441 5012 477 5069 de
507 5019 738 5069 sacramentorum
757 5012 901 5082 efficacia),
929 5012 1002 5068 hanc
1030 5014 1103 5068 enlm
1130 5018 1189 5071 nori
1214 5017 1251 5071 sd
1272 5017 1375 5086 majus,
1400 5013 1465 5085 quis
1486 5015 1573 5084 major
1596 5022 1638 5069 est
1660 5014 1786 5071 efficacia
1803 5033 1955 5072 sacramen·

274 5100 378 5156 habent
394 5116 428 5153 ex
446 5097 501 5154 Dei
517 5098 689 5154 institutione
708 5105 737 5154 et
753 5100 940 5168 ordinations3
958 5108 1050 5154 tamen
1070 5116 1103 5153 cx
1130 5111 1220 5159 torum
1235 5104 1269 5159 N.
1288 5120 1372 5174 quam
1383 5101 1418 5156 V.
1430 5101 1463 5157 T.
1498 5099 1610 5172 Excipit
1627 5101 1811 5156 Bellarminus
1824 5102 1871 5157 lib.
1888 5109 1908 5156 1.
1922 5101 1957 5157 dc

274 5193 352 5257 parte
378 5190 474 5241 nostra
501 5192 530 5240 et
553 5186 639 5241 relate
664 5186 699 5242 de
726 5186 851 5242 efficacia
870 5192 1102 5243 sacramentorum
1130 5206 1245 5245 sacram.
1266 5206 1290 5243 c.
1311 5195 1355 5243 lt:
1392 5194 1412 5242 l.
1434 5188 1510 5250 Quae
1536 5189 1571 5241 de
1597 5188 1660 5240 sola
1685 5189 1895 5241 circmcisione
1913 5189 1955 5240 di·

274 5272 412 5346 loqucudo
430 5270 499 5327 fides
515 5271 673 5343 justificans
691 5276 786 5346 (cujus
796 5275 973 5330 anteambulo
987 5283 1030 5329 est
1040 5291 1102 5329 con·
1130 5285 1230 5331 centur
1256 5294 1311 5329 aon
1335 5292 1420 5344 posse
1447 5274 1555 5337 referri
1587 5277 1627 5328 ad
1652 5275 1745 5329 omnic
1772 5282 1956 5328 rasamenta.

275 5360 348 5416 titio
372 5364 401 5415 et
419 5358 587 5432 pedissequa
603 5361 676 5413 bona
694 5361 788 5431 opera)
807 5361 969 5432 requiritur,
995 5367 1026 5415 ut
1045 5362 1103 5416 nni·
1130 5361 1352 5432 Respondemus:
1379 5360 1434 5415 imo
1458 5378 1523 5415 vero
1536 5360 1641 5437 ,omnia
1663 5368 1835 5415 sacramenta
1860 5377 1956 5417 conse

275 5463 334 5502 cum
355 5451 385 5502 et
404 5446 525 5501 salutare
544 5445 613 5500 illud
633 5463 780 5516 organum,
799 5465 848 5517 per
866 5449 940 5520 quod
959 5448 1103 5504 beneficio
1130 5450 1211 5504 niunt
1230 5448 1259 5502 in
1284 5463 1368 5502 causa
1394 5446 1531 5502 efficiente
1555 5448 1632 5519 (quic
1649 5447 1733 5500 solius
1751 5446 1805 5500 Dei
1822 5453 1865 5502 est
1881 5447 1957 5503 insti·

274 5550 341 5602 rum,
361 5532 480 5604 quaein
500 5533 679 5587 sacramentis
691 5532 771 5588 nobis
783 5533 944 5604 offeruntur,
964 5535 1104 5589 reddimur
1130 5543 1208 5591 tuere
1228 5540 1407 5598 sacramenta,
1423 5534 1527 5606 quippe
1544 5535 1591 5605 qui
1609 5534 1683 5588 solus
1700 5534 1877 5589 sacramentis
1895 5551 1956 5607 gra·

275 5617 423 5690 participes
447 5622 476 5671 ct
498 5635 576 5673 suam
596 5619 677 5673 etiam
696 5619 725 5673 in
743 5618 822 5674 uobis
841 5619 995 5677 efficaciam
1013 5638 1102 5675 sacra-
1130 5623 1196 5677 tiam
1217 5621 1338 5677 tribuere
1356 5628 1460 5692 potest,
1476 5628 1509 5676 ut
1525 5620 1694 5676 ostendimus
1712 5620 1838 5690 superius
1856 5617 1884 5696 ξ.
1904 5624 1955 5690 26.)

275 5713 367 5763 menta
395 5712 525 5760 exserunt
548 5706 717 5762 adsalutem
737 5715 886 5761 aeternam.
921 5705 1103 5777 Nequaquam
1130 5708 1204 5765 etin
1224 5724 1308 5763 cansa
1322 5707 1400 5763 finali
1420 5708 1548 5779 generice
1570 5707 1650 5773 (quia
1669 5724 1740 5761 unus
1757 5713 1786 5761 et
1803 5707 1876 5763 idem
1893 5708 1956 5765 finis

273 5791 359 5864 igitur
378 5790 517 5862 docemus,
534 5791 664 5847 virtutem
680 5800 911 5848 sacramentorum
928 5793 1049 5863 pendere
1066 5810 1100 5849 ex
1129 5801 1185 5859 est,
1207 5801 1321 5866 propter
1343 5811 1426 5867 quem
1444 5793 1529 5850 verbo
1551 5809 1602 5848 suo
1621 5792 1698 5848 Deus
1722 5809 1831 5867 semper
1849 5794 1956 5853 addidit
