<?xml version="1.0" encoding="UTF-8"?>
<!DOCTYPE html PUBLIC "-//W3C//DTD XHTML 1.0 Transitional//EN"
    "http://www.w3.org/TR/xhtml1/DTD/xhtml1-transitional.dtd">
<html xmlns="http://www.w3.org/1999/xhtml" xml:lang="en" lang="en">
 <head>
  <title>
</title>
<meta http-equiv="Content-Type" content="text/html;charset=utf-8" />
  <meta name='ocr-system' content='tesseract 3.04.00' />
  <meta name='ocr-capabilities' content='ocr_page ocr_carea ocr_par ocr_line ocrx_word'/>
</head>
<body>
  <div class='ocr_page' id='page_1' title='image "./locitheologicit02gerhgoog/locitheologicit02gerhgoog_0345.png"; bbox 0 0 4800 6659; ppageno 0'>
   <div class='ocr_carea' id='block_1_1' title="bbox 409 456 1439 584">
    <p class='ocr_par' dir='ltr' id='par_1_1' title="bbox 409 456 1439 584">
     <span class='ocr_line' id='line_1_1' title="bbox 409 456 1439 584; baseline -0.012 -1"><span class='ocrx_word' id='word_1_1' title='bbox 409 456 476 584; x_wconf 67' lang='lat' dir='ltr'>att</span> <span class='ocrx_word' id='word_1_2' title='bbox 912 565 916 572; x_wconf 92' lang='lat'>.</span> <span class='ocrx_word' id='word_1_3' title='bbox 1092 512 1216 573; x_wconf 80' lang='lat' dir='ltr'>meus</span> <span class='ocrx_word' id='word_1_4' title='bbox 1232 510 1439 571; x_wconf 69' lang='lat' dir='ltr'>monemus</span> 
     </span>
    </p>
   </div>
   <div class='ocr_carea' id='block_1_2' title="bbox 285 650 2156 3619">
    <p class='ocr_par' dir='ltr' id='par_1_2' title="bbox 285 650 2156 3619">
     <span class='ocr_line' id='line_1_2' title="bbox 407 650 2111 741; baseline 0.001 -15"><span class='ocrx_word' id='word_1_5' title='bbox 407 670 521 741; x_wconf 79' lang='lat' dir='ltr'>festio,</span> <span class='ocrx_word' id='word_1_6' title='bbox 543 686 594 726; x_wconf 83' lang='lat' dir='ltr'>nee</span> <span class='ocrx_word' id='word_1_7' title='bbox 612 676 677 726; x_wconf 87' lang='lat' dir='ltr'>eunt</span> <span class='ocrx_word' id='word_1_8' title='bbox 693 670 871 725; x_wconf 69' lang='lat' dir='ltr'>neomeniae</span> <span class='ocrx_word' id='word_1_9' title='bbox 886 669 1093 739; x_wconf 74' lang='lat' dir='ltr'>indutpmtiae,</span> <span class='ocrx_word' id='word_1_10' title='bbox 1116 685 1168 724; x_wconf 90' lang='lat' dir='ltr'>nee</span> <span class='ocrx_word' id='word_1_11' title='bbox 1180 686 1251 741; x_wconf 83' lang='lat' dir='ltr'>pur-</span> <span class='ocrx_word' id='word_1_12' title='bbox 1274 666 1453 741; x_wconf 86' lang='lat' dir='ltr'>baptismum.</span> <span class='ocrx_word' id='word_1_13' title='bbox 1493 668 1651 741; x_wconf 84' lang='lat' dir='ltr'>Utrobique</span> <span class='ocrx_word' id='word_1_14' title='bbox 1672 669 1769 726; x_wconf 84' lang='lat' dir='ltr'>eadem</span> <span class='ocrx_word' id='word_1_15' title='bbox 1785 650 1947 741; x_wconf 76' lang='lat' dir='ltr'>promissio,</span> <span class='ocrx_word' id='word_1_16' title='bbox 1965 667 2043 727; x_wconf 84' lang='lat' dir='ltr'>idem</span> <span class='ocrx_word' id='word_1_17' title='bbox 2059 686 2111 728; x_wconf 82' lang='lat' dir='ltr'>me·</span> 
     </span>
     <span class='ocr_line' id='line_1_3' title="bbox 414 753 2111 828; baseline 0.001 -17"><span class='ocrx_word' id='word_1_18' title='bbox 414 758 554 825; x_wconf 70' lang='lat' dir='ltr'>paterium</span> <span class='ocrx_word' id='word_1_19' title='bbox 570 764 638 827; x_wconf 84' lang='lat' dir='ltr'>port</span> <span class='ocrx_word' id='word_1_20' title='bbox 656 756 729 811; x_wconf 78' lang='lat' dir='ltr'>iane</span> <span class='ocrx_word' id='word_1_21' title='bbox 746 757 848 827; x_wconf 81' lang='lat' dir='ltr'>eitam,·</span> <span class='ocrx_word' id='word_1_22' title='bbox 867 756 908 811; x_wconf 86' lang='lat' dir='ltr'>ite</span> <span class='ocrx_word' id='word_1_23' title='bbox 927 756 1093 825; x_wconf 67' lang='lat' dir='ltr'>enutimant,</span> <span class='ocrx_word' id='word_1_24' title='bbox 1108 765 1175 827; x_wconf 86' lang='lat' dir='ltr'>poet</span> <span class='ocrx_word' id='word_1_25' title='bbox 1182 773 1250 827; x_wconf 83' lang='lat' dir='ltr'>poe·</span> <span class='ocrx_word' id='word_1_26' title='bbox 1274 755 1358 810; x_wconf 91' lang='lat' dir='ltr'>ritum</span> <span class='ocrx_word' id='word_1_27' title='bbox 1376 755 1487 825; x_wconf 89' lang='lat' dir='ltr'>Christi,</span> <span class='ocrx_word' id='word_1_28' title='bbox 1504 756 1601 813; x_wconf 59' lang='lat' dir='ltr'>adem</span> <span class='ocrx_word' id='word_1_29' title='bbox 1613 757 1705 828; x_wconf 82' lang='lat' dir='ltr'>gratia</span> <span class='ocrx_word' id='word_1_30' title='bbox 1715 756 1777 825; x_wconf 88' lang='lat' dir='ltr'>Dei,</span> <span class='ocrx_word' id='word_1_31' title='bbox 1791 756 1890 812; x_wconf 87' lang='lat' dir='ltr'>eadem</span> <span class='ocrx_word' id='word_1_32' title='bbox 1902 753 1985 819; x_wconf 83' lang='lat' dir='ltr'>fides.</span> <span class='ocrx_word' id='word_1_33' title='bbox 2009 760 2034 811; x_wconf 85' lang='lat' dir='ltr'>t.</span> <span class='ocrx_word' id='word_1_34' title='bbox 2043 756 2111 812; x_wconf 76' lang='lat' dir='ltr'>Inde</span> 
     </span>
     <span class='ocr_line' id='line_1_4' title="bbox 415 842 2110 914; baseline 0.001 -16"><span class='ocrx_word' id='word_1_35' title='bbox 415 844 573 913; x_wconf 72' lang='lat' dir='ltr'><em>nitentium,</em></span> <span class='ocrx_word' id='word_1_36' title='bbox 597 843 631 896; x_wconf 83' lang='lat' dir='ltr'>id</span> <span class='ocrx_word' id='word_1_37' title='bbox 653 850 693 897; x_wconf 85' lang='lat' dir='ltr'>est</span> <span class='ocrx_word' id='word_1_38' title='bbox 711 850 779 914; x_wconf 87' lang='lat' dir='ltr'>poet</span> <span class='ocrx_word' id='word_1_39' title='bbox 798 843 961 897; x_wconf 83' lang='lat' dir='ltr'><strong><em>memoriam</em></strong></span> <span class='ocrx_word' id='word_1_40' title='bbox 981 842 1125 912; x_wconf 77' lang='lat' dir='ltr'>baptisari,</span> <span class='ocrx_word' id='word_1_41' title='bbox 1142 844 1250 898; x_wconf 68' lang='lat' dir='ltr'>amiam</span> <span class='ocrx_word' id='word_1_42' title='bbox 1275 843 1420 911; x_wconf 76' lang='lat' dir='ltr'>coltiount,</span> <span class='ocrx_word' id='word_1_43' title='bbox 1440 843 1595 898; x_wconf 85' lang='lat' dir='ltr'>rectissime</span> <span class='ocrx_word' id='word_1_44' title='bbox 1615 845 1721 897; x_wconf 86' lang='lat' dir='ltr'>dietum</span> <span class='ocrx_word' id='word_1_45' title='bbox 1738 859 1798 897; x_wconf 82' lang='lat' dir='ltr'>esse</span> <span class='ocrx_word' id='word_1_46' title='bbox 1818 860 1837 897; x_wconf 92' lang='lat' dir='ltr'>a</span> <span class='ocrx_word' id='word_1_47' title='bbox 1852 844 2001 911; x_wconf 79' lang='lat' dir='ltr'>patribus,</span> <span class='ocrx_word' id='word_1_48' title='bbox 2017 846 2110 914; x_wconf 85' lang='lat' dir='ltr'>poeni·</span> 
     </span>
     <span class='ocr_line' id='line_1_5' title="bbox 415 928 2111 1001; baseline 0 -16"><span class='ocrx_word' id='word_1_49' title='bbox 415 946 559 1001; x_wconf 80' lang='lat' dir='ltr'>superesse</span> <span class='ocrx_word' id='word_1_50' title='bbox 576 930 810 996; x_wconf 68' lang='lat' dir='ltr'>satisfactionem.</span> <span class='ocrx_word' id='word_1_51' title='bbox 850 928 1073 1000; x_wconf 76' lang='lat' dir='ltr'>Respondemus:</span> <span class='ocrx_word' id='word_1_52' title='bbox 1096 946 1176 985; x_wconf 90' lang='lat' dir='ltr'>nemo</span> <span class='ocrx_word' id='word_1_53' title='bbox 1201 948 1250 986; x_wconf 91' lang='lat' dir='ltr'>no-</span> <span class='ocrx_word' id='word_1_54' title='bbox 1274 930 1390 983; x_wconf 87' lang='lat' dir='ltr'>tentiam</span> <span class='ocrx_word' id='word_1_55' title='bbox 1412 937 1480 1000; x_wconf 87' lang='lat' dir='ltr'>post</span> <span class='ocrx_word' id='word_1_56' title='bbox 1508 929 1675 999; x_wconf 85' lang='lat' dir='ltr'>baptismum</span> <span class='ocrx_word' id='word_1_57' title='bbox 1700 946 1760 985; x_wconf 82' lang='lat' dir='ltr'>esse</span> <span class='ocrx_word' id='word_1_58' title='bbox 1785 932 1939 984; x_wconf 70' lang='lat' dir='ltr'>secundm</span> <span class='ocrx_word' id='word_1_59' title='bbox 1962 933 2111 1001; x_wconf 77' lang='lat' dir='ltr'>narefrapsi</span> 
     </span>
     <span class='ocr_line' id='line_1_6' title="bbox 415 1014 2110 1088; baseline -0.002 -14"><span class='ocrx_word' id='word_1_60' title='bbox 415 1022 502 1074; x_wconf 89' lang='lat' dir='ltr'>strum</span> <span class='ocrx_word' id='word_1_61' title='bbox 523 1015 603 1085; x_wconf 88' lang='lat' dir='ltr'>dicit,</span> <span class='ocrx_word' id='word_1_62' title='bbox 625 1015 823 1088; x_wconf 86' lang='lat' dir='ltr'>poenitentiam</span> <span class='ocrx_word' id='word_1_63' title='bbox 841 1015 910 1069; x_wconf 90' lang='lat' dir='ltr'>nihil</span> <span class='ocrx_word' id='word_1_64' title='bbox 928 1014 1005 1069; x_wconf 89' lang='lat' dir='ltr'>aliud</span> <span class='ocrx_word' id='word_1_65' title='bbox 1025 1030 1183 1088; x_wconf 85' lang='lat' dir='ltr'>essequam</span> <span class='ocrx_word' id='word_1_66' title='bbox 1200 1015 1250 1070; x_wconf 90' lang='lat' dir='ltr'>ba·</span> <span class='ocrx_word' id='word_1_67' title='bbox 1274 1016 1408 1079; x_wconf 81' lang='lat' dir='ltr'>tabulam,</span> <span class='ocrx_word' id='word_1_68' title='bbox 1426 1016 1495 1085; x_wconf 79' lang='lat' dir='ltr'>quia</span> <span class='ocrx_word' id='word_1_69' title='bbox 1513 1034 1571 1070; x_wconf 88' lang='lat' dir='ltr'>non</span> <span class='ocrx_word' id='word_1_70' title='bbox 1589 1018 1717 1083; x_wconf 84' lang='lat' dir='ltr'>redeunt,</span> <span class='ocrx_word' id='word_1_71' title='bbox 1734 1016 1785 1085; x_wconf 76' lang='lat' dir='ltr'>oui</span> <span class='ocrx_word' id='word_1_72' title='bbox 1798 1016 2005 1086; x_wconf 86' lang='lat' dir='ltr'>poenitentiam</span> <span class='ocrx_word' id='word_1_73' title='bbox 2022 1026 2110 1087; x_wconf 78' lang='lat' dir='ltr'>opust,</span> 
     </span>
     <span class='ocr_line' id='line_1_7' title="bbox 415 1100 2111 1208; baseline 0.001 -50"><span class='ocrx_word' id='word_1_74' title='bbox 415 1102 548 1175; x_wconf 88' lang='lat' dir='ltr'>ptismum</span> <span class='ocrx_word' id='word_1_75' title='bbox 569 1101 703 1158; x_wconf 88' lang='lat' dir='ltr'>memoria</span> <span class='ocrx_word' id='word_1_76' title='bbox 724 1107 753 1157; x_wconf 90' lang='lat' dir='ltr'>et</span> <span class='ocrx_word' id='word_1_77' title='bbox 771 1100 826 1156; x_wconf 84' lang='lat' dir='ltr'>fide</span> <span class='ocrx_word' id='word_1_78' title='bbox 852 1100 1013 1171; x_wconf 90' lang='lat' dir='ltr'>repetitum,</span> <span class='ocrx_word' id='word_1_79' title='bbox 1035 1101 1085 1156; x_wconf 88' lang='lat' dir='ltr'>sed</span> <span class='ocrx_word' id='word_1_80' title='bbox 1101 1107 1172 1157; x_wconf 87' lang='lat' dir='ltr'>teste</span> <span class='ocrx_word' id='word_1_81' title='bbox 1189 1102 1318 1208; x_wconf 46' lang='lat' dir='ltr'>ipsobad</span> <span class='ocrx_word' id='word_1_82' title='bbox 1336 1102 1469 1171; x_wconf 73' lang='lat' dir='ltr'>baptismi</span> <span class='ocrx_word' id='word_1_83' title='bbox 1484 1103 1586 1170; x_wconf 85' lang='lat' dir='ltr'>nasim,</span> <span class='ocrx_word' id='word_1_84' title='bbox 1605 1104 1658 1157; x_wconf 81' lang='lat' dir='ltr'>sed</span> <span class='ocrx_word' id='word_1_85' title='bbox 1677 1120 1779 1171; x_wconf 70' lang='lat' dir='ltr'>maeno</span> <span class='ocrx_word' id='word_1_86' title='bbox 1793 1120 1855 1157; x_wconf 90' lang='lat' dir='ltr'>cum</span> <span class='ocrx_word' id='word_1_87' title='bbox 1867 1102 1967 1157; x_wconf 83' lang='lat' dir='ltr'>labore</span> <span class='ocrx_word' id='word_1_88' title='bbox 1978 1106 2111 1175; x_wconf 72' lang='lat' dir='ltr'>accipent</span> 
     </span>
     <span class='ocr_line' id='line_1_8' title="bbox 415 1185 2112 1259; baseline -0.001 -13"><span class='ocrx_word' id='word_1_89' title='bbox 415 1188 584 1246; x_wconf 85' lang='lat' dir='ltr'>Bellarmino</span> <span class='ocrx_word' id='word_1_90' title='bbox 622 1187 684 1243; x_wconf 86' lang='lat' dir='ltr'>libr.</span> <span class='ocrx_word' id='word_1_91' title='bbox 715 1192 737 1243; x_wconf 98' lang='grc'>1.</span> <span class='ocrx_word' id='word_1_92' title='bbox 778 1187 813 1242; x_wconf 89' lang='lat' dir='ltr'>de</span> <span class='ocrx_word' id='word_1_93' title='bbox 851 1185 1003 1257; x_wconf 78' lang='lat' dir='ltr'><strong>poenitent.</strong></span> <span class='ocrx_word' id='word_1_94' title='bbox 1045 1204 1068 1241; x_wconf 90' lang='lat' dir='ltr'>c.</span> <span class='ocrx_word' id='word_1_95' title='bbox 1103 1193 1142 1244; x_wconf 84' lang='grc'>19.</span> <span class='ocrx_word' id='word_1_96' title='bbox 1178 1187 1251 1241; x_wconf 92' lang='lat' dir='ltr'>duas</span> <span class='ocrx_word' id='word_1_97' title='bbox 1275 1194 1306 1240; x_wconf 86' lang='lat' dir='ltr'>ut</span> <span class='ocrx_word' id='word_1_98' title='bbox 1331 1188 1367 1251; x_wconf 89' lang='lat' dir='ltr'>ii,</span> <span class='ocrx_word' id='word_1_99' title='bbox 1393 1189 1443 1257; x_wconf 77' lang='lat' dir='ltr'>qui</span> <span class='ocrx_word' id='word_1_100' title='bbox 1466 1196 1583 1258; x_wconf 85' lang='lat' dir='ltr'>arrepta</span> <span class='ocrx_word' id='word_1_101' title='bbox 1605 1189 1705 1243; x_wconf 80' lang='lat' dir='ltr'>tabula</span> <span class='ocrx_word' id='word_1_102' title='bbox 1724 1197 1791 1259; x_wconf 84' lang='lat' dir='ltr'>port</span> <span class='ocrx_word' id='word_1_103' title='bbox 1816 1190 2007 1258; x_wconf 73' lang='lat' dir='ltr'>naufraoium</span> <span class='ocrx_word' id='word_1_104' title='bbox 2030 1190 2061 1242; x_wconf 92' lang='lat' dir='ltr'>in</span> <span class='ocrx_word' id='word_1_105' title='bbox 2080 1207 2112 1244; x_wconf 89' lang='lat' dir='ltr'>sa</span> 
     </span>
     <span class='ocr_line' id='line_1_9' title="bbox 415 1247 2112 1360; baseline 0 -29"><span class='ocrx_word' id='word_1_106' title='bbox 415 1259 603 1345; x_wconf 81' lang='lat' dir='ltr'>poenitentiae</span> <span class='ocrx_word' id='word_1_107' title='bbox 625 1278 720 1344; x_wconf 88' lang='lat' dir='ltr'>partes</span> <span class='ocrx_word' id='word_1_108' title='bbox 741 1273 902 1337; x_wconf 76' lang='lat' dir='ltr'>statuimus,</span> <span class='ocrx_word' id='word_1_109' title='bbox 928 1272 1121 1328; x_wconf 84' lang='lat' dir='ltr'><strong>contritionem</strong></span> <span class='ocrx_word' id='word_1_110' title='bbox 1145 1247 1419 1360; x_wconf 64' lang='lat' dir='ltr'>scilicetloelruntur.</span> <span class='ocrx_word' id='word_1_111' title='bbox 1458 1274 1682 1345; x_wconf 73' lang='lat' dir='ltr'>Respondemus:</span> <span class='ocrx_word' id='word_1_112' title='bbox 1701 1274 1817 1343; x_wconf 82' lang='lat' dir='ltr'>foedus,</span> <span class='ocrx_word' id='word_1_113' title='bbox 1831 1275 1907 1346; x_wconf 90' lang='lat' dir='ltr'>quod</span> <span class='ocrx_word' id='word_1_114' title='bbox 1927 1275 1957 1329; x_wconf 88' lang='lat' dir='ltr'>in</span> <span class='ocrx_word' id='word_1_115' title='bbox 1974 1274 2112 1346; x_wconf 89' lang='lat' dir='ltr'>baptismo</span> 
     </span>
     <span class='ocr_line' id='line_1_10' title="bbox 416 1358 2111 1448; baseline 0.001 -33"><span class='ocrx_word' id='word_1_116' title='bbox 416 1361 561 1430; x_wconf 80' lang='lat' dir='ltr'>attidem,</span> <span class='ocrx_word' id='word_1_117' title='bbox 580 1378 643 1416; x_wconf 90' lang='lat' dir='ltr'>eum</span> <span class='ocrx_word' id='word_1_118' title='bbox 661 1359 762 1432; x_wconf 90' lang='lat' dir='ltr'>quibus</span> <span class='ocrx_word' id='word_1_119' title='bbox 780 1376 851 1415; x_wconf 89' lang='lat' dir='ltr'>nova</span> <span class='ocrx_word' id='word_1_120' title='bbox 868 1359 1174 1432; x_wconf 79' lang='lat' dir='ltr'>obedientiattnquam</span> <span class='ocrx_word' id='word_1_121' title='bbox 1193 1359 1250 1414; x_wconf 83' lang='lat' dir='ltr'>fru-</span> <span class='ocrx_word' id='word_1_122' title='bbox 1261 1397 1265 1448; x_wconf 54' lang='grc'><strong>1</strong></span> <span class='ocrx_word' id='word_1_123' title='bbox 1276 1358 1354 1413; x_wconf 91' lang='lat' dir='ltr'>Deus</span> <span class='ocrx_word' id='word_1_124' title='bbox 1376 1359 1520 1414; x_wconf 90' lang='lat' dir='ltr'>nobiscum</span> <span class='ocrx_word' id='word_1_125' title='bbox 1544 1359 1611 1428; x_wconf 91' lang='lat' dir='ltr'>init,</span> <span class='ocrx_word' id='word_1_126' title='bbox 1637 1376 1693 1414; x_wconf 91' lang='lat' dir='ltr'>non</span> <span class='ocrx_word' id='word_1_127' title='bbox 1718 1360 1898 1432; x_wconf 87' lang='lat' dir='ltr'>praeteritum</span> <span class='ocrx_word' id='word_1_128' title='bbox 1918 1366 2031 1415; x_wconf 87' lang='lat' dir='ltr'>tantum</span> <span class='ocrx_word' id='word_1_129' title='bbox 2047 1368 2111 1417; x_wconf 85' lang='lat' dir='ltr'>tem·</span> 
     </span>
     <span class='ocr_line' id='line_1_11' title="bbox 415 1444 2112 1518; baseline 0 -15"><span class='ocrx_word' id='word_1_130' title='bbox 415 1454 477 1503; x_wconf 85' lang='lat' dir='ltr'>ctus</span> <span class='ocrx_word' id='word_1_131' title='bbox 502 1452 531 1503; x_wconf 90' lang='lat' dir='ltr'>et</span> <span class='ocrx_word' id='word_1_132' title='bbox 554 1447 743 1502; x_wconf 89' lang='lat' dir='ltr'>immediatum</span> <span class='ocrx_word' id='word_1_133' title='bbox 767 1462 938 1518; x_wconf 89' lang='lat' dir='ltr'>consequeus</span> <span class='ocrx_word' id='word_1_134' title='bbox 961 1452 1096 1517; x_wconf 86' lang='lat' dir='ltr'>perpetuo</span> <span class='ocrx_word' id='word_1_135' title='bbox 1118 1452 1162 1501; x_wconf 89' lang='lat' dir='ltr'>est</span> <span class='ocrx_word' id='word_1_136' title='bbox 1186 1455 1344 1515; x_wconf 77' lang='lat' dir='ltr'>con-¹·pus,</span> <span class='ocrx_word' id='word_1_137' title='bbox 1368 1445 1412 1500; x_wconf 87' lang='lat' dir='ltr'>vel</span> <span class='ocrx_word' id='word_1_138' title='bbox 1436 1451 1604 1501; x_wconf 83' lang='lat' dir='ltr'>momentum</span> <span class='ocrx_word' id='word_1_139' title='bbox 1622 1445 1709 1514; x_wconf 91' lang='lat' dir='ltr'>illud,</span> <span class='ocrx_word' id='word_1_140' title='bbox 1732 1446 1761 1499; x_wconf 92' lang='lat' dir='ltr'>in</span> <span class='ocrx_word' id='word_1_141' title='bbox 1781 1462 1837 1517; x_wconf 89' lang='lat' dir='ltr'>quo</span> <span class='ocrx_word' id='word_1_142' title='bbox 1856 1444 2048 1517; x_wconf 80' lang='lat' dir='ltr'>baptizamur,</span> <span class='ocrx_word' id='word_1_143' title='bbox 2073 1463 2112 1503; x_wconf 71' lang='lat' dir='ltr'>re</span> 
     </span>
     <span class='ocr_line' id='line_1_12' title="bbox 412 1512 2112 1605; baseline -0.001 -17"><span class='ocrx_word' id='word_1_144' title='bbox 412 1535 518 1605; x_wconf 80' lang='lat' dir='ltr'>juncta</span> <span class='ocrx_word' id='word_1_145' title='bbox 568 1532 733 1587; x_wconf 82' lang='lat' dir='ltr'>Dissimulet</span> <span class='ocrx_word' id='word_1_146' title='bbox 762 1531 814 1586; x_wconf 95' lang='lat' dir='ltr'>hoc</span> <span class='ocrx_word' id='word_1_147' title='bbox 842 1532 1042 1600; x_wconf 90' lang='lat' dir='ltr'>Bellarminus,</span> <span class='ocrx_word' id='word_1_148' title='bbox 1072 1537 1104 1586; x_wconf 93' lang='lat' dir='ltr'>ut</span> <span class='ocrx_word' id='word_1_149' title='bbox 1132 1512 1373 1602; x_wconf 62' lang='lat' dir='ltr'>speciemispieit,</span> <span class='ocrx_word' id='word_1_150' title='bbox 1394 1532 1446 1586; x_wconf 91' lang='lat' dir='ltr'>sed</span> <span class='ocrx_word' id='word_1_151' title='bbox 1468 1538 1512 1586; x_wconf 90' lang='lat' dir='ltr'>est</span> <span class='ocrx_word' id='word_1_152' title='bbox 1530 1536 1674 1586; x_wconf 88' lang='lat' dir='ltr'>aeternum</span> <span class='ocrx_word' id='word_1_153' title='bbox 1692 1530 1807 1600; x_wconf 72' lang='lat' dir='ltr'>foedus:</span> <span class='ocrx_word' id='word_1_154' title='bbox 1833 1532 1959 1603; x_wconf 88' lang='lat' dir='ltr'>quamvis</span> <span class='ocrx_word' id='word_1_155' title='bbox 1979 1549 2047 1605; x_wconf 77' lang='lat' dir='ltr'>ergo</span> <span class='ocrx_word' id='word_1_156' title='bbox 2065 1549 2112 1603; x_wconf 90' lang='lat' dir='ltr'>psr</span> 
     </span>
     <span class='ocr_line' id='line_1_13' title="bbox 416 1598 2112 1692; baseline -0.001 -18"><span class='ocrx_word' id='word_1_157' title='bbox 416 1620 538 1692; x_wconf 83' lang='lat' dir='ltr'>aliquam</span> <span class='ocrx_word' id='word_1_158' title='bbox 559 1618 715 1674; x_wconf 89' lang='lat' dir='ltr'>calumniae</span> <span class='ocrx_word' id='word_1_159' title='bbox 738 1633 805 1671; x_wconf 89' lang='lat' dir='ltr'>suae</span> <span class='ocrx_word' id='word_1_160' title='bbox 829 1616 958 1686; x_wconf 87' lang='lat' dir='ltr'>inducat,</span> <span class='ocrx_word' id='word_1_161' title='bbox 982 1613 1062 1689; x_wconf 83' lang='lat' dir='ltr'>quasi</span> <span class='ocrx_word' id='word_1_162' title='bbox 1088 1598 1394 1688; x_wconf 71' lang='lat' dir='ltr'>statuamus,lpeccata</span> <span class='ocrx_word' id='word_1_163' title='bbox 1412 1618 1588 1687; x_wconf 90' lang='lat' dir='ltr'>postmodum</span> <span class='ocrx_word' id='word_1_164' title='bbox 1605 1634 1639 1673; x_wconf 89' lang='lat' dir='ltr'>ex</span> <span class='ocrx_word' id='word_1_165' title='bbox 1657 1634 1691 1672; x_wconf 91' lang='lat' dir='ltr'>eo</span> <span class='ocrx_word' id='word_1_166' title='bbox 1709 1617 1876 1684; x_wconf 72' lang='lat' dir='ltr'>excidamus,</span> <span class='ocrx_word' id='word_1_167' title='bbox 1895 1634 1952 1672; x_wconf 91' lang='lat' dir='ltr'>non</span> <span class='ocrx_word' id='word_1_168' title='bbox 1964 1624 2060 1673; x_wconf 89' lang='lat' dir='ltr'>tamen</span> <span class='ocrx_word' id='word_1_169' title='bbox 2074 1619 2112 1673; x_wconf 79' lang='lat' dir='ltr'>it:</span> 
     </span>
     <span class='ocr_line' id='line_1_14' title="bbox 308 1691 2110 1778; baseline -0.002 -16"><span class='ocrx_word' id='word_1_170' title='bbox 308 1710 343 1754; x_wconf 70' lang='lat' dir='ltr'>E</span> <span class='ocrx_word' id='word_1_171' title='bbox 358 1708 403 1754; x_wconf 62' lang='lat'>¹⁸&amp;</span> <span class='ocrx_word' id='word_1_172' title='bbox 416 1706 493 1775; x_wconf 90' lang='lat' dir='ltr'>illos,</span> <span class='ocrx_word' id='word_1_173' title='bbox 518 1704 649 1777; x_wconf 89' lang='lat' dir='ltr'>quisine</span> <span class='ocrx_word' id='word_1_174' title='bbox 672 1720 737 1758; x_wconf 87' lang='lat' dir='ltr'>vera</span> <span class='ocrx_word' id='word_1_175' title='bbox 761 1703 869 1773; x_wconf 86' lang='lat' dir='ltr'>peccati</span> <span class='ocrx_word' id='word_1_176' title='bbox 892 1704 1032 1774; x_wconf 75' lang='lat' dir='ltr'>agnitione</span> <span class='ocrx_word' id='word_1_177' title='bbox 1050 1704 1079 1758; x_wconf 92' lang='lat' dir='ltr'>in</span> <span class='ocrx_word' id='word_1_178' title='bbox 1099 1691 1437 1778; x_wconf 71' lang='lat' dir='ltr'>sceleribus{dissolvitur</span> <span class='ocrx_word' id='word_1_179' title='bbox 1462 1708 1491 1757; x_wconf 91' lang='lat' dir='ltr'>et</span> <span class='ocrx_word' id='word_1_180' title='bbox 1516 1703 1669 1774; x_wconf 83' lang='lat' dir='ltr'>frangitur,</span> <span class='ocrx_word' id='word_1_181' title='bbox 1696 1710 1729 1757; x_wconf 90' lang='lat' dir='ltr'>ut</span> <span class='ocrx_word' id='word_1_182' title='bbox 1756 1721 1807 1774; x_wconf 90' lang='lat' dir='ltr'>per</span> <span class='ocrx_word' id='word_1_183' title='bbox 1830 1703 2032 1774; x_wconf 83' lang='lat' dir='ltr'>poenitentiam</span> <span class='ocrx_word' id='word_1_184' title='bbox 2058 1720 2110 1759; x_wconf 91' lang='lat' dir='ltr'>non</span> 
     </span>
     <span class='ocr_line' id='line_1_15' title="bbox 416 1780 2110 1864; baseline -0.001 -17"><span class='ocrx_word' id='word_1_185' title='bbox 416 1798 602 1864; x_wconf 86' lang='lat' dir='ltr'>perseverant,</span> <span class='ocrx_word' id='word_1_186' title='bbox 620 1790 702 1846; x_wconf 91' lang='lat' dir='ltr'>modo</span> <span class='ocrx_word' id='word_1_187' title='bbox 714 1789 901 1861; x_wconf 87' lang='lat' dir='ltr'>perfunctorie</span> <span class='ocrx_word' id='word_1_188' title='bbox 913 1797 941 1844; x_wconf 91' lang='lat' dir='ltr'>et</span> <span class='ocrx_word' id='word_1_189' title='bbox 956 1790 1087 1845; x_wconf 88' lang='lat' dir='ltr'>historice</span> <span class='ocrx_word' id='word_1_190' title='bbox 1106 1780 1372 1860; x_wconf 78' lang='lat' dir='ltr'>recorder-lpateat</span> <span class='ocrx_word' id='word_1_191' title='bbox 1397 1789 1434 1843; x_wconf 90' lang='lat' dir='ltr'>ad</span> <span class='ocrx_word' id='word_1_192' title='bbox 1461 1789 1531 1842; x_wconf 90' lang='lat' dir='ltr'>illud</span> <span class='ocrx_word' id='word_1_193' title='bbox 1554 1789 1667 1844; x_wconf 92' lang='lat' dir='ltr'>reditus.</span> <span class='ocrx_word' id='word_1_194' title='bbox 1701 1790 1732 1843; x_wconf 88' lang='lat' dir='ltr'>Si</span> <span class='ocrx_word' id='word_1_195' title='bbox 1756 1806 1822 1861; x_wconf 79' lang='lat' dir='ltr'>ergo</span> <span class='ocrx_word' id='word_1_196' title='bbox 1848 1805 1883 1844; x_wconf 88' lang='lat' dir='ltr'>ex</span> <span class='ocrx_word' id='word_1_197' title='bbox 1904 1795 1957 1846; x_wconf 83' lang='lat' dir='ltr'>art.</span> <span class='ocrx_word' id='word_1_198' title='bbox 1979 1789 2110 1862; x_wconf 77' lang='lat' dir='ltr'>baptismi</span> 
     </span>
     <span class='ocr_line' id='line_1_16' title="bbox 414 1851 2128 1948; baseline -0.001 -14"><span class='ocrx_word' id='word_1_199' title='bbox 414 1885 474 1943; x_wconf 91' lang='lat' dir='ltr'>tur,</span> <span class='ocrx_word' id='word_1_200' title='bbox 497 1895 527 1933; x_wconf 88' lang='lat' dir='ltr'>se</span> <span class='ocrx_word' id='word_1_201' title='bbox 544 1877 695 1948; x_wconf 89' lang='lat' dir='ltr'>aliquando</span> <span class='ocrx_word' id='word_1_202' title='bbox 714 1876 870 1946; x_wconf 84' lang='lat' dir='ltr'>baptizatos</span> <span class='ocrx_word' id='word_1_203' title='bbox 889 1893 962 1944; x_wconf 86' lang='lat' dir='ltr'>esse,</span> <span class='ocrx_word' id='word_1_204' title='bbox 991 1876 1041 1931; x_wconf 91' lang='lat' dir='ltr'>tali</span> <span class='ocrx_word' id='word_1_205' title='bbox 1058 1876 1250 1931; x_wconf 79' lang='lat' dir='ltr'>recordatione</span> <span class='ocrx_word' id='word_1_206' title='bbox 1261 1851 1264 1922; x_wconf 74' lang='lat' dir='ltr'>l</span> <span class='ocrx_word' id='word_1_207' title='bbox 1276 1877 1305 1929; x_wconf 92' lang='lat' dir='ltr'>in</span> <span class='ocrx_word' id='word_1_208' title='bbox 1328 1891 1404 1931; x_wconf 89' lang='lat' dir='ltr'>mare</span> <span class='ocrx_word' id='word_1_209' title='bbox 1421 1876 1584 1946; x_wconf 85' lang='lat' dir='ltr'>perditionis</span> <span class='ocrx_word' id='word_1_210' title='bbox 1601 1875 1764 1946; x_wconf 91' lang='lat' dir='ltr'>prosiliunt,</span> <span class='ocrx_word' id='word_1_211' title='bbox 1790 1874 1843 1930; x_wconf 91' lang='lat' dir='ltr'>hoc</span> <span class='ocrx_word' id='word_1_212' title='bbox 1861 1880 1905 1929; x_wconf 89' lang='lat' dir='ltr'>est</span> <span class='ocrx_word' id='word_1_213' title='bbox 1921 1875 2036 1932; x_wconf 88' lang='lat' dir='ltr'>deserta</span> <span class='ocrx_word' id='word_1_214' title='bbox 2051 1893 2128 1948; x_wconf 59' lang='lat' dir='ltr'>pro-¹</span> 
     </span>
     <span class='ocr_line' id='line_1_17' title="bbox 414 1939 2110 2044; baseline -0.002 -24"><span class='ocrx_word' id='word_1_215' title='bbox 414 1971 590 2036; x_wconf 89' lang='lat' dir='ltr'>peccatorum</span> <span class='ocrx_word' id='word_1_216' title='bbox 613 1961 799 2018; x_wconf 85' lang='lat' dir='ltr'>remissionem</span> <span class='ocrx_word' id='word_1_217' title='bbox 822 1963 965 2033; x_wconf 76' lang='lat' dir='ltr'>consequi,</span> <span class='ocrx_word' id='word_1_218' title='bbox 988 1969 1020 2016; x_wconf 90' lang='lat' dir='ltr'>ut</span> <span class='ocrx_word' id='word_1_219' title='bbox 1043 1978 1100 2016; x_wconf 89' lang='lat' dir='ltr'>non</span> <span class='ocrx_word' id='word_1_220' title='bbox 1124 1962 1162 2016; x_wconf 92' lang='lat' dir='ltr'>sit</span> <span class='ocrx_word' id='word_1_221' title='bbox 1179 1939 1412 2044; x_wconf 65' lang='lat' dir='ltr'>opuslmissionis</span> <span class='ocrx_word' id='word_1_222' title='bbox 1437 1960 1493 2017; x_wconf 86' lang='lat' dir='ltr'>fide</span> <span class='ocrx_word' id='word_1_223' title='bbox 1516 1962 1546 2016; x_wconf 88' lang='lat' dir='ltr'>iu</span> <span class='ocrx_word' id='word_1_224' title='bbox 1572 1966 1720 2032; x_wconf 88' lang='lat' dir='ltr'>peccatum</span> <span class='ocrx_word' id='word_1_225' title='bbox 1738 1976 1799 2016; x_wconf 89' lang='lat' dir='ltr'>sese</span> <span class='ocrx_word' id='word_1_226' title='bbox 1816 1959 2017 2031; x_wconf 85' lang='lat' dir='ltr'>praecipitant,</span> <span class='ocrx_word' id='word_1_227' title='bbox 2033 1963 2110 2017; x_wconf 84' lang='lat' dir='ltr'>naris</span> 
     </span>
     <span class='ocr_line' id='line_1_18' title="bbox 413 2045 2110 2140; baseline -0.001 -34"><span class='ocrx_word' id='word_1_228' title='bbox 413 2050 584 2123; x_wconf 90' lang='lat' dir='ltr'>poenitentia</span> <span class='ocrx_word' id='word_1_229' title='bbox 602 2048 794 2104; x_wconf 88' lang='lat' dir='ltr'>etministerio</span> <span class='ocrx_word' id='word_1_230' title='bbox 812 2048 939 2104; x_wconf 86' lang='lat' dir='ltr'>clavium.</span> <span class='ocrx_word' id='word_1_231' title='bbox 985 2048 1068 2103; x_wconf 88' lang='lat' dir='ltr'>Unde</span> <span class='ocrx_word' id='word_1_232' title='bbox 1085 2048 1169 2117; x_wconf 85' lang='lat' dir='ltr'>paulo</span> <span class='ocrx_word' id='word_1_233' title='bbox 1186 2047 1337 2140; x_wconf 47' lang='lat' dir='ltr'>postjipsa</span> <span class='ocrx_word' id='word_1_234' title='bbox 1369 2052 1515 2117; x_wconf 88' lang='lat' dir='ltr'>permanet</span> <span class='ocrx_word' id='word_1_235' title='bbox 1543 2047 1669 2118; x_wconf 81' lang='lat' dir='ltr'>integra,</span> <span class='ocrx_word' id='word_1_236' title='bbox 1707 2045 1744 2100; x_wconf 87' lang='lat' dir='ltr'>ad</span> <span class='ocrx_word' id='word_1_237' title='bbox 1773 2062 1857 2118; x_wconf 90' lang='lat' dir='ltr'>quam</span> <span class='ocrx_word' id='word_1_238' title='bbox 1883 2046 1907 2100; x_wconf 93' lang='lat' dir='ltr'>si</span> <span class='ocrx_word' id='word_1_239' title='bbox 1937 2064 1990 2117; x_wconf 90' lang='lat' dir='ltr'>psr</span> <span class='ocrx_word' id='word_1_240' title='bbox 2018 2063 2110 2104; x_wconf 83' lang='lat' dir='ltr'>veram</span> 
     </span>
     <span class='ocr_line' id='line_1_19' title="bbox 314 2132 2110 2207; baseline 0 -16"><span class='ocrx_word' id='word_1_241' title='bbox 314 2195 320 2204; x_wconf 52' lang='grc'>,</span> <span class='ocrx_word' id='word_1_242' title='bbox 415 2135 562 2207; x_wconf 86' lang='lat' dir='ltr'>subjungit</span> <span class='ocrx_word' id='word_1_243' title='bbox 579 2133 773 2191; x_wconf 87' lang='lat' dir='ltr'>Bellarminus.</span> <span class='ocrx_word' id='word_1_244' title='bbox 795 2133 1210 2204; x_wconf 79' lang='lat' dir='ltr'>Haecestipsorumsententia</span> <span class='ocrx_word' id='word_1_245' title='bbox 1224 2132 1473 2204; x_wconf 83' lang='lat' dir='ltr'>et=poeuitentiam</span> <span class='ocrx_word' id='word_1_246' title='bbox 1513 2133 1649 2200; x_wconf 87' lang='lat' dir='ltr'>redeunt,</span> <span class='ocrx_word' id='word_1_247' title='bbox 1693 2132 1724 2187; x_wconf 89' lang='lat' dir='ltr'>in</span> <span class='ocrx_word' id='word_1_248' title='bbox 1762 2140 1872 2203; x_wconf 89' lang='lat' dir='ltr'>portum</span> <span class='ocrx_word' id='word_1_249' title='bbox 1910 2132 2010 2187; x_wconf 84' lang='lat' dir='ltr'>salutis</span> <span class='ocrx_word' id='word_1_250' title='bbox 2050 2150 2110 2205; x_wconf 86' lang='lat' dir='ltr'>pro·</span> 
     </span>
     <span class='ocr_line' id='line_1_20' title="bbox 415 2180 1420 2289; baseline -0.007 -11"><span class='ocrx_word' id='word_1_251' title='bbox 415 2231 489 2278; x_wconf 87' lang='lat' dir='ltr'>certe</span> <span class='ocrx_word' id='word_1_252' title='bbox 502 2223 573 2275; x_wconf 88' lang='lat' dir='ltr'>satis</span> <span class='ocrx_word' id='word_1_253' title='bbox 586 2222 712 2275; x_wconf 85' lang='lat' dir='ltr'>delicata</span> <span class='ocrx_word' id='word_1_254' title='bbox 726 2226 752 2273; x_wconf 87' lang='lat' dir='ltr'>et</span> <span class='ocrx_word' id='word_1_255' title='bbox 771 2221 875 2286; x_wconf 88' lang='lat' dir='ltr'>mollis,</span> <span class='ocrx_word' id='word_1_256' title='bbox 893 2227 925 2272; x_wconf 90' lang='lat' dir='ltr'>ut</span> <span class='ocrx_word' id='word_1_257' title='bbox 942 2236 977 2272; x_wconf 89' lang='lat' dir='ltr'>ne</span> <span class='ocrx_word' id='word_1_258' title='bbox 989 2215 1117 2289; x_wconf 82' lang='lat' dir='ltr'>Epicuro</span> <span class='ocrx_word' id='word_1_259' title='bbox 1137 2220 1250 2288; x_wconf 77' lang='lat' dir='ltr'>quidem</span> <span class='ocrx_word' id='word_1_260' title='bbox 1262 2180 1420 2273; x_wconf 80' lang='lat' dir='ltr'>lvehuntur.</span> 
     </span>
     <span class='ocr_line' id='line_1_21' title="bbox 414 2275 2155 2389; baseline -0.002 -27"><span class='ocrx_word' id='word_1_261' title='bbox 414 2309 513 2362; x_wconf 88' lang='lat' dir='ltr'>merito</span> <span class='ocrx_word' id='word_1_262' title='bbox 537 2307 687 2375; x_wconf 84' lang='lat' dir='ltr'>displicere</span> <span class='ocrx_word' id='word_1_263' title='bbox 715 2313 805 2374; x_wconf 74' lang='lat' dir='ltr'>ornat.</span> <span class='ocrx_word' id='word_1_264' title='bbox 847 2305 887 2358; x_wconf 86' lang='lat' dir='ltr'>At</span> <span class='ocrx_word' id='word_1_265' title='bbox 910 2306 972 2376; x_wconf 90' lang='lat' dir='ltr'>quis</span> <span class='ocrx_word' id='word_1_266' title='bbox 995 2309 1120 2360; x_wconf 89' lang='lat' dir='ltr'>nostrum</span> <span class='ocrx_word' id='word_1_267' title='bbox 1143 2306 1184 2359; x_wconf 91' lang='lat' dir='ltr'>ita</span> <span class='ocrx_word' id='word_1_268' title='bbox 1202 2275 1265 2388; x_wconf 67' lang='lat' dir='ltr'>dol</span> <span class='ocrx_word' id='word_1_269' title='bbox 1313 2309 1368 2358; x_wconf 80' lang='grc'><strong>153.</strong></span> <span class='ocrx_word' id='word_1_270' title='bbox 1404 2302 1534 2359; x_wconf 87' lang='lat' dir='ltr'>Secundo</span> <span class='ocrx_word' id='word_1_271' title='bbox 1559 2303 1619 2357; x_wconf 90' lang='lat' dir='ltr'>loco</span> <span class='ocrx_word' id='word_1_272' title='bbox 1643 2301 1827 2359; x_wconf 88' lang='lat' dir='ltr'>Bellarminus</span> <span class='ocrx_word' id='word_1_273' title='bbox 1850 2310 1965 2359; x_wconf 72' lang='lat' dir='ltr'>moueat</span> <span class='ocrx_word' id='word_1_274' title='bbox 1983 2297 2155 2389; x_wconf 45' lang='lat' dir='ltr'>Chenai-2¹¹0,</span> 
     </span>
     <span class='ocr_line' id='line_1_22' title="bbox 414 2388 2156 2482; baseline -0.001 -35"><span class='ocrx_word' id='word_1_275' title='bbox 414 2390 491 2447; x_wconf 82' lang='lat' dir='ltr'>cuit?</span> <span class='ocrx_word' id='word_1_276' title='bbox 509 2393 545 2448; x_wconf 92' lang='lat' dir='ltr'>ab</span> <span class='ocrx_word' id='word_1_277' title='bbox 563 2391 626 2461; x_wconf 92' lang='lat' dir='ltr'>illis,</span> <span class='ocrx_word' id='word_1_278' title='bbox 645 2390 693 2463; x_wconf 90' lang='lat' dir='ltr'>qui</span> <span class='ocrx_word' id='word_1_279' title='bbox 709 2397 774 2462; x_wconf 92' lang='lat' dir='ltr'>post</span> <span class='ocrx_word' id='word_1_280' title='bbox 790 2391 958 2461; x_wconf 90' lang='lat' dir='ltr'>baptismum</span> <span class='ocrx_word' id='word_1_281' title='bbox 976 2392 1005 2445; x_wconf 93' lang='lat' dir='ltr'>in</span> <span class='ocrx_word' id='word_1_282' title='bbox 1025 2395 1170 2461; x_wconf 89' lang='lat' dir='ltr'>peccatum</span> <span class='ocrx_word' id='word_1_283' title='bbox 1187 2408 1250 2462; x_wconf 89' lang='lat' dir='ltr'>pro·</span> <span class='ocrx_word' id='word_1_284' title='bbox 1261 2397 1264 2482; x_wconf 63' lang='lat' dir='ltr'>l</span> <span class='ocrx_word' id='word_1_285' title='bbox 1276 2388 1363 2458; x_wconf 91' lang='lat' dir='ltr'>cium,</span> <span class='ocrx_word' id='word_1_286' title='bbox 1389 2389 1464 2459; x_wconf 91' lang='lat' dir='ltr'>quod</span> <span class='ocrx_word' id='word_1_287' title='bbox 1485 2389 1678 2459; x_wconf 76' lang='lat' dir='ltr'>depravaverit</span> <span class='ocrx_word' id='word_1_288' title='bbox 1696 2388 1805 2444; x_wconf 89' lang='lat' dir='ltr'>concilii</span> <span class='ocrx_word' id='word_1_289' title='bbox 1824 2388 1982 2444; x_wconf 84' lang='lat' dir='ltr'>Tridentini</span> <span class='ocrx_word' id='word_1_290' title='bbox 2001 2397 2109 2447; x_wconf 89' lang='lat' dir='ltr'>senten·</span> <span class='ocrx_word' id='word_1_291' title='bbox 2120 2407 2156 2462; x_wconf 65' lang='lat'>⁸:¹¹</span> 
     </span>
     <span class='ocr_line' id='line_1_23' title="bbox 414 2459 2156 2552; baseline -0.001 -18"><span class='ocrx_word' id='word_1_292' title='bbox 414 2477 486 2547; x_wconf 86' lang='lat' dir='ltr'>lapsi</span> <span class='ocrx_word' id='word_1_293' title='bbox 510 2484 588 2544; x_wconf 91' lang='lat' dir='ltr'>sunt,</span> <span class='ocrx_word' id='word_1_294' title='bbox 610 2494 667 2532; x_wconf 89' lang='lat' dir='ltr'>non</span> <span class='ocrx_word' id='word_1_295' title='bbox 689 2477 778 2532; x_wconf 87' lang='lat' dir='ltr'>solam</span> <span class='ocrx_word' id='word_1_296' title='bbox 804 2482 832 2532; x_wconf 92' lang='lat' dir='ltr'>et</span> <span class='ocrx_word' id='word_1_297' title='bbox 854 2477 958 2531; x_wconf 88' lang='lat' dir='ltr'>nudam</span> <span class='ocrx_word' id='word_1_298' title='bbox 983 2476 1140 2531; x_wconf 88' lang='lat' dir='ltr'>historicam</span> <span class='ocrx_word' id='word_1_299' title='bbox 1160 2493 1249 2532; x_wconf 85' lang='lat' dir='ltr'>reeor-</span> <span class='ocrx_word' id='word_1_300' title='bbox 1261 2487 1264 2552; x_wconf 66' lang='lat'>3</span> <span class='ocrx_word' id='word_1_301' title='bbox 1275 2476 1343 2529; x_wconf 84' lang='lat' dir='ltr'>tiam</span> <span class='ocrx_word' id='word_1_302' title='bbox 1360 2474 1510 2530; x_wconf 90' lang='lat' dir='ltr'>tribuendo</span> <span class='ocrx_word' id='word_1_303' title='bbox 1526 2475 1589 2545; x_wconf 91' lang='lat' dir='ltr'>ipsi,</span> <span class='ocrx_word' id='word_1_304' title='bbox 1608 2474 1683 2546; x_wconf 88' lang='lat' dir='ltr'>quod</span> <span class='ocrx_word' id='word_1_305' title='bbox 1702 2479 1820 2529; x_wconf 86' lang='lat' dir='ltr'>statuat:</span> <span class='ocrx_word' id='word_1_306' title='bbox 1848 2478 1872 2530; x_wconf 86' lang='lat'>1.</span> <span class='ocrx_word' id='word_1_307' title='bbox 1892 2493 1949 2529; x_wconf 88' lang='lat' dir='ltr'>non</span> <span class='ocrx_word' id='word_1_308' title='bbox 1962 2492 2050 2545; x_wconf 81' lang='lat' dir='ltr'>posse</span> <span class='ocrx_word' id='word_1_309' title='bbox 2063 2459 2156 2543; x_wconf 62' lang='lat' dir='ltr'>leo-{iffi</span> 
     </span>
     <span class='ocr_line' id='line_1_24' title="bbox 414 2561 2155 2647; baseline -0.001 -28"><span class='ocrx_word' id='word_1_310' title='bbox 414 2563 553 2619; x_wconf 85' lang='lat' dir='ltr'>dationem</span> <span class='ocrx_word' id='word_1_311' title='bbox 567 2563 707 2633; x_wconf 75' lang='lat' dir='ltr'>baptismi,</span> <span class='ocrx_word' id='word_1_312' title='bbox 726 2563 775 2618; x_wconf 93' lang='lat' dir='ltr'>sed</span> <span class='ocrx_word' id='word_1_313' title='bbox 787 2580 880 2618; x_wconf 88' lang='lat' dir='ltr'>veram</span> <span class='ocrx_word' id='word_1_314' title='bbox 893 2569 922 2618; x_wconf 90' lang='lat' dir='ltr'>et</span> <span class='ocrx_word' id='word_1_315' title='bbox 932 2562 1032 2618; x_wconf 86' lang='lat' dir='ltr'>seriam</span> <span class='ocrx_word' id='word_1_316' title='bbox 1050 2561 1376 2642; x_wconf 70' lang='lat' dir='ltr'>poenitentiamlminem</span> <span class='ocrx_word' id='word_1_317' title='bbox 1410 2562 1494 2615; x_wconf 86' lang='lat' dir='ltr'>etiam</span> <span class='ocrx_word' id='word_1_318' title='bbox 1519 2577 1574 2630; x_wconf 84' lang='lat' dir='ltr'>per</span> <span class='ocrx_word' id='word_1_319' title='bbox 1600 2578 1696 2614; x_wconf 84' lang='lat' dir='ltr'>seram</span> <span class='ocrx_word' id='word_1_320' title='bbox 1719 2561 1921 2629; x_wconf 81' lang='lat' dir='ltr'>poenitentiam</span> <span class='ocrx_word' id='word_1_321' title='bbox 1948 2562 2044 2616; x_wconf 82' lang='lat' dir='ltr'>redire</span> <span class='ocrx_word' id='word_1_322' title='bbox 2069 2565 2155 2647; x_wconf 58' lang='lat' dir='ltr'>stiffi</span> 
     </span>
     <span class='ocr_line' id='line_1_25' title="bbox 413 2648 2156 2746; baseline -0.001 -40"><span class='ocrx_word' id='word_1_323' title='bbox 413 2650 584 2720; x_wconf 83' lang='lat' dir='ltr'>requirimus</span> <span class='ocrx_word' id='word_1_324' title='bbox 621 2648 691 2703; x_wconf 88' lang='lat' dir='ltr'>Cum</span> <span class='ocrx_word' id='word_1_325' title='bbox 709 2655 803 2705; x_wconf 88' lang='lat' dir='ltr'>autem</span> <span class='ocrx_word' id='word_1_326' title='bbox 819 2666 901 2705; x_wconf 85' lang='lat' dir='ltr'>verae</span> <span class='ocrx_word' id='word_1_327' title='bbox 917 2649 1103 2720; x_wconf 87' lang='lat' dir='ltr'>poenitentiae</span> <span class='ocrx_word' id='word_1_328' title='bbox 1129 2666 1195 2719; x_wconf 89' lang='lat' dir='ltr'>pars</span> <span class='ocrx_word' id='word_1_329' title='bbox 1213 2649 1250 2705; x_wconf 92' lang='lat' dir='ltr'>sit</span> <span class='ocrx_word' id='word_1_330' title='bbox 1261 2681 1263 2746; x_wconf 66' lang='lat'>,</span> <span class='ocrx_word' id='word_1_331' title='bbox 1274 2648 1398 2717; x_wconf 71' lang='lat' dir='ltr'>oratiam</span> <span class='ocrx_word' id='word_1_332' title='bbox 1416 2648 1548 2718; x_wconf 75' lang='lat' dir='ltr'>boptrsmi</span> <span class='ocrx_word' id='word_1_333' title='bbox 1564 2656 1590 2702; x_wconf 91' lang='lat' dir='ltr'>et</span> <span class='ocrx_word' id='word_1_334' title='bbox 1601 2650 1719 2716; x_wconf 84' lang='lat' dir='ltr'>soectus,</span> <span class='ocrx_word' id='word_1_335' title='bbox 1736 2650 1814 2716; x_wconf 78' lang='lat' dir='ltr'>quod</span> <span class='ocrx_word' id='word_1_336' title='bbox 1823 2650 1903 2701; x_wconf 84' lang='lat' dir='ltr'>Deus</span> <span class='ocrx_word' id='word_1_337' title='bbox 1921 2648 1953 2700; x_wconf 91' lang='lat' dir='ltr'>in</span> <span class='ocrx_word' id='word_1_338' title='bbox 1971 2648 2109 2720; x_wconf 73' lang='lat' dir='ltr'>baptism</span> <span class='ocrx_word' id='word_1_339' title='bbox 2121 2669 2156 2706; x_wconf 60' lang='lat' dir='ltr'>mr</span> 
     </span>
     <span class='ocr_line' id='line_1_26' title="bbox 412 2712 2148 2805; baseline 0 -14"><span class='ocrx_word' id='word_1_340' title='bbox 412 2734 498 2803; x_wconf 85' lang='lat' dir='ltr'>fides,</span> <span class='ocrx_word' id='word_1_341' title='bbox 528 2752 589 2791; x_wconf 88' lang='lat' dir='ltr'>eam</span> <span class='ocrx_word' id='word_1_342' title='bbox 614 2735 804 2789; x_wconf 80' lang='lat' dir='ltr'>recordatione</span> <span class='ocrx_word' id='word_1_343' title='bbox 827 2734 946 2790; x_wconf 87' lang='lat' dir='ltr'>foederis</span> <span class='ocrx_word' id='word_1_344' title='bbox 968 2734 996 2787; x_wconf 91' lang='lat' dir='ltr'>in</span> <span class='ocrx_word' id='word_1_345' title='bbox 1022 2734 1160 2803; x_wconf 90' lang='lat' dir='ltr'>baptismo</span> <span class='ocrx_word' id='word_1_346' title='bbox 1182 2735 1248 2790; x_wconf 92' lang='lat' dir='ltr'>olim</span> <span class='ocrx_word' id='word_1_347' title='bbox 1261 2757 1263 2770; x_wconf 71' lang='lat'><strong>¹</strong></span> <span class='ocrx_word' id='word_1_348' title='bbox 1276 2735 1416 2788; x_wconf 83' lang='lat' dir='ltr'>nobiscum</span> <span class='ocrx_word' id='word_1_349' title='bbox 1437 2735 1553 2805; x_wconf 73' lang='lat' dir='ltr'>pepipit.</span> <span class='ocrx_word' id='word_1_350' title='bbox 1588 2735 1628 2788; x_wconf 78' lang='lat' dir='ltr'>A:</span> <span class='ocrx_word' id='word_1_351' title='bbox 1651 2732 1752 2803; x_wconf 88' lang='lat' dir='ltr'>(inquit</span> <span class='ocrx_word' id='word_1_352' title='bbox 1769 2732 1967 2799; x_wconf 88' lang='lat' dir='ltr'>Bellarminus)</span> <span class='ocrx_word' id='word_1_353' title='bbox 1984 2735 2039 2789; x_wconf 81' lang='grc'><strong>100</strong></span> <span class='ocrx_word' id='word_1_354' title='bbox 2055 2712 2148 2792; x_wconf 58' lang='lat' dir='ltr'>srosr‘R</span> 
     </span>
     <span class='ocr_line' id='line_1_27' title="bbox 413 2777 2111 2892; baseline -0.001 -15"><span class='ocrx_word' id='word_1_355' title='bbox 413 2821 474 2877; x_wconf 91' lang='lat' dir='ltr'>initi</span> <span class='ocrx_word' id='word_1_356' title='bbox 487 2828 516 2876; x_wconf 91' lang='lat' dir='ltr'>et</span> <span class='ocrx_word' id='word_1_357' title='bbox 529 2820 718 2891; x_wconf 86' lang='lat' dir='ltr'>promissionis</span> <span class='ocrx_word' id='word_1_358' title='bbox 735 2821 820 2876; x_wconf 90' lang='lat' dir='ltr'>semel</span> <span class='ocrx_word' id='word_1_359' title='bbox 837 2820 930 2875; x_wconf 87' lang='lat' dir='ltr'>factae</span> <span class='ocrx_word' id='word_1_360' title='bbox 949 2819 1104 2876; x_wconf 88' lang='lat' dir='ltr'>confirmari</span> <span class='ocrx_word' id='word_1_361' title='bbox 1123 2826 1152 2877; x_wconf 90' lang='lat' dir='ltr'>et</span> <span class='ocrx_word' id='word_1_362' title='bbox 1168 2839 1250 2892; x_wconf 89' lang='lat' dir='ltr'>posse</span> <span class='ocrx_word' id='word_1_363' title='bbox 1261 2777 1264 2878; x_wconf 76' lang='lat' dir='ltr'>i</span> <span class='ocrx_word' id='word_1_364' title='bbox 1275 2823 1372 2874; x_wconf 80' lang='lat' dir='ltr'>dieunt</span> <span class='ocrx_word' id='word_1_365' title='bbox 1385 2820 1533 2886; x_wconf 72' lang='lat' dir='ltr'>Catholici,</span> <span class='ocrx_word' id='word_1_366' title='bbox 1552 2820 1677 2885; x_wconf 75' lang='lat' dir='ltr'>fatemur</span> <span class='ocrx_word' id='word_1_367' title='bbox 1691 2818 1773 2883; x_wconf 88' lang='lat' dir='ltr'>enim,</span> <span class='ocrx_word' id='word_1_368' title='bbox 1788 2835 1872 2889; x_wconf 82' lang='lat' dir='ltr'>posse</span> <span class='ocrx_word' id='word_1_369' title='bbox 1889 2819 2030 2874; x_wconf 79' lang='lat' dir='ltr'>hominem</span> <span class='ocrx_word' id='word_1_370' title='bbox 2047 2823 2111 2876; x_wconf 85' lang='lat' dir='ltr'>red·</span> 
     </span>
     <span class='ocr_line' id='line_1_28' title="bbox 414 2904 2110 2980; baseline 0 -17"><span class='ocrx_word' id='word_1_371' title='bbox 414 2913 443 2963; x_wconf 84' lang='lat' dir='ltr'>et</span> <span class='ocrx_word' id='word_1_372' title='bbox 471 2907 572 2963; x_wconf 89' lang='lat' dir='ltr'>debere</span> <span class='ocrx_word' id='word_1_373' title='bbox 600 2908 724 2980; x_wconf 84' lang='lat' dir='ltr'>dicimus.</span> <span class='ocrx_word' id='word_1_374' title='bbox 772 2911 797 2962; x_wconf 79' lang='grc'>1.</span> <span class='ocrx_word' id='word_1_375' title='bbox 821 2909 896 2962; x_wconf 84' lang='lat' dir='ltr'>Iade</span> <span class='ocrx_word' id='word_1_376' title='bbox 913 2908 1065 2977; x_wconf 65' lang='lat' dir='ltr'>collinunt,</span> <span class='ocrx_word' id='word_1_377' title='bbox 1094 2927 1151 2963; x_wconf 86' lang='lat' dir='ltr'>non</span> <span class='ocrx_word' id='word_1_378' title='bbox 1174 2919 1250 2964; x_wconf 86' lang='lat' dir='ltr'>reete</span> <span class='ocrx_word' id='word_1_379' title='bbox 1276 2908 1318 2961; x_wconf 87' lang='lat' dir='ltr'>ire</span> <span class='ocrx_word' id='word_1_380' title='bbox 1341 2925 1395 2977; x_wconf 85' lang='lat' dir='ltr'>per</span> <span class='ocrx_word' id='word_1_381' title='bbox 1415 2924 1511 2961; x_wconf 86' lang='lat' dir='ltr'>veram</span> <span class='ocrx_word' id='word_1_382' title='bbox 1530 2906 1731 2976; x_wconf 80' lang='lat' dir='ltr'>poenitentiam</span> <span class='ocrx_word' id='word_1_383' title='bbox 1749 2907 1791 2959; x_wconf 84' lang='lat' dir='ltr'>ad</span> <span class='ocrx_word' id='word_1_384' title='bbox 1807 2904 1931 2973; x_wconf 73' lang='lat' dir='ltr'>qratiam</span> <span class='ocrx_word' id='word_1_385' title='bbox 1947 2914 1976 2960; x_wconf 90' lang='lat' dir='ltr'>et</span> <span class='ocrx_word' id='word_1_386' title='bbox 1992 2909 2036 2961; x_wconf 84' lang='lat' dir='ltr'>ad</span> <span class='ocrx_word' id='word_1_387' title='bbox 2050 2909 2110 2975; x_wconf 71' lang='lat' dir='ltr'>soe·</span> 
     </span>
     <span class='ocr_line' id='line_1_29' title="bbox 415 2992 2110 3062; baseline -0.001 -14"><span class='ocrx_word' id='word_1_388' title='bbox 415 2994 522 3048; x_wconf 70' lang='lat' dir='ltr'>eausa</span> <span class='ocrx_word' id='word_1_389' title='bbox 539 2993 741 3062; x_wconf 69' lang='lat' dir='ltr'>Hieronymum</span> <span class='ocrx_word' id='word_1_390' title='bbox 765 2993 797 3047; x_wconf 86' lang='lat' dir='ltr'>in</span> <span class='ocrx_word' id='word_1_391' title='bbox 824 3012 847 3050; x_wconf 88' lang='lat' dir='ltr'>c.</span> <span class='ocrx_word' id='word_1_392' title='bbox 872 2995 899 3047; x_wconf 78' lang='lat'>3.</span> <span class='ocrx_word' id='word_1_393' title='bbox 924 2994 1003 3050; x_wconf 88' lang='lat' dir='ltr'>Esai.</span> <span class='ocrx_word' id='word_1_394' title='bbox 1044 3002 1071 3048; x_wconf 86' lang='lat' dir='ltr'>et</span> <span class='ocrx_word' id='word_1_395' title='bbox 1097 3003 1163 3049; x_wconf 90' lang='lat' dir='ltr'>ante</span> <span class='ocrx_word' id='word_1_396' title='bbox 1188 3013 1249 3050; x_wconf 88' lang='lat' dir='ltr'>eum</span> <span class='ocrx_word' id='word_1_397' title='bbox 1276 2996 1329 3046; x_wconf 78' lang='lat' dir='ltr'>rius</span> <span class='ocrx_word' id='word_1_398' title='bbox 1353 2994 1383 3046; x_wconf 89' lang='lat' dir='ltr'>in</span> <span class='ocrx_word' id='word_1_399' title='bbox 1408 2993 1544 3062; x_wconf 65' lang='lat' dir='ltr'>Menenio</span> <span class='ocrx_word' id='word_1_400' title='bbox 1565 2992 1680 3060; x_wconf 88' lang='lat' dir='ltr'>initum,</span> <span class='ocrx_word' id='word_1_401' title='bbox 1702 2992 1755 3045; x_wconf 81' lang='grc'>100</span> <span class='ocrx_word' id='word_1_402' title='bbox 1783 2999 1825 3044; x_wconf 90' lang='lat' dir='ltr'>est</span> <span class='ocrx_word' id='word_1_403' title='bbox 1851 2999 1883 3044; x_wconf 89' lang='lat' dir='ltr'>ut</span> <span class='ocrx_word' id='word_1_404' title='bbox 1900 2992 1990 3045; x_wconf 82' lang='lat' dir='ltr'>rimus</span> <span class='ocrx_word' id='word_1_405' title='bbox 2009 2995 2110 3047; x_wconf 64' lang='lat' dir='ltr'>dmm</span> 
     </span>
     <span class='ocr_line' id='line_1_30' title="bbox 418 3078 2111 3150; baseline 0 -15"><span class='ocrx_word' id='word_1_406' title='bbox 418 3080 625 3136; x_wconf 71' lang='lat' dir='ltr'>Tertullianum</span> <span class='ocrx_word' id='word_1_407' title='bbox 643 3080 707 3137; x_wconf 81' lang='lat' dir='ltr'>libr.</span> <span class='ocrx_word' id='word_1_408' title='bbox 725 3080 760 3132; x_wconf 82' lang='lat' dir='ltr'>de</span> <span class='ocrx_word' id='word_1_409' title='bbox 776 3081 898 3149; x_wconf 80' lang='lat' dir='ltr'>poenit,</span> <span class='ocrx_word' id='word_1_410' title='bbox 911 3082 1113 3150; x_wconf 86' lang='lat' dir='ltr'>poenitentiam</span> <span class='ocrx_word' id='word_1_411' title='bbox 1130 3098 1190 3135; x_wconf 88' lang='lat' dir='ltr'>esse</span> <span class='ocrx_word' id='word_1_412' title='bbox 1207 3100 1248 3137; x_wconf 90' lang='lat' dir='ltr'>se·</span> <span class='ocrx_word' id='word_1_413' title='bbox 1269 3080 1332 3146; x_wconf 84' lang='lat' dir='ltr'>filii</span> <span class='ocrx_word' id='word_1_414' title='bbox 1347 3080 1407 3133; x_wconf 89' lang='lat' dir='ltr'>Dei</span> <span class='ocrx_word' id='word_1_415' title='bbox 1427 3096 1483 3149; x_wconf 82' lang='lat' dir='ltr'>per</span> <span class='ocrx_word' id='word_1_416' title='bbox 1509 3080 1648 3149; x_wconf 64' lang='lat' dir='ltr'>qratiam·</span> <span class='ocrx_word' id='word_1_417' title='bbox 1673 3080 1726 3132; x_wconf 81' lang='lat' dir='ltr'>sed</span> <span class='ocrx_word' id='word_1_418' title='bbox 1747 3094 1893 3145; x_wconf 70' lang='lat' dir='ltr'>meamus,</span> <span class='ocrx_word' id='word_1_419' title='bbox 1916 3078 1952 3131; x_wconf 81' lang='lat' dir='ltr'>id</span> <span class='ocrx_word' id='word_1_420' title='bbox 1971 3080 2041 3143; x_wconf 74' lang='lat' dir='ltr'>fieri</span> <span class='ocrx_word' id='word_1_421' title='bbox 2060 3096 2111 3150; x_wconf 83' lang='lat' dir='ltr'>pa·</span> 
     </span>
     <span class='ocr_line' id='line_1_31' title="bbox 415 3158 2110 3238; baseline -0.001 -17"><span class='ocrx_word' id='word_1_422' title='bbox 415 3167 537 3221; x_wconf 71' lang='lat' dir='ltr'>wedam</span> <span class='ocrx_word' id='word_1_423' title='bbox 555 3172 623 3237; x_wconf 81' lang='lat' dir='ltr'>port</span> <span class='ocrx_word' id='word_1_424' title='bbox 646 3166 833 3234; x_wconf 77' lang='lat' dir='ltr'>neufrapium</span> <span class='ocrx_word' id='word_1_425' title='bbox 850 3158 983 3222; x_wconf 72' lang='lat' dir='ltr'>tabulam.</span> <span class='ocrx_word' id='word_1_426' title='bbox 1024 3166 1248 3238; x_wconf 86' lang='lat' dir='ltr'>Respondemus:</span> <span class='ocrx_word' id='word_1_427' title='bbox 1275 3168 1373 3220; x_wconf 80' lang='lat' dir='ltr'>eadem</span> <span class='ocrx_word' id='word_1_428' title='bbox 1390 3166 1572 3218; x_wconf 86' lang='lat' dir='ltr'>instrumenta</span> <span class='ocrx_word' id='word_1_429' title='bbox 1587 3164 1730 3231; x_wconf 77' lang='lat' dir='ltr'>foerierir,</span> <span class='ocrx_word' id='word_1_430' title='bbox 1747 3164 1799 3218; x_wconf 79' lang='grc'>100</span> <span class='ocrx_word' id='word_1_431' title='bbox 1817 3170 1857 3216; x_wconf 83' lang='lat' dir='ltr'>est</span> <span class='ocrx_word' id='word_1_432' title='bbox 1869 3179 1924 3231; x_wconf 84' lang='lat' dir='ltr'>per</span> <span class='ocrx_word' id='word_1_433' title='bbox 1941 3164 2110 3234; x_wconf 80' lang='lat' dir='ltr'>baptismum</span> 
     </span>
     <span class='ocr_line' id='line_1_32' title="bbox 414 3251 2111 3325; baseline -0.001 -17"><span class='ocrx_word' id='word_1_434' title='bbox 414 3270 469 3325; x_wconf 90' lang='lat' dir='ltr'>quo</span> <span class='ocrx_word' id='word_1_435' title='bbox 483 3270 566 3309; x_wconf 92' lang='lat' dir='ltr'>sensu</span> <span class='ocrx_word' id='word_1_436' title='bbox 577 3252 650 3307; x_wconf 87' lang='lat' dir='ltr'>hanc</span> <span class='ocrx_word' id='word_1_437' title='bbox 662 3251 876 3322; x_wconf 88' lang='lat' dir='ltr'>descriptionem</span> <span class='ocrx_word' id='word_1_438' title='bbox 893 3252 1080 3323; x_wconf 86' lang='lat' dir='ltr'>poenitentiae</span> <span class='ocrx_word' id='word_1_439' title='bbox 1100 3251 1249 3323; x_wconf 90' lang='lat' dir='ltr'>probemus</span> <span class='ocrx_word' id='word_1_440' title='bbox 1275 3260 1325 3305; x_wconf 87' lang='lat' dir='ltr'>aut</span> <span class='ocrx_word' id='word_1_441' title='bbox 1342 3252 1403 3321; x_wconf 85' lang='lat' dir='ltr'>ejus</span> <span class='ocrx_word' id='word_1_442' title='bbox 1421 3252 1591 3319; x_wconf 87' lang='lat' dir='ltr'>memoriam,</span> <span class='ocrx_word' id='word_1_443' title='bbox 1608 3251 1661 3304; x_wconf 82' lang='lat' dir='ltr'>sed</span> <span class='ocrx_word' id='word_1_444' title='bbox 1672 3266 1727 3319; x_wconf 87' lang='lat' dir='ltr'>per</span> <span class='ocrx_word' id='word_1_445' title='bbox 1744 3256 1949 3303; x_wconf 56' lang='lat' dir='ltr'>sacamentum</span> <span class='ocrx_word' id='word_1_446' title='bbox 1963 3253 2111 3321; x_wconf 72' lang='lat' dir='ltr'>poenites·</span> 
     </span>
     <span class='ocr_line' id='line_1_33' title="bbox 296 3331 2111 3411; baseline 0 -18"><span class='ocrx_word' id='word_1_447' title='bbox 296 3375 303 3384; x_wconf 83' lang='lat'><em>-</em></span> <span class='ocrx_word' id='word_1_448' title='bbox 413 3341 459 3395; x_wconf 90' lang='lat' dir='ltr'>vel</span> <span class='ocrx_word' id='word_1_449' title='bbox 489 3339 690 3410; x_wconf 88' lang='lat' dir='ltr'>improbemus,</span> <span class='ocrx_word' id='word_1_450' title='bbox 721 3337 898 3409; x_wconf 86' lang='lat' dir='ltr'>exposuimus</span> <span class='ocrx_word' id='word_1_451' title='bbox 927 3337 957 3391; x_wconf 90' lang='lat' dir='ltr'>iu</span> <span class='ocrx_word' id='word_1_452' title='bbox 982 3344 1062 3393; x_wconf 72' lang='lat' dir='ltr'>tract.</span> <span class='ocrx_word' id='word_1_453' title='bbox 1088 3338 1123 3392; x_wconf 86' lang='lat' dir='ltr'>de</span> <span class='ocrx_word' id='word_1_454' title='bbox 1145 3337 1248 3408; x_wconf 83' lang='lat' dir='ltr'>poenit</span> <span class='ocrx_word' id='word_1_455' title='bbox 1274 3338 1339 3392; x_wconf 88' lang='lat' dir='ltr'>tiae.</span> <span class='ocrx_word' id='word_1_456' title='bbox 1375 3336 1600 3407; x_wconf 83' lang='lat' dir='ltr'>Respondemus:</span> <span class='ocrx_word' id='word_1_457' title='bbox 1627 3331 1716 3406; x_wconf 77' lang='lat' dir='ltr'>ip&#39;sam</span> <span class='ocrx_word' id='word_1_458' title='bbox 1744 3335 1874 3407; x_wconf 88' lang='lat' dir='ltr'>baptismi</span> <span class='ocrx_word' id='word_1_459' title='bbox 1899 3335 1993 3390; x_wconf 89' lang='lat' dir='ltr'>navim</span> <span class='ocrx_word' id='word_1_460' title='bbox 2018 3336 2111 3411; x_wconf 73' lang='lat' dir='ltr'>stangi</span> 
     </span>
     <span class='ocr_line' id='line_1_34' title="bbox 415 3421 2110 3500; baseline -0.002 -19"><span class='ocrx_word' id='word_1_461' title='bbox 415 3421 443 3500; x_wconf 56' lang='grc' dir='ltr'>ᾖ.</span> <span class='ocrx_word' id='word_1_462' title='bbox 466 3429 505 3481; x_wconf 82' lang='grc'>13.</span> <span class='ocrx_word' id='word_1_463' title='bbox 1274 3441 1308 3479; x_wconf 90' lang='lat' dir='ltr'>ac</span> <span class='ocrx_word' id='word_1_464' title='bbox 1332 3423 1450 3478; x_wconf 90' lang='lat' dir='ltr'>dissilire</span> <span class='ocrx_word' id='word_1_465' title='bbox 1469 3423 1580 3491; x_wconf 90' lang='lat' dir='ltr'>dicunt,</span> <span class='ocrx_word' id='word_1_466' title='bbox 1606 3421 1630 3475; x_wconf 93' lang='lat' dir='ltr'>si</span> <span class='ocrx_word' id='word_1_467' title='bbox 1649 3422 1711 3494; x_wconf 90' lang='lat' dir='ltr'>quis</span> <span class='ocrx_word' id='word_1_468' title='bbox 1732 3426 1796 3492; x_wconf 92' lang='lat' dir='ltr'>post</span> <span class='ocrx_word' id='word_1_469' title='bbox 1814 3421 1983 3491; x_wconf 88' lang='lat' dir='ltr'>baptismum</span> <span class='ocrx_word' id='word_1_470' title='bbox 2001 3423 2032 3478; x_wconf 90' lang='lat' dir='ltr'>in</span> <span class='ocrx_word' id='word_1_471' title='bbox 2048 3441 2110 3495; x_wconf 85' lang='lat' dir='ltr'>pec·</span> 
     </span>
     <span class='ocr_line' id='line_1_35' title="bbox 285 3505 2110 3619; baseline 0 -53"><span class='ocrx_word' id='word_1_472' title='bbox 285 3523 385 3619; x_wconf 53' lang='lat' dir='ltr'>{iffi</span> <span class='ocrx_word' id='word_1_473' title='bbox 452 3516 509 3566; x_wconf 75' lang='lat'><strong>152.</strong></span> <span class='ocrx_word' id='word_1_474' title='bbox 549 3509 625 3564; x_wconf 86' lang='lat' dir='ltr'>Huic</span> <span class='ocrx_word' id='word_1_475' title='bbox 647 3509 801 3563; x_wconf 86' lang='lat' dir='ltr'>sententiae</span> <span class='ocrx_word' id='word_1_476' title='bbox 824 3512 934 3562; x_wconf 85' lang='lat' dir='ltr'>nostras</span> <span class='ocrx_word' id='word_1_477' title='bbox 965 3509 1133 3577; x_wconf 86' lang='lat' dir='ltr'>depravatae</span> <span class='ocrx_word' id='word_1_478' title='bbox 1155 3509 1248 3579; x_wconf 90' lang='lat' dir='ltr'>potius</span> <span class='ocrx_word' id='word_1_479' title='bbox 1275 3516 1339 3564; x_wconf 82' lang='lat' dir='ltr'>cata</span> <span class='ocrx_word' id='word_1_480' title='bbox 1361 3508 1537 3580; x_wconf 78' lang='lat' dir='ltr'>prolabatur:</span> <span class='ocrx_word' id='word_1_481' title='bbox 1564 3506 1702 3578; x_wconf 90' lang='lat' dir='ltr'>quomodo</span> <span class='ocrx_word' id='word_1_482' title='bbox 1726 3506 1812 3578; x_wconf 85' lang='lat' dir='ltr'>igitur</span> <span class='ocrx_word' id='word_1_483' title='bbox 1836 3505 1872 3561; x_wconf 91' lang='lat' dir='ltr'>ad</span> <span class='ocrx_word' id='word_1_484' title='bbox 1895 3506 1995 3562; x_wconf 86' lang='lat' dir='ltr'>foedus</span> <span class='ocrx_word' id='word_1_485' title='bbox 2015 3508 2046 3564; x_wconf 87' lang='lat' dir='ltr'>in</span> <span class='ocrx_word' id='word_1_486' title='bbox 2062 3509 2110 3566; x_wconf 79' lang='lat' dir='ltr'>ba·</span> 
     </span>
    </p>
   </div>
   <div class='ocr_carea' id='block_1_3' title="bbox 285 3557 2112 3679">
    <p class='ocr_par' dir='ltr' id='par_1_3' title="bbox 285 3557 2112 3679">
     <span class='ocr_line' id='line_1_36' title="bbox 285 3557 2112 3679; baseline 0 -28"><span class='ocrx_word' id='word_1_487' title='bbox 285 3629 399 3679; x_wconf 56' lang='lat' dir='ltr'>mm„</span> <span class='ocrx_word' id='word_1_488' title='bbox 415 3614 500 3668; x_wconf 87' lang='lat' dir='ltr'>quam</span> <span class='ocrx_word' id='word_1_489' title='bbox 523 3596 665 3667; x_wconf 85' lang='lat' dir='ltr'>expositae</span> <span class='ocrx_word' id='word_1_490' title='bbox 690 3611 768 3648; x_wconf 90' lang='lat' dir='ltr'>suam</span> <span class='ocrx_word' id='word_1_491' title='bbox 787 3600 816 3648; x_wconf 90' lang='lat' dir='ltr'>et</span> <span class='ocrx_word' id='word_1_492' title='bbox 837 3610 948 3648; x_wconf 88' lang='lat' dir='ltr'>suorum</span> <span class='ocrx_word' id='word_1_493' title='bbox 967 3594 1123 3664; x_wconf 80' lang='lat' dir='ltr'>opinionem</span> <span class='ocrx_word' id='word_1_494' title='bbox 1143 3593 1248 3649; x_wconf 89' lang='lat' dir='ltr'>Bellar·</span> <span class='ocrx_word' id='word_1_495' title='bbox 1260 3557 1263 3676; x_wconf 65' lang='lat' dir='ltr'>l</span> <span class='ocrx_word' id='word_1_496' title='bbox 1274 3596 1376 3665; x_wconf 91' lang='lat' dir='ltr'>ptismo</span> <span class='ocrx_word' id='word_1_497' title='bbox 1396 3595 1495 3649; x_wconf 92' lang='lat' dir='ltr'>initum</span> <span class='ocrx_word' id='word_1_498' title='bbox 1513 3592 1622 3663; x_wconf 86' lang='lat' dir='ltr'>patebit</span> <span class='ocrx_word' id='word_1_499' title='bbox 1639 3593 1738 3648; x_wconf 87' lang='lat' dir='ltr'>iterum</span> <span class='ocrx_word' id='word_1_500' title='bbox 1756 3590 1882 3647; x_wconf 82' lang='lat' dir='ltr'>reditus?</span> <span class='ocrx_word' id='word_1_501' title='bbox 1907 3598 2021 3663; x_wconf 77' lang='grc' dir='ltr'><em>πρῶτον</em></span> <span class='ocrx_word' id='word_1_502' title='bbox 2039 3600 2112 3664; x_wconf 81' lang='grc' dir='ltr'><strong><em>ψεῦ-</em></strong></span> 
     </span>
    </p>
   </div>
   <div class='ocr_carea' id='block_1_4' title="bbox 283 3677 2149 5723">
    <p class='ocr_par' dir='ltr' id='par_1_4' title="bbox 283 3677 2149 5723">
     <span class='ocr_line' id='line_1_37' title="bbox 284 3677 2109 3773; baseline -0.001 -37"><span class='ocrx_word' id='word_1_503' title='bbox 284 3682 400 3773; x_wconf 43' lang='grc'><strong>1311131·</strong></span> <span class='ocrx_word' id='word_1_504' title='bbox 414 3682 504 3736; x_wconf 89' lang='lat' dir='ltr'>minus</span> <span class='ocrx_word' id='word_1_505' title='bbox 526 3681 655 3751; x_wconf 91' lang='lat' dir='ltr'>opponit,</span> <span class='ocrx_word' id='word_1_506' title='bbox 678 3696 761 3751; x_wconf 87' lang='lat' dir='ltr'>quam</span> <span class='ocrx_word' id='word_1_507' title='bbox 783 3679 877 3734; x_wconf 90' lang='lat' dir='ltr'>itidem</span> <span class='ocrx_word' id='word_1_508' title='bbox 905 3684 1025 3752; x_wconf 88' lang='lat' dir='ltr'>quatuor</span> <span class='ocrx_word' id='word_1_509' title='bbox 1048 3680 1249 3749; x_wconf 88' lang='lat' dir='ltr'>hypothesibus</span> <span class='ocrx_word' id='word_1_510' title='bbox 1274 3683 1323 3741; x_wconf 73' lang='lat' dir='ltr'>do:</span> <span class='ocrx_word' id='word_1_511' title='bbox 1344 3681 1373 3735; x_wconf 94' lang='lat' dir='ltr'>in</span> <span class='ocrx_word' id='word_1_512' title='bbox 1398 3696 1431 3735; x_wconf 86' lang='lat' dir='ltr'>eo</span> <span class='ocrx_word' id='word_1_513' title='bbox 1450 3679 1589 3746; x_wconf 91' lang='lat' dir='ltr'>consistit,</span> <span class='ocrx_word' id='word_1_514' title='bbox 1613 3678 1687 3748; x_wconf 90' lang='lat' dir='ltr'>quod</span> <span class='ocrx_word' id='word_1_515' title='bbox 1706 3677 1875 3747; x_wconf 87' lang='lat' dir='ltr'>baptismum</span> <span class='ocrx_word' id='word_1_516' title='bbox 1893 3694 1927 3733; x_wconf 91' lang='lat' dir='ltr'>ex</span> <span class='ocrx_word' id='word_1_517' title='bbox 1944 3696 2028 3749; x_wconf 86' lang='lat' dir='ltr'>opere</span> <span class='ocrx_word' id='word_1_518' title='bbox 2046 3698 2109 3752; x_wconf 87' lang='lat' dir='ltr'>ope-</span> 
     </span>
     <span class='ocr_line' id='line_1_38' title="bbox 283 3763 2109 3836; baseline -0.001 -14"><span class='ocrx_word' id='word_1_519' title='bbox 283 3784 323 3823; x_wconf 72' lang='lat' dir='ltr'>ns</span> <span class='ocrx_word' id='word_1_520' title='bbox 415 3765 615 3836; x_wconf 84' lang='lat' dir='ltr'>complectitur.</span> <span class='ocrx_word' id='word_1_521' title='bbox 666 3766 807 3820; x_wconf 80' lang='lat' dir='ltr'>Catholici</span> <span class='ocrx_word' id='word_1_522' title='bbox 834 3772 960 3819; x_wconf 88' lang='lat' dir='ltr'>statuunt</span> <span class='ocrx_word' id='word_1_523' title='bbox 989 3769 1012 3818; x_wconf 85' lang='lat'>1.</span> <span class='ocrx_word' id='word_1_524' title='bbox 1041 3766 1179 3834; x_wconf 79' lang='lat' dir='ltr'>baptismo</span> <span class='ocrx_word' id='word_1_525' title='bbox 1205 3784 1248 3819; x_wconf 87' lang='lat' dir='ltr'>re·</span> <span class='ocrx_word' id='word_1_526' title='bbox 1274 3773 1335 3821; x_wconf 91' lang='lat' dir='ltr'>rato</span> <span class='ocrx_word' id='word_1_527' title='bbox 1362 3767 1421 3821; x_wconf 89' lang='lat' dir='ltr'>sine</span> <span class='ocrx_word' id='word_1_528' title='bbox 1443 3764 1500 3820; x_wconf 89' lang='lat' dir='ltr'>fido</span> <span class='ocrx_word' id='word_1_529' title='bbox 1523 3763 1655 3834; x_wconf 89' lang='lat' dir='ltr'>prodesse</span> <span class='ocrx_word' id='word_1_530' title='bbox 1674 3767 1802 3817; x_wconf 89' lang='lat' dir='ltr'>statuunt</span> <span class='ocrx_word' id='word_1_531' title='bbox 1820 3769 1848 3817; x_wconf 92' lang='lat' dir='ltr'>et</span> <span class='ocrx_word' id='word_1_532' title='bbox 1867 3780 1901 3818; x_wconf 91' lang='lat' dir='ltr'>ex</span> <span class='ocrx_word' id='word_1_533' title='bbox 1920 3766 2109 3833; x_wconf 83' lang='lat' dir='ltr'>poenitentias</span> 
     </span>
     <span class='ocr_line' id='line_1_39' title="bbox 413 3849 2107 3921; baseline 0.001 -14"><span class='ocrx_word' id='word_1_534' title='bbox 413 3852 487 3907; x_wconf 66' lang='lat' dir='ltr'>mum</span> <span class='ocrx_word' id='word_1_535' title='bbox 505 3858 626 3920; x_wconf 78' lang='lat' dir='ltr'>peecata</span> <span class='ocrx_word' id='word_1_536' title='bbox 652 3867 685 3904; x_wconf 80' lang='lat' dir='ltr'>ea</span> <span class='ocrx_word' id='word_1_537' title='bbox 713 3866 797 3919; x_wconf 81' lang='lat' dir='ltr'>opere</span> <span class='ocrx_word' id='word_1_538' title='bbox 815 3858 946 3920; x_wconf 83' lang='lat' dir='ltr'>operato,</span> <span class='ocrx_word' id='word_1_539' title='bbox 972 3850 1064 3903; x_wconf 87' lang='lat' dir='ltr'>idest</span> <span class='ocrx_word' id='word_1_540' title='bbox 1094 3851 1123 3903; x_wconf 88' lang='lat' dir='ltr'>oi</span> <span class='ocrx_word' id='word_1_541' title='bbox 1150 3868 1247 3905; x_wconf 88' lang='lat' dir='ltr'>sacra·</span> <span class='ocrx_word' id='word_1_542' title='bbox 1274 3852 1400 3921; x_wconf 88' lang='lat' dir='ltr'>partibus</span> <span class='ocrx_word' id='word_1_543' title='bbox 1417 3850 1500 3905; x_wconf 90' lang='lat' dir='ltr'>fidem</span> <span class='ocrx_word' id='word_1_544' title='bbox 1518 3849 1673 3916; x_wconf 69' lang='lat' dir='ltr'>eliminant:</span> <span class='ocrx_word' id='word_1_545' title='bbox 1691 3865 1741 3903; x_wconf 90' lang='lat' dir='ltr'>nos</span> <span class='ocrx_word' id='word_1_546' title='bbox 1761 3854 1857 3904; x_wconf 87' lang='lat' dir='ltr'>contra</span> <span class='ocrx_word' id='word_1_547' title='bbox 1867 3850 2026 3917; x_wconf 88' lang='lat' dir='ltr'>statuimus,</span> <span class='ocrx_word' id='word_1_548' title='bbox 2044 3870 2107 3908; x_wconf 87' lang='lat' dir='ltr'>ean·</span> 
     </span>
     <span class='ocr_line' id='line_1_40' title="bbox 412 3933 2107 4008; baseline 0.001 -15"><span class='ocrx_word' id='word_1_549' title='bbox 412 3939 507 3993; x_wconf 89' lang='lat' dir='ltr'>menti.</span> <span class='ocrx_word' id='word_1_550' title='bbox 541 3935 763 4006; x_wconf 84' lang='lat' dir='ltr'>Respondemus:</span> <span class='ocrx_word' id='word_1_551' title='bbox 787 3935 823 3990; x_wconf 90' lang='lat' dir='ltr'>de</span> <span class='ocrx_word' id='word_1_552' title='bbox 848 3953 930 4006; x_wconf 86' lang='lat' dir='ltr'>opere</span> <span class='ocrx_word' id='word_1_553' title='bbox 948 3942 1062 4006; x_wconf 88' lang='lat' dir='ltr'>operato</span> <span class='ocrx_word' id='word_1_554' title='bbox 1078 3934 1107 3990; x_wconf 89' lang='lat' dir='ltr'>in</span> <span class='ocrx_word' id='word_1_555' title='bbox 1126 3941 1247 3992; x_wconf 85' lang='lat' dir='ltr'>tractatu</span> <span class='ocrx_word' id='word_1_556' title='bbox 1274 3938 1336 3992; x_wconf 91' lang='lat' dir='ltr'>dem</span> <span class='ocrx_word' id='word_1_557' title='bbox 1355 3953 1414 3991; x_wconf 89' lang='lat' dir='ltr'>csse</span> <span class='ocrx_word' id='word_1_558' title='bbox 1431 3935 1524 4002; x_wconf 89' lang='lat' dir='ltr'>fidem,</span> <span class='ocrx_word' id='word_1_559' title='bbox 1544 3951 1615 4005; x_wconf 90' lang='lat' dir='ltr'>quae</span> <span class='ocrx_word' id='word_1_560' title='bbox 1627 3934 1656 3988; x_wconf 90' lang='lat' dir='ltr'>in</span> <span class='ocrx_word' id='word_1_561' title='bbox 1667 3934 1730 4003; x_wconf 89' lang='lat' dir='ltr'>ipsa</span> <span class='ocrx_word' id='word_1_562' title='bbox 1741 3934 1850 3989; x_wconf 89' lang='lat' dir='ltr'>actione</span> <span class='ocrx_word' id='word_1_563' title='bbox 1861 3933 1994 4003; x_wconf 88' lang='lat' dir='ltr'>baptismi</span> <span class='ocrx_word' id='word_1_564' title='bbox 2007 3953 2107 4008; x_wconf 81' lang='lat' dir='ltr'>appre-</span> 
     </span>
     <span class='ocr_line' id='line_1_41' title="bbox 412 4019 2108 4092; baseline -0.002 -10"><span class='ocrx_word' id='word_1_565' title='bbox 412 4026 448 4081; x_wconf 91' lang='lat' dir='ltr'>de</span> <span class='ocrx_word' id='word_1_566' title='bbox 478 4028 649 4078; x_wconf 87' lang='lat' dir='ltr'>sacramento</span> <span class='ocrx_word' id='word_1_567' title='bbox 678 4021 707 4075; x_wconf 93' lang='lat' dir='ltr'>in</span> <span class='ocrx_word' id='word_1_568' title='bbox 736 4038 837 4092; x_wconf 86' lang='lat' dir='ltr'>genere</span> <span class='ocrx_word' id='word_1_569' title='bbox 866 4022 921 4076; x_wconf 87' lang='lat' dir='ltr'>late</span> <span class='ocrx_word' id='word_1_570' title='bbox 951 4022 1067 4092; x_wconf 81' lang='lat' dir='ltr'>egimus.</span> <span class='ocrx_word' id='word_1_571' title='bbox 1114 4020 1144 4077; x_wconf 87' lang='lat' dir='ltr'>Si</span> <span class='ocrx_word' id='word_1_572' title='bbox 1176 4038 1246 4092; x_wconf 92' lang='lat' dir='ltr'>opus</span> <span class='ocrx_word' id='word_1_573' title='bbox 1273 4023 1373 4078; x_wconf 90' lang='lat' dir='ltr'>hendit</span> <span class='ocrx_word' id='word_1_574' title='bbox 1391 4022 1600 4091; x_wconf 83' lang='lat' dir='ltr'>promissionem</span> <span class='ocrx_word' id='word_1_575' title='bbox 1618 4019 1726 4090; x_wconf 79' lang='lat' dir='ltr'>gratiae</span> <span class='ocrx_word' id='word_1_576' title='bbox 1744 4036 1870 4091; x_wconf 84' lang='lat' dir='ltr'>quaeque</span> <span class='ocrx_word' id='word_1_577' title='bbox 1879 4025 1944 4090; x_wconf 89' lang='lat' dir='ltr'>post</span> <span class='ocrx_word' id='word_1_578' title='bbox 1955 4021 2066 4091; x_wconf 88' lang='lat' dir='ltr'>lapsum</span> <span class='ocrx_word' id='word_1_579' title='bbox 2078 4026 2108 4079; x_wconf 92' lang='lat' dir='ltr'>in</span> 
     </span>
     <span class='ocr_line' id='line_1_42' title="bbox 412 4096 2149 4182; baseline -0.002 -16"><span class='ocrx_word' id='word_1_580' title='bbox 412 4117 556 4182; x_wconf 87' lang='lat' dir='ltr'>operatum</span> <span class='ocrx_word' id='word_1_581' title='bbox 586 4108 651 4163; x_wconf 90' lang='lat' dir='ltr'>fidei</span> <span class='ocrx_word' id='word_1_582' title='bbox 675 4107 837 4181; x_wconf 85' lang='lat' dir='ltr'>opponitur,</span> <span class='ocrx_word' id='word_1_583' title='bbox 866 4124 1018 4178; x_wconf 79' lang='lat' dir='ltr'>negamus,</span> <span class='ocrx_word' id='word_1_584' title='bbox 1050 4106 1188 4178; x_wconf 89' lang='lat' dir='ltr'>baptismo</span> <span class='ocrx_word' id='word_1_585' title='bbox 1213 4126 1246 4165; x_wconf 87' lang='lat' dir='ltr'>ex</span> <span class='ocrx_word' id='word_1_586' title='bbox 1272 4107 1444 4180; x_wconf 90' lang='lat' dir='ltr'>poenitentia</span> <span class='ocrx_word' id='word_1_587' title='bbox 1467 4124 1561 4161; x_wconf 90' lang='lat' dir='ltr'>rursus</span> <span class='ocrx_word' id='word_1_588' title='bbox 1587 4104 1795 4175; x_wconf 89' lang='lat' dir='ltr'>promissionem</span> <span class='ocrx_word' id='word_1_589' title='bbox 1817 4096 1896 4159; x_wconf 89' lang='lat' dir='ltr'>illam</span> <span class='ocrx_word' id='word_1_590' title='bbox 1913 4104 2149 4177; x_wconf 71' lang='lat' dir='ltr'>apprehendit,11</span> 
     </span>
     <span class='ocr_line' id='line_1_43' title="bbox 332 4190 2108 4266; baseline 0 -15"><span class='ocrx_word' id='word_1_591' title='bbox 332 4233 335 4238; x_wconf 91' lang='lat'><em>-</em></span> <span class='ocrx_word' id='word_1_592' title='bbox 413 4212 496 4266; x_wconf 90' lang='lat' dir='ltr'>opere</span> <span class='ocrx_word' id='word_1_593' title='bbox 522 4202 635 4266; x_wconf 86' lang='lat' dir='ltr'>operato</span> <span class='ocrx_word' id='word_1_594' title='bbox 652 4194 755 4250; x_wconf 87' lang='lat' dir='ltr'>remitti</span> <span class='ocrx_word' id='word_1_595' title='bbox 772 4197 904 4263; x_wconf 73' lang='lat' dir='ltr'>peccata,</span> <span class='ocrx_word' id='word_1_596' title='bbox 939 4193 963 4246; x_wconf 89' lang='lat' dir='ltr'>si</span> <span class='ocrx_word' id='word_1_597' title='bbox 981 4209 1047 4248; x_wconf 89' lang='lat' dir='ltr'>vero</span> <span class='ocrx_word' id='word_1_598' title='bbox 1063 4211 1133 4263; x_wconf 89' lang='lat' dir='ltr'>opus</span> <span class='ocrx_word' id='word_1_599' title='bbox 1151 4212 1246 4265; x_wconf 87' lang='lat' dir='ltr'>opera·</span> <span class='ocrx_word' id='word_1_600' title='bbox 1273 4211 1306 4249; x_wconf 87' lang='lat' dir='ltr'>ac</span> <span class='ocrx_word' id='word_1_601' title='bbox 1325 4193 1441 4264; x_wconf 90' lang='lat' dir='ltr'>proinde</span> <span class='ocrx_word' id='word_1_602' title='bbox 1457 4193 1531 4247; x_wconf 90' lang='lat' dir='ltr'>idem</span> <span class='ocrx_word' id='word_1_603' title='bbox 1550 4208 1609 4248; x_wconf 91' lang='lat' dir='ltr'>esso</span> <span class='ocrx_word' id='word_1_604' title='bbox 1626 4190 1748 4245; x_wconf 91' lang='lat' dir='ltr'>medium</span> <span class='ocrx_word' id='word_1_605' title='bbox 1765 4197 1794 4246; x_wconf 90' lang='lat' dir='ltr'>et</span> <span class='ocrx_word' id='word_1_606' title='bbox 1811 4193 2040 4261; x_wconf 88' lang='lat' dir='ltr'>instrumentum,</span> <span class='ocrx_word' id='word_1_607' title='bbox 2058 4212 2108 4265; x_wconf 89' lang='lat' dir='ltr'>per</span> 
     </span>
     <span class='ocr_line' id='line_1_44' title="bbox 411 4277 2108 4351; baseline 0.001 -16"><span class='ocrx_word' id='word_1_608' title='bbox 411 4286 471 4335; x_wconf 89' lang='lat' dir='ltr'>tum</span> <span class='ocrx_word' id='word_1_609' title='bbox 501 4281 650 4350; x_wconf 89' lang='lat' dir='ltr'>opponitur</span> <span class='ocrx_word' id='word_1_610' title='bbox 680 4279 722 4333; x_wconf 89' lang='lat' dir='ltr'>illi</span> <span class='ocrx_word' id='word_1_611' title='bbox 749 4277 885 4348; x_wconf 88' lang='lat' dir='ltr'>opinioni,</span> <span class='ocrx_word' id='word_1_612' title='bbox 923 4277 1000 4350; x_wconf 85' lang='lat' dir='ltr'>quod</span> <span class='ocrx_word' id='word_1_613' title='bbox 1029 4279 1182 4349; x_wconf 87' lang='lat' dir='ltr'>baptismus</span> <span class='ocrx_word' id='word_1_614' title='bbox 1211 4282 1247 4336; x_wconf 90' lang='lat' dir='ltr'>sit</span> <span class='ocrx_word' id='word_1_615' title='bbox 1273 4280 1348 4351; x_wconf 90' lang='lat' dir='ltr'>quod</span> <span class='ocrx_word' id='word_1_616' title='bbox 1366 4280 1394 4333; x_wconf 92' lang='lat' dir='ltr'>in</span> <span class='ocrx_word' id='word_1_617' title='bbox 1413 4278 1553 4348; x_wconf 88' lang='lat' dir='ltr'>baptismo</span> <span class='ocrx_word' id='word_1_618' title='bbox 1570 4283 1599 4332; x_wconf 89' lang='lat' dir='ltr'>ct</span> <span class='ocrx_word' id='word_1_619' title='bbox 1619 4283 1683 4347; x_wconf 92' lang='lat' dir='ltr'>post</span> <span class='ocrx_word' id='word_1_620' title='bbox 1700 4277 1868 4346; x_wconf 87' lang='lat' dir='ltr'>baptismum</span> <span class='ocrx_word' id='word_1_621' title='bbox 1887 4277 1917 4332; x_wconf 93' lang='lat' dir='ltr'>in</span> <span class='ocrx_word' id='word_1_622' title='bbox 1931 4294 1998 4332; x_wconf 89' lang='lat' dir='ltr'>vcra</span> <span class='ocrx_word' id='word_1_623' title='bbox 2013 4281 2108 4350; x_wconf 89' lang='lat' dir='ltr'>poeni-</span> 
     </span>
     <span class='ocr_line' id='line_1_45' title="bbox 411 4362 2107 4437; baseline 0.001 -17"><span class='ocrx_word' id='word_1_624' title='bbox 411 4366 603 4420; x_wconf 86' lang='lat' dir='ltr'>tentummodo</span> <span class='ocrx_word' id='word_1_625' title='bbox 630 4365 754 4434; x_wconf 86' lang='lat' dir='ltr'>signum,</span> <span class='ocrx_word' id='word_1_626' title='bbox 786 4379 841 4418; x_wconf 91' lang='lat' dir='ltr'>non</span> <span class='ocrx_word' id='word_1_627' title='bbox 871 4367 964 4417; x_wconf 90' lang='lat' dir='ltr'>autem</span> <span class='ocrx_word' id='word_1_628' title='bbox 997 4363 1096 4419; x_wconf 84' lang='lat' dir='ltr'>efficax</span> <span class='ocrx_word' id='word_1_629' title='bbox 1125 4366 1245 4420; x_wconf 91' lang='lat' dir='ltr'>medium</span> <span class='ocrx_word' id='word_1_630' title='bbox 1271 4366 1361 4420; x_wconf 89' lang='lat' dir='ltr'>tentia</span> <span class='ocrx_word' id='word_1_631' title='bbox 1390 4364 1498 4435; x_wconf 81' lang='lat' dir='ltr'>gratiae</span> <span class='ocrx_word' id='word_1_632' title='bbox 1523 4362 1575 4417; x_wconf 88' lang='lat' dir='ltr'>Dei</span> <span class='ocrx_word' id='word_1_633' title='bbox 1600 4368 1628 4417; x_wconf 89' lang='lat' dir='ltr'>ct</span> <span class='ocrx_word' id='word_1_634' title='bbox 1654 4362 1821 4417; x_wconf 88' lang='lat' dir='ltr'>remissionis</span> <span class='ocrx_word' id='word_1_635' title='bbox 1843 4370 2023 4431; x_wconf 86' lang='lat' dir='ltr'>peecatorum</span> <span class='ocrx_word' id='word_1_636' title='bbox 2046 4382 2107 4437; x_wconf 71' lang='lat' dir='ltr'>par</span> 
     </span>
     <span class='ocr_line' id='line_1_46' title="bbox 411 4446 2108 4520; baseline 0 -15"><span class='ocrx_word' id='word_1_637' title='bbox 411 4449 561 4505; x_wconf 87' lang='lat' dir='ltr'>ablutionis</span> <span class='ocrx_word' id='word_1_638' title='bbox 578 4465 596 4504; x_wconf 86' lang='lat' dir='ltr'>a</span> <span class='ocrx_word' id='word_1_639' title='bbox 612 4448 752 4518; x_wconf 87' lang='lat' dir='ltr'>peccatis,</span> <span class='ocrx_word' id='word_1_640' title='bbox 772 4449 916 4518; x_wconf 91' lang='lat' dir='ltr'>jubemus,</span> <span class='ocrx_word' id='word_1_641' title='bbox 938 4455 970 4503; x_wconf 93' lang='lat' dir='ltr'>ut</span> <span class='ocrx_word' id='word_1_642' title='bbox 986 4457 1104 4505; x_wconf 88' lang='lat' dir='ltr'>mentem</span> <span class='ocrx_word' id='word_1_643' title='bbox 1123 4457 1245 4519; x_wconf 88' lang='lat' dir='ltr'>teneant,</span> <span class='ocrx_word' id='word_1_644' title='bbox 1273 4451 1371 4520; x_wconf 87' lang='lat' dir='ltr'>ticipes</span> <span class='ocrx_word' id='word_1_645' title='bbox 1388 4449 1539 4505; x_wconf 89' lang='lat' dir='ltr'>reddimur.</span> <span class='ocrx_word' id='word_1_646' title='bbox 1575 4450 1602 4503; x_wconf 85' lang='lat'>2.</span> <span class='ocrx_word' id='word_1_647' title='bbox 1623 4447 1704 4509; x_wconf 76' lang='lat' dir='ltr'>Quod</span> <span class='ocrx_word' id='word_1_648' title='bbox 1720 4456 1826 4501; x_wconf 83' lang='lat' dir='ltr'>statuat</span> <span class='ocrx_word' id='word_1_649' title='bbox 1845 4446 2020 4518; x_wconf 80' lang='lat' dir='ltr'>Catholicos,</span> <span class='ocrx_word' id='word_1_650' title='bbox 2046 4469 2108 4505; x_wconf 86' lang='lat' dir='ltr'>cum</span> 
     </span>
     <span class='ocr_line' id='line_1_47' title="bbox 411 4532 2109 4606; baseline 0.001 -15"><span class='ocrx_word' id='word_1_651' title='bbox 411 4533 769 4603; x_wconf 81' lang='lat' dir='ltr'>barbaramvexolinguam</span> <span class='ocrx_word' id='word_1_652' title='bbox 788 4532 934 4602; x_wconf 84' lang='lat' dir='ltr'>corrigant</span> <span class='ocrx_word' id='word_1_653' title='bbox 962 4536 989 4587; x_wconf 87' lang='lat'>2.</span> <span class='ocrx_word' id='word_1_654' title='bbox 1009 4534 1083 4590; x_wconf 85' lang='lat' dir='ltr'>Iade</span> <span class='ocrx_word' id='word_1_655' title='bbox 1102 4538 1246 4604; x_wconf 75' lang='lat' dir='ltr'>collipunt,</span> <span class='ocrx_word' id='word_1_656' title='bbox 1269 4545 1388 4606; x_wconf 80' lang='lat' dir='ltr'>peccant</span> <span class='ocrx_word' id='word_1_657' title='bbox 1408 4543 1476 4604; x_wconf 80' lang='lat' dir='ltr'>post</span> <span class='ocrx_word' id='word_1_658' title='bbox 1502 4535 1682 4604; x_wconf 82' lang='lat' dir='ltr'>baptismum,</span> <span class='ocrx_word' id='word_1_659' title='bbox 1704 4534 1759 4587; x_wconf 87' lang='lat' dir='ltr'>niti</span> <span class='ocrx_word' id='word_1_660' title='bbox 1771 4534 1895 4604; x_wconf 82' lang='lat' dir='ltr'>propria</span> <span class='ocrx_word' id='word_1_661' title='bbox 1915 4537 2109 4593; x_wconf 79' lang='lat' dir='ltr'>constitutions</span> 
     </span>
     <span class='ocr_line' id='line_1_48' title="bbox 412 4618 2109 4691; baseline 0.002 -16"><span class='ocrx_word' id='word_1_662' title='bbox 412 4619 546 4690; x_wconf 81' lang='lat' dir='ltr'>baptismi</span> <span class='ocrx_word' id='word_1_663' title='bbox 568 4618 727 4688; x_wconf 71' lang='lat' dir='ltr'>efficaciam</span> <span class='ocrx_word' id='word_1_664' title='bbox 751 4637 807 4673; x_wconf 87' lang='lat' dir='ltr'>non</span> <span class='ocrx_word' id='word_1_665' title='bbox 831 4635 862 4672; x_wconf 90' lang='lat' dir='ltr'>se</span> <span class='ocrx_word' id='word_1_666' title='bbox 888 4622 1033 4673; x_wconf 80' lang='lat' dir='ltr'>estendere</span> <span class='ocrx_word' id='word_1_667' title='bbox 1052 4623 1094 4675; x_wconf 79' lang='lat' dir='ltr'>ad</span> <span class='ocrx_word' id='word_1_668' title='bbox 1103 4622 1246 4691; x_wconf 85' lang='lat' dir='ltr'>futurum,</span> <span class='ocrx_word' id='word_1_669' title='bbox 1273 4631 1298 4676; x_wconf 91' lang='lat' dir='ltr'>et</span> <span class='ocrx_word' id='word_1_670' title='bbox 1323 4621 1533 4687; x_wconf 78' lang='lat' dir='ltr'>satisfactione,</span> <span class='ocrx_word' id='word_1_671' title='bbox 1559 4628 1590 4673; x_wconf 88' lang='lat' dir='ltr'>ut</span> <span class='ocrx_word' id='word_1_672' title='bbox 1614 4622 1732 4673; x_wconf 84' lang='lat' dir='ltr'>redeunt</span> <span class='ocrx_word' id='word_1_673' title='bbox 1750 4622 1791 4672; x_wconf 82' lang='lat' dir='ltr'>ud</span> <span class='ocrx_word' id='word_1_674' title='bbox 1809 4622 1939 4686; x_wconf 79' lang='lat' dir='ltr'>pretium.</span> <span class='ocrx_word' id='word_1_675' title='bbox 1979 4623 2041 4677; x_wconf 84' lang='lat' dir='ltr'>Sed</span> <span class='ocrx_word' id='word_1_676' title='bbox 2057 4626 2109 4679; x_wconf 79' lang='lat' dir='ltr'>hoc</span> 
     </span>
     <span class='ocr_line' id='line_1_49' title="bbox 412 4704 2111 4776; baseline 0.002 -15"><span class='ocrx_word' id='word_1_677' title='bbox 412 4708 465 4762; x_wconf 79' lang='lat' dir='ltr'>sed</span> <span class='ocrx_word' id='word_1_678' title='bbox 493 4712 601 4759; x_wconf 89' lang='lat' dir='ltr'>tantum</span> <span class='ocrx_word' id='word_1_679' title='bbox 633 4705 675 4758; x_wconf 84' lang='lat' dir='ltr'>ad</span> <span class='ocrx_word' id='word_1_680' title='bbox 694 4704 886 4773; x_wconf 84' lang='lat' dir='ltr'>praeteritum.</span> <span class='ocrx_word' id='word_1_681' title='bbox 928 4704 1151 4776; x_wconf 85' lang='lat' dir='ltr'>Respondemus:</span> <span class='ocrx_word' id='word_1_682' title='bbox 1181 4725 1246 4763; x_wconf 89' lang='lat' dir='ltr'>cou-</span> <span class='ocrx_word' id='word_1_683' title='bbox 1273 4709 1358 4761; x_wconf 86' lang='lat' dir='ltr'>etiam</span> <span class='ocrx_word' id='word_1_684' title='bbox 1369 4708 1454 4775; x_wconf 84' lang='lat' dir='ltr'>salso</span> <span class='ocrx_word' id='word_1_685' title='bbox 1473 4707 1578 4759; x_wconf 85' lang='lat' dir='ltr'>dictum</span> <span class='ocrx_word' id='word_1_686' title='bbox 1596 4713 1644 4767; x_wconf 89' lang='lat' dir='ltr'>est,</span> <span class='ocrx_word' id='word_1_687' title='bbox 1665 4705 1975 4776; x_wconf 89' lang='lat' dir='ltr'>(inquitBellarminus)</span> <span class='ocrx_word' id='word_1_688' title='bbox 1992 4711 2111 4765; x_wconf 87' lang='lat' dir='ltr'>nitimur</span> 
     </span>
     <span class='ocr_line' id='line_1_50' title="bbox 412 4783 2110 4864; baseline 0.001 -16"><span class='ocrx_word' id='word_1_689' title='bbox 412 4791 527 4848; x_wconf 75' lang='lat' dir='ltr'>unium</span> <span class='ocrx_word' id='word_1_690' title='bbox 538 4783 694 4860; x_wconf 87' lang='lat' dir='ltr'>paulopost</span> <span class='ocrx_word' id='word_1_691' title='bbox 706 4789 965 4845; x_wconf 88' lang='lat' dir='ltr'>demonstrabimus.</span> <span class='ocrx_word' id='word_1_692' title='bbox 983 4795 1010 4845; x_wconf 78' lang='lat'>3.</span> <span class='ocrx_word' id='word_1_693' title='bbox 1020 4793 1093 4846; x_wconf 84' lang='lat' dir='ltr'>Iade</span> <span class='ocrx_word' id='word_1_694' title='bbox 1102 4794 1247 4862; x_wconf 59' lang='lat' dir='ltr'>collinunt,</span> <span class='ocrx_word' id='word_1_695' title='bbox 1274 4795 1347 4848; x_wconf 90' lang='lat' dir='ltr'>enim</span> <span class='ocrx_word' id='word_1_696' title='bbox 1372 4792 1468 4860; x_wconf 77' lang='lat' dir='ltr'>pratia</span> <span class='ocrx_word' id='word_1_697' title='bbox 1486 4793 1558 4855; x_wconf 86' lang='lat' dir='ltr'>Dei,</span> <span class='ocrx_word' id='word_1_698' title='bbox 1589 4792 1696 4846; x_wconf 70' lang='lat' dir='ltr'>Chresti</span> <span class='ocrx_word' id='word_1_699' title='bbox 1719 4793 1827 4846; x_wconf 84' lang='lat' dir='ltr'>meritis</span> <span class='ocrx_word' id='word_1_700' title='bbox 1849 4801 1874 4845; x_wconf 89' lang='lat' dir='ltr'>et</span> <span class='ocrx_word' id='word_1_701' title='bbox 1895 4794 1997 4847; x_wconf 85' lang='lat' dir='ltr'>virtute</span> <span class='ocrx_word' id='word_1_702' title='bbox 2025 4804 2110 4864; x_wconf 79' lang='lat' dir='ltr'>atque</span> 
     </span>
     <span class='ocr_line' id='line_1_51' title="bbox 412 4876 2111 4950; baseline 0.002 -17"><span class='ocrx_word' id='word_1_703' title='bbox 412 4879 544 4933; x_wconf 64' lang='lat' dir='ltr'>amittam</span> <span class='ocrx_word' id='word_1_704' title='bbox 556 4876 689 4945; x_wconf 76' lang='lat' dir='ltr'>baptismi</span> <span class='ocrx_word' id='word_1_705' title='bbox 699 4878 822 4945; x_wconf 82' lang='lat' dir='ltr'>pretinm</span> <span class='ocrx_word' id='word_1_706' title='bbox 840 4895 896 4933; x_wconf 88' lang='lat' dir='ltr'>non</span> <span class='ocrx_word' id='word_1_707' title='bbox 912 4895 996 4947; x_wconf 83' lang='lat' dir='ltr'>posse</span> <span class='ocrx_word' id='word_1_708' title='bbox 1016 4879 1115 4933; x_wconf 87' lang='lat' dir='ltr'>iterum</span> <span class='ocrx_word' id='word_1_709' title='bbox 1132 4897 1245 4950; x_wconf 77' lang='lat' dir='ltr'>recupe-</span> <span class='ocrx_word' id='word_1_710' title='bbox 1274 4880 1407 4946; x_wconf 71' lang='lat' dir='ltr'>efficacia</span> <span class='ocrx_word' id='word_1_711' title='bbox 1425 4879 1607 4941; x_wconf 88' lang='lat' dir='ltr'>sacramenti,</span> <span class='ocrx_word' id='word_1_712' title='bbox 1631 4895 1687 4930; x_wconf 87' lang='lat' dir='ltr'>non</span> <span class='ocrx_word' id='word_1_713' title='bbox 1701 4879 1827 4946; x_wconf 80' lang='lat' dir='ltr'>propria</span> <span class='ocrx_word' id='word_1_714' title='bbox 1846 4880 2027 4948; x_wconf 83' lang='lat' dir='ltr'>contritione,</span> <span class='ocrx_word' id='word_1_715' title='bbox 2045 4883 2111 4936; x_wconf 82' lang='lat' dir='ltr'>licet</span> 
     </span>
     <span class='ocr_line' id='line_1_52' title="bbox 362 4960 2112 5034; baseline 0.001 -15"><span class='ocrx_word' id='word_1_716' title='bbox 362 4961 365 4972; x_wconf 90' lang='lat'>&#39;</span> <span class='ocrx_word' id='word_1_717' title='bbox 413 4965 480 5021; x_wconf 87' lang='lat' dir='ltr'>rari</span> <span class='ocrx_word' id='word_1_718' title='bbox 491 4980 546 5034; x_wconf 80' lang='lat' dir='ltr'>per</span> <span class='ocrx_word' id='word_1_719' title='bbox 565 4960 739 5030; x_wconf 83' lang='lat' dir='ltr'>baptismum,</span> <span class='ocrx_word' id='word_1_720' title='bbox 756 4966 809 5015; x_wconf 83' lang='lat' dir='ltr'>red</span> <span class='ocrx_word' id='word_1_721' title='bbox 819 4965 1008 5033; x_wconf 75' lang='lat' dir='ltr'>quaerendum</span> <span class='ocrx_word' id='word_1_722' title='bbox 1027 4981 1085 5018; x_wconf 79' lang='lat' dir='ltr'>eree</span> <span class='ocrx_word' id='word_1_723' title='bbox 1104 4966 1188 5021; x_wconf 83' lang='lat' dir='ltr'>atiud</span> <span class='ocrx_word' id='word_1_724' title='bbox 1204 4986 1247 5022; x_wconf 87' lang='lat' dir='ltr'>re·</span> <span class='ocrx_word' id='word_1_725' title='bbox 1274 4964 1468 5019; x_wconf 81' lang='lat' dir='ltr'>contritionem</span> <span class='ocrx_word' id='word_1_726' title='bbox 1502 4969 1532 5016; x_wconf 92' lang='lat' dir='ltr'>ut</span> <span class='ocrx_word' id='word_1_727' title='bbox 1565 4962 1778 5032; x_wconf 66' lang='lat' dir='ltr'>dispositionem</span> <span class='ocrx_word' id='word_1_728' title='bbox 1810 4963 2003 5032; x_wconf 78' lang='lat' dir='ltr'>requiramus,</span> <span class='ocrx_word' id='word_1_729' title='bbox 2039 4968 2112 5021; x_wconf 85' lang='lat' dir='ltr'>sieut</span> 
     </span>
     <span class='ocr_line' id='line_1_53' title="bbox 413 5047 2112 5122; baseline 0.002 -18"><span class='ocrx_word' id='word_1_730' title='bbox 413 5050 536 5105; x_wconf 85' lang='lat' dir='ltr'>medium</span> <span class='ocrx_word' id='word_1_731' title='bbox 558 5047 650 5116; x_wconf 69' lang='lat' dir='ltr'>meeis</span> <span class='ocrx_word' id='word_1_732' title='bbox 674 5047 796 5100; x_wconf 83' lang='lat' dir='ltr'>arduum</span> <span class='ocrx_word' id='word_1_733' title='bbox 821 5057 847 5101; x_wconf 90' lang='lat' dir='ltr'>et</span> <span class='ocrx_word' id='word_1_734' title='bbox 873 5050 1009 5118; x_wconf 70' lang='lat' dir='ltr'>difficile,</span> <span class='ocrx_word' id='word_1_735' title='bbox 1034 5049 1123 5104; x_wconf 84' lang='lat' dir='ltr'>idest</span> <span class='ocrx_word' id='word_1_736' title='bbox 1150 5070 1247 5107; x_wconf 83' lang='lat' dir='ltr'>saera·</span> <span class='ocrx_word' id='word_1_737' title='bbox 1273 5051 1358 5105; x_wconf 87' lang='lat' dir='ltr'>etiam</span> <span class='ocrx_word' id='word_1_738' title='bbox 1383 5067 1445 5103; x_wconf 90' lang='lat' dir='ltr'>cum</span> <span class='ocrx_word' id='word_1_739' title='bbox 1471 5050 1657 5117; x_wconf 80' lang='lat' dir='ltr'>baptizamur,</span> <span class='ocrx_word' id='word_1_740' title='bbox 1680 5049 1850 5116; x_wconf 74' lang='lat' dir='ltr'>requirimus</span> <span class='ocrx_word' id='word_1_741' title='bbox 1866 5050 1954 5118; x_wconf 78' lang='lat' dir='ltr'>fldem</span> <span class='ocrx_word' id='word_1_742' title='bbox 1973 5059 1999 5104; x_wconf 87' lang='lat' dir='ltr'>et</span> <span class='ocrx_word' id='word_1_743' title='bbox 2012 5054 2112 5122; x_wconf 84' lang='lat' dir='ltr'>poeni·</span> 
     </span>
     <span class='ocr_line' id='line_1_54' title="bbox 413 5131 2112 5206; baseline 0.001 -16"><span class='ocrx_word' id='word_1_744' title='bbox 413 5143 533 5190; x_wconf 88' lang='lat' dir='ltr'>mentum</span> <span class='ocrx_word' id='word_1_745' title='bbox 559 5131 763 5203; x_wconf 85' lang='lat' dir='ltr'>poenitentiae,</span> <span class='ocrx_word' id='word_1_746' title='bbox 789 5142 856 5201; x_wconf 81' lang='lat' dir='ltr'>post</span> <span class='ocrx_word' id='word_1_747' title='bbox 888 5136 965 5203; x_wconf 81' lang='lat' dir='ltr'>quod</span> <span class='ocrx_word' id='word_1_748' title='bbox 994 5144 1118 5190; x_wconf 86' lang='lat' dir='ltr'>remanet</span> <span class='ocrx_word' id='word_1_749' title='bbox 1141 5138 1249 5192; x_wconf 82' lang='lat' dir='ltr'>luendo</span> <span class='ocrx_word' id='word_1_750' title='bbox 1274 5137 1389 5190; x_wconf 87' lang='lat' dir='ltr'>tentiam</span> <span class='ocrx_word' id='word_1_751' title='bbox 1417 5142 1443 5189; x_wconf 88' lang='lat' dir='ltr'>et</span> <span class='ocrx_word' id='word_1_752' title='bbox 1469 5143 1561 5189; x_wconf 88' lang='lat' dir='ltr'>tamen</span> <span class='ocrx_word' id='word_1_753' title='bbox 1583 5151 1641 5187; x_wconf 87' lang='lat' dir='ltr'>aon</span> <span class='ocrx_word' id='word_1_754' title='bbox 1657 5134 1694 5187; x_wconf 86' lang='lat' dir='ltr'>iis</span> <span class='ocrx_word' id='word_1_755' title='bbox 1712 5134 1827 5188; x_wconf 86' lang='lat' dir='ltr'>nitimur</span> <span class='ocrx_word' id='word_1_756' title='bbox 1851 5144 1880 5188; x_wconf 91' lang='lat' dir='ltr'>ut</span> <span class='ocrx_word' id='word_1_757' title='bbox 1898 5136 1992 5190; x_wconf 76' lang='lat' dir='ltr'>caruis</span> <span class='ocrx_word' id='word_1_758' title='bbox 2003 5140 2112 5206; x_wconf 70' lang='lat' dir='ltr'>justifl-</span> 
     </span>
     <span class='ocr_line' id='line_1_55' title="bbox 409 5217 2112 5292; baseline 0.002 -16"><span class='ocrx_word' id='word_1_759' title='bbox 409 5237 505 5292; x_wconf 81' lang='lat' dir='ltr'>poeaa</span> <span class='ocrx_word' id='word_1_760' title='bbox 552 5217 714 5288; x_wconf 81' lang='lat' dir='ltr'>temporalis</span> <span class='ocrx_word' id='word_1_761' title='bbox 752 5234 808 5286; x_wconf 85' lang='lat' dir='ltr'>pro</span> <span class='ocrx_word' id='word_1_762' title='bbox 854 5221 1065 5289; x_wconf 79' lang='lat' dir='ltr'>satisfactione,</span> <span class='ocrx_word' id='word_1_763' title='bbox 1113 5230 1139 5275; x_wconf 90' lang='lat' dir='ltr'>et</span> <span class='ocrx_word' id='word_1_764' title='bbox 1182 5224 1249 5279; x_wconf 83' lang='lat' dir='ltr'>inde</span> <span class='ocrx_word' id='word_1_765' title='bbox 1275 5222 1408 5288; x_wconf 86' lang='lat' dir='ltr'>cationis,</span> <span class='ocrx_word' id='word_1_766' title='bbox 1431 5223 1483 5275; x_wconf 85' lang='lat' dir='ltr'>sed</span> <span class='ocrx_word' id='word_1_767' title='bbox 1499 5222 1558 5275; x_wconf 87' lang='lat' dir='ltr'>Dei</span> <span class='ocrx_word' id='word_1_768' title='bbox 1582 5222 1690 5289; x_wconf 76' lang='lat' dir='ltr'>oratio,</span> <span class='ocrx_word' id='word_1_769' title='bbox 1715 5222 1823 5275; x_wconf 79' lang='lat' dir='ltr'>Christi</span> <span class='ocrx_word' id='word_1_770' title='bbox 1846 5223 1945 5277; x_wconf 90' lang='lat' dir='ltr'>merito</span> <span class='ocrx_word' id='word_1_771' title='bbox 1969 5232 1996 5279; x_wconf 89' lang='lat' dir='ltr'>et</span> <span class='ocrx_word' id='word_1_772' title='bbox 2014 5243 2112 5280; x_wconf 74' lang='lat' dir='ltr'>saera</span> 
     </span>
     <span class='ocr_line' id='line_1_56' title="bbox 413 5303 2112 5376; baseline 0.004 -16"><span class='ocrx_word' id='word_1_773' title='bbox 413 5305 593 5374; x_wconf 68' lang='lat' dir='ltr'>consequitur</span> <span class='ocrx_word' id='word_1_774' title='bbox 635 5303 746 5358; x_wconf 86' lang='lat' dir='ltr'>utititas</span> <span class='ocrx_word' id='word_1_775' title='bbox 790 5303 1041 5373; x_wconf 74' lang='lat' dir='ltr'>indulosntiorum,</span> <span class='ocrx_word' id='word_1_776' title='bbox 1083 5310 1251 5375; x_wconf 71' lang='lat' dir='ltr'>perpeterii</span> <span class='ocrx_word' id='word_1_777' title='bbox 1275 5308 1360 5362; x_wconf 86' lang='lat' dir='ltr'>manti</span> <span class='ocrx_word' id='word_1_778' title='bbox 1377 5306 1517 5376; x_wconf 77' lang='lat' dir='ltr'>efficacia.</span> <span class='ocrx_word' id='word_1_779' title='bbox 1552 5306 1776 5376; x_wconf 88' lang='lat' dir='ltr'>Respondemus:</span> <span class='ocrx_word' id='word_1_780' title='bbox 1802 5307 1907 5362; x_wconf 89' lang='lat' dir='ltr'>recolat</span> <span class='ocrx_word' id='word_1_781' title='bbox 1925 5307 2112 5367; x_wconf 86' lang='lat' dir='ltr'>Bollsrminus</span> 
     </span>
     <span class='ocr_line' id='line_1_57' title="bbox 414 5389 2113 5460; baseline 0.004 -14"><span class='ocrx_word' id='word_1_782' title='bbox 414 5392 492 5447; x_wconf 84' lang='lat' dir='ltr'>locus</span> <span class='ocrx_word' id='word_1_783' title='bbox 510 5396 562 5446; x_wconf 89' lang='lat' dir='ltr'>ete.</span> <span class='ocrx_word' id='word_1_784' title='bbox 597 5390 820 5460; x_wconf 87' lang='lat' dir='ltr'>Respondemus:</span> <span class='ocrx_word' id='word_1_785' title='bbox 856 5389 891 5444; x_wconf 90' lang='lat' dir='ltr'>de</span> <span class='ocrx_word' id='word_1_786' title='bbox 916 5397 975 5446; x_wconf 90' lang='lat' dir='ltr'>tota</span> <span class='ocrx_word' id='word_1_787' title='bbox 1006 5390 1059 5446; x_wconf 88' lang='lat' dir='ltr'>hac</span> <span class='ocrx_word' id='word_1_788' title='bbox 1088 5408 1119 5447; x_wconf 89' lang='lat' dir='ltr'>re</span> <span class='ocrx_word' id='word_1_789' title='bbox 1144 5392 1173 5448; x_wconf 92' lang='lat' dir='ltr'>in</span> <span class='ocrx_word' id='word_1_790' title='bbox 1192 5399 1248 5449; x_wconf 91' lang='lat' dir='ltr'>tra·</span> <span class='ocrx_word' id='word_1_791' title='bbox 1276 5412 1327 5450; x_wconf 92' lang='lat' dir='ltr'>sua</span> <span class='ocrx_word' id='word_1_792' title='bbox 1350 5394 1442 5449; x_wconf 86' lang='lat' dir='ltr'>verba</span> <span class='ocrx_word' id='word_1_793' title='bbox 1480 5394 1617 5448; x_wconf 82' lang='lat' dir='ltr'>Contritio</span> <span class='ocrx_word' id='word_1_794' title='bbox 1645 5401 1687 5447; x_wconf 87' lang='lat' dir='ltr'>est</span> <span class='ocrx_word' id='word_1_795' title='bbox 1711 5394 1786 5448; x_wconf 86' lang='lat' dir='ltr'>actio</span> <span class='ocrx_word' id='word_1_796' title='bbox 1815 5394 1885 5449; x_wconf 86' lang='lat' dir='ltr'>bona</span> <span class='ocrx_word' id='word_1_797' title='bbox 1913 5403 1939 5449; x_wconf 89' lang='lat' dir='ltr'>at</span> <span class='ocrx_word' id='word_1_798' title='bbox 1956 5396 2048 5450; x_wconf 82' lang='lat' dir='ltr'>libera</span> <span class='ocrx_word' id='word_1_799' title='bbox 2072 5401 2113 5453; x_wconf 84' lang='lat' dir='ltr'>ad</span> 
     </span>
     <span class='ocr_line' id='line_1_58' title="bbox 414 5473 2112 5550; baseline 0.003 -18"><span class='ocrx_word' id='word_1_800' title='bbox 414 5482 491 5532; x_wconf 85' lang='lat' dir='ltr'>ctetu</span> <span class='ocrx_word' id='word_1_801' title='bbox 516 5476 551 5532; x_wconf 91' lang='lat' dir='ltr'>ds</span> <span class='ocrx_word' id='word_1_802' title='bbox 574 5475 745 5547; x_wconf 87' lang='lat' dir='ltr'>poenitentia</span> <span class='ocrx_word' id='word_1_803' title='bbox 769 5473 903 5541; x_wconf 89' lang='lat' dir='ltr'>diximus,</span> <span class='ocrx_word' id='word_1_804' title='bbox 934 5483 1067 5547; x_wconf 89' lang='lat' dir='ltr'>quantum</span> <span class='ocrx_word' id='word_1_805' title='bbox 1095 5478 1170 5534; x_wconf 87' lang='lat' dir='ltr'>satis.</span> <span class='ocrx_word' id='word_1_806' title='bbox 1206 5480 1249 5536; x_wconf 87' lang='lat' dir='ltr'>Ne</span> <span class='ocrx_word' id='word_1_807' title='bbox 1275 5480 1447 5546; x_wconf 73' lang='lat' dir='ltr'>eoanpetium</span> <span class='ocrx_word' id='word_1_808' title='bbox 1471 5480 1624 5549; x_wconf 85' lang='lat' dir='ltr'>pertinens.</span> <span class='ocrx_word' id='word_1_809' title='bbox 1665 5479 1713 5534; x_wconf 92' lang='lat' dir='ltr'>lib.</span> <span class='ocrx_word' id='word_1_810' title='bbox 1742 5486 1766 5535; x_wconf 82' lang='lat' dir='ltr'>t.</span> <span class='ocrx_word' id='word_1_811' title='bbox 1794 5480 1830 5534; x_wconf 91' lang='lat' dir='ltr'>de</span> <span class='ocrx_word' id='word_1_812' title='bbox 1855 5496 1936 5550; x_wconf 90' lang='lat' dir='ltr'>poen.</span> <span class='ocrx_word' id='word_1_813' title='bbox 1965 5498 1989 5538; x_wconf 87' lang='grc'>0.</span> <span class='ocrx_word' id='word_1_814' title='bbox 2015 5487 2047 5537; x_wconf 80' lang='lat' dir='ltr'>t:</span> <span class='ocrx_word' id='word_1_815' title='bbox 2075 5483 2112 5537; x_wconf 81' lang='lat' dir='ltr'>Is</span> 
     </span>
     <span class='ocr_line' id='line_1_59' title="bbox 414 5560 2111 5639; baseline 0.004 -21"><span class='ocrx_word' id='word_1_816' title='bbox 414 5562 497 5618; x_wconf 88' lang='lat' dir='ltr'>unico</span> <span class='ocrx_word' id='word_1_817' title='bbox 541 5563 652 5635; x_wconf 90' lang='lat' dir='ltr'>quidem</span> <span class='ocrx_word' id='word_1_818' title='bbox 687 5560 845 5633; x_wconf 79' lang='lat' dir='ltr'>Scripturas</span> <span class='ocrx_word' id='word_1_819' title='bbox 887 5561 962 5616; x_wconf 83' lang='lat' dir='ltr'>dieto</span> <span class='ocrx_word' id='word_1_820' title='bbox 1002 5564 1112 5633; x_wconf 86' lang='lat' dir='ltr'>probari</span> <span class='ocrx_word' id='word_1_821' title='bbox 1147 5573 1247 5637; x_wconf 88' lang='lat' dir='ltr'>potest,</span> <span class='ocrx_word' id='word_1_822' title='bbox 1277 5566 1354 5622; x_wconf 82' lang='lat' dir='ltr'>bonis</span> <span class='ocrx_word' id='word_1_823' title='bbox 1378 5574 1470 5619; x_wconf 75' lang='lat' dir='ltr'>artem</span> <span class='ocrx_word' id='word_1_824' title='bbox 1492 5565 1600 5619; x_wconf 83' lang='lat' dir='ltr'>merits‘s</span> <span class='ocrx_word' id='word_1_825' title='bbox 1615 5565 1722 5630; x_wconf 74' lang='lat' dir='ltr'>ridsecia</span> <span class='ocrx_word' id='word_1_826' title='bbox 1740 5567 1839 5637; x_wconf 78' lang='lat' dir='ltr'>aliqua</span> <span class='ocrx_word' id='word_1_827' title='bbox 1858 5568 1997 5622; x_wconf 83' lang='lat' dir='ltr'>collocari</span> <span class='ocrx_word' id='word_1_828' title='bbox 2010 5579 2111 5639; x_wconf 78' lang='lat' dir='ltr'>potest,</span> 
     </span>
     <span class='ocr_line' id='line_1_60' title="bbox 416 5646 2109 5723; baseline 0.003 -20"><span class='ocrx_word' id='word_1_829' title='bbox 416 5647 500 5703; x_wconf 71' lang='lat' dir='ltr'>dmm</span> <span class='ocrx_word' id='word_1_830' title='bbox 516 5649 653 5705; x_wconf 87' lang='lat' dir='ltr'>rationem</span> <span class='ocrx_word' id='word_1_831' title='bbox 671 5666 732 5705; x_wconf 85' lang='lat' dir='ltr'>esse</span> <span class='ocrx_word' id='word_1_832' title='bbox 748 5646 980 5705; x_wconf 81' lang='lat' dir='ltr'>remnoiliationis</span> <span class='ocrx_word' id='word_1_833' title='bbox 998 5665 1061 5703; x_wconf 91' lang='lat' dir='ltr'>cum</span> <span class='ocrx_word' id='word_1_834' title='bbox 1079 5649 1154 5721; x_wconf 90' lang='lat' dir='ltr'>Deo,</span> <span class='ocrx_word' id='word_1_835' title='bbox 1172 5652 1249 5707; x_wconf 90' lang='lat' dir='ltr'>aliud</span> <span class='ocrx_word' id='word_1_836' title='bbox 1275 5653 1358 5706; x_wconf 87' lang='lat' dir='ltr'>modo</span> <span class='ocrx_word' id='word_1_837' title='bbox 1384 5652 1519 5719; x_wconf 82' lang='lat' dir='ltr'>superbia</span> <span class='ocrx_word' id='word_1_838' title='bbox 1544 5659 1683 5707; x_wconf 83' lang='lat' dir='ltr'>caueatur.</span> <span class='ocrx_word' id='word_1_839' title='bbox 1724 5651 1773 5706; x_wconf 90' lang='lat' dir='ltr'>lib.</span> <span class='ocrx_word' id='word_1_840' title='bbox 1799 5659 1824 5709; x_wconf 82' lang='lat'>5.</span> <span class='ocrx_word' id='word_1_841' title='bbox 1851 5653 1886 5708; x_wconf 90' lang='lat' dir='ltr'>de</span> <span class='ocrx_word' id='word_1_842' title='bbox 1908 5654 1998 5723; x_wconf 82' lang='lat' dir='ltr'>justit.</span> <span class='ocrx_word' id='word_1_843' title='bbox 2024 5672 2049 5710; x_wconf 89' lang='lat' dir='ltr'>c.</span> <span class='ocrx_word' id='word_1_844' title='bbox 2079 5664 2109 5711; x_wconf 81' lang='lat' dir='ltr'>t:</span> 
     </span>
    </p>
   </div>
   <div class='ocr_carea' id='block_1_5' title="bbox 416 5732 2109 5809">
    <p class='ocr_par' dir='ltr' id='par_1_5' title="bbox 416 5732 2109 5809">
     <span class='ocr_line' id='line_1_61' title="bbox 416 5732 2109 5809; baseline 0.005 -20"><span class='ocrx_word' id='word_1_845' title='bbox 416 5733 604 5791; x_wconf 81' lang='lat' dir='ltr'>remissionis·</span> <span class='ocrx_word' id='word_1_846' title='bbox 617 5734 738 5790; x_wconf 86' lang='lat' dir='ltr'>medium</span> <span class='ocrx_word' id='word_1_847' title='bbox 771 5737 835 5806; x_wconf 89' lang='lat' dir='ltr'>post</span> <span class='ocrx_word' id='word_1_848' title='bbox 863 5732 1032 5805; x_wconf 87' lang='lat' dir='ltr'>baptismum</span> <span class='ocrx_word' id='word_1_849' title='bbox 1062 5753 1145 5807; x_wconf 86' lang='lat' dir='ltr'>quam</span> <span class='ocrx_word' id='word_1_850' title='bbox 1181 5743 1249 5794; x_wconf 82' lang='lat' dir='ltr'>ante</span> <span class='ocrx_word' id='word_1_851' title='bbox 1277 5736 1415 5794; x_wconf 80' lang='lat' dir='ltr'>Contritio</span> <span class='ocrx_word' id='word_1_852' title='bbox 1438 5744 1478 5791; x_wconf 85' lang='lat' dir='ltr'>est</span> <span class='ocrx_word' id='word_1_853' title='bbox 1503 5754 1591 5792; x_wconf 85' lang='lat' dir='ltr'>eausa</span> <span class='ocrx_word' id='word_1_854' title='bbox 1614 5737 1787 5794; x_wconf 68' lang='lat' dir='ltr'>renonent:</span> <span class='ocrx_word' id='word_1_855' title='bbox 1799 5748 1983 5809; x_wconf 86' lang='lat' dir='ltr'>peccatorum</span> <span class='ocrx_word' id='word_1_856' title='bbox 2001 5743 2109 5797; x_wconf 79' lang='lat' dir='ltr'>duodus</span> 
     </span>
    </p>
   </div>
   <div class='ocr_carea' id='block_1_6' title="bbox 0 0 2407 6659">
    <p class='ocr_par' dir='ltr' id='par_1_6' title="bbox 0 0 2407 6659">
     <span class='ocr_line' id='line_1_62' title="bbox 0 0 2407 6659; baseline 0 0"><span class='ocrx_word' id='word_1_857' title='bbox 0 0 2407 6659; x_wconf 95' lang='lat' dir='ltr'> </span> 
     </span>
    </p>
   </div>
  </div>
 </body>
</html>
