4800 6659
988 566 1041 625 DE
1059 562 1334 626 secunaum
1366 585 1368 590 ¹
1949 578 2009 636 201

320 728 498 778 sumomonte
517 736 584 777 uero
609 723 664 778 stis
689 724 821 793 beneficia
843 724 874 778 in
891 723 974 779 uerbo
991 721 1070 779 nebu
1084 740 1153 793 pro
1180 720 1254 777 enim
1272 725 1405 787 metuunt.
1424 726 1597 779 ammenta
1613 737 1673 778 essa
1693 737 1792 777 musas
1804 720 2013 793 justificationis
2129 739 2131 744 ·

316 816 433 880 posunt,
452 810 582 880 efferunt,
601 810 726 864 cohibent
744 818 770 864 et
783 811 930 879 obmanens
947 818 1029 880 aloru
1048 811 1090 865 ita
1103 811 1152 864 elu-
1178 808 1296 865 murales
1314 814 1430 874 tanturn,
1447 827 1503 864 non
1520 809 1658 882 physicas,
1678 816 1711 865 ut
1725 809 1930 880 Bonaventura,
1947 810 2012 868 acu

320 902 384 949 esent
400 912 453 950 nos
466 897 509 949 ad
526 896 679 966 Christum,
703 899 744 951 ad
759 897 882 968 aratiam
901 898 970 967 Dei,
996 899 1037 952 od
1055 898 1152 967 ejstoa-
1177 900 1232 964 tas,
1247 895 1406 960 Durandua
1422 895 1587 965 Bicbasdus,
1605 896 1747 951 Mamilius
1765 902 1817 952 etc.
1836 913 1906 967 quos
1925 913 1959 952 ex
1970 914 2011 955 re-

320 982 392 1036 eiam
413 981 548 1051 Spiritus.
586 983 660 1048 Quia
684 985 757 1037 enim
779 985 861 1039 Deus
886 984 916 1038 in
939 986 988 1053 iis,
1015 1001 1086 1055 quae
1113 985 1154 1037 ad
1177 982 1344 1038 cautioribus
1369 988 1521 1055 sequsmtur
1538 982 1700 1039 Ledesmius
1723 989 1747 1039 4.
1766 988 1835 1038 sent
1856 983 1920 1037 dist
1941 990 1963 1041 1.
1982 1000 2009 1057 q.

320 1066 439 1126 solutam
458 1071 748 1139 nostrampertinsnt,
762 1087 819 1139 per
833 1078 911 1125 oerta
925 1070 1020 1126 media
1034 1071 1092 1124 malt
1104 1088 1152 1123 no·
1178 1073 1202 1125 3.
1220 1074 1271 1123 art
1292 1075 1314 1125 1.
1341 1074 1370 1125 et
1389 1066 1487 1126 Canus'
1505 1069 1535 1125 in
1559 1070 1653 1127 relect.
1682 1070 1717 1125 da
1741 1086 1856 1126 sacram.
1893 1070 2013 1135 Quidam

321 1153 516 1225 hueumapere
528 1157 684 1210 etadhune
691 1155 1153 1227 usumipseordinaoitstinstituit
1177 1171 1243 1211 vero
1252 1160 1386 1222 statuunt,
1404 1163 1577 1211 sacramenta
1596 1173 1656 1212 esse
1670 1173 1768 1212 causas
1784 1156 1923 1227 physicas,
1944 1174 2011 1229 qao·

319 1240 430 1295 amium
445 1244 643 1313 promissionis
662 1244 808 1315 eeanpelii,
825 1246 903 1313 quod
917 1244 1074 1313 aliquando
1088 1243 1151 1296 sim
1178 1259 1239 1296 rum
1256 1242 1420 1297 sententiam
1439 1242 1624 1297 Bellarminue
1634 1242 1746 1314 judicat
1762 1244 1891 1299 tutiorem
1910 1251 1939 1298 et
1950 1260 2013 1314 pro·

316 1327 434 1397 pliciter
450 1346 507 1398 per
531 1346 561 1382 se
584 1330 641 1384 siue
660 1333 767 1385 nudum
782 1332 969 1400 proponitur,
996 1331 1152 1399 aiiqssando
1177 1327 1350 1387 babiliorem.
1392 1328 1498 1384 Bassus
1524 1329 1637 1401 quidam
1663 1335 1804 1394 statuunt,
1838 1335 2011 1385 sacramenta

319 1431 385 1469 asro
406 1414 532 1469 restium
551 1434 600 1471 seu
616 1418 726 1471 auibile
736 1417 853 1486 sactum
871 1409 1152 1471 certisaDeoinsts‘ss
1179 1430 1239 1470 esse
1261 1431 1359 1470 cauam
1377 1415 1507 1487 physicas
1526 1431 1577 1486 per
1596 1415 1720 1487 aliquam
1736 1415 1898 1487 qualitatem
1917 1415 2011 1472 inhae-

320 1501 388 1554 tutis
405 1500 507 1555 rs'tihsss
524 1519 574 1556 seu
590 1504 780 1559 sacramentis.
823 1503 939 1557 Verbum
957 1503 1045 1571 ipitsm
1065 1510 1090 1557 et
1107 1521 1152 1557 sa·
1178 1505 1293 1570 rentem,
1309 1503 1341 1557 ist
1352 1501 1474 1569 alensis,
1490 1500 1620 1568 Thomas,
1640 1501 1804 1569 Darandus3
1824 1502 1935 1574 quidam
1946 1518 2013 1558 raro

321 1595 461 1643 momenta
479 1597 635 1645 memorant
653 1591 740 1659 nobit,
760 1591 809 1644 uhi
819 1592 895 1661 ficies
907 1591 1006 1643 debeat
1018 1606 1153 1659 quaerere
1179 1593 1313 1653 statuunt,
1331 1594 1506 1645 sacmmenta
1526 1605 1609 1661 agere
1634 1587 1750 1660 physice
1769 1588 1930 1660 attingendo
1947 1589 2013 1646 effe·

321 1680 347 1728 et
365 1674 415 1728 uhi
426 1675 518 1745 possit
537 1676 661 1731 inuenire
676 1675 817 1739 Christum
828 1677 1017 1745 mediatorem,
1038 1677 1152 1730 Patrem
1178 1681 1255 1730 ctum
1278 1692 1329 1745 per
1349 1675 1436 1730 solam
1459 1675 1513 1730 Dei
1532 1675 1695 1739 motionem,
1719 1692 1834 1747 quorum
1849 1677 2013 1732 sententiam

320 1768 347 1813 et
370 1759 509 1830 Spiritum
532 1771 673 1830 sanctum,
696 1763 738 1816 ita
754 1771 786 1817 ut
801 1761 943 1817 nobiseum
956 1769 1056 1830 cpont,
1078 1763 1154 1816 euhi-
1179 1761 1364 1817 Bellarminus
1382 1762 1527 1834 approbet.
1560 1761 1607 1818 Sic
1629 1762 1834 1832 Beneventum,
1851 1762 2008 1819 Richardus

321 1848 411 1916 mont,
428 1849 572 1918 applicent
589 1858 615 1903 et
627 1850 770 1919 obsipnent
782 1848 923 1918 beneficia,
941 1866 1011 1918 quae
1025 1847 1153 1902 Christus
1179 1848 1215 1903 de
1230 1845 1324 1903 Media
1342 1848 1427 1917 Villa,
1448 1847 1555 1915 Scctas,
1572 1847 1683 1916 Occaus,
1702 1849 1823 1904 Thomas
1840 1849 1876 1905 da
1895 1850 2010 1923 Argunt

316 1935 475 2003 promeruit
491 1943 517 1989 et
535 1937 570 1989 de
588 1936 688 2005 puibsss
705 1935 879 2005 mespelium
889 1931 1084 1989 'concionatum
1114 1936 1153 1989 Et
1178 1940 1287 2002 tenent,
1314 1934 1389 2007 quod
1413 1934 1491 1989 Deus
1517 1935 1660 1990 constituit
1682 1943 1856 1991 sacramenta
1880 1943 2013 2009 tanquam

321 2021 351 2075 in
369 2039 423 2076 usu
440 2032 678 2078 sacramentorum
689 2022 774 2092 sides
794 2041 850 2077 non
869 2023 980 2091 meana
998 2030 1048 2076 aut
1065 2022 1153 2092 respi-
1179 2026 1257 2077 certa
1280 2020 1361 2093 signa
1387 2022 1506 2093 muse,
1534 2038 1617 2093 quam
1641 2021 1701 2092 ipse
1722 2023 1851 2093 producit
1868 2022 1898 2077 in
1921 2023 2015 2080 anima

320 2108 358 2164 cit
376 2110 551 2164 mentioiem
569 2111 696 2181 aliquam
712 2111 839 2164 virtutem
864 2126 914 2163 seu
933 2110 1092 2180 efficaciam
1112 2110 1154 2162 in·
1179 2107 1354 2179 suscipientis
1379 2114 1596 2178 sacramentum,
1621 2114 1671 2163 aut
1694 2109 1755 2180 ipso
1779 2117 1951 2165 sacramento
1975 2110 2013 2166 af·

278 2181 284 2189 ’
321 2193 479 2249 haerentem
506 2197 577 2267 apsis
601 2198 720 2252 eoternis
742 2204 981 2251 sacramentorum
1005 2196 1153 2265 elementis,
1179 2193 1284 2251 fectum
1306 2194 1458 2266 gratuitum
1481 2195 1640 2250 ordinatum
1662 2194 1699 2248 ad
1724 2194 1865 2250 hominum
1887 2197 2014 2268 salutem,

320 2282 373 2335 sed
399 2282 429 2336 in
451 2284 654 2352 promissione,
680 2300 751 2354 quae
782 2299 892 2337 annerm
911 2290 952 2336 est
970 2291 1154 2350 sacramento,
1180 2298 1232 2337 nec
1249 2282 1406 2353 ponendam
1425 2298 1484 2338 asse
1502 2282 1624 2355 aliquam
1635 2282 1764 2337 virtutem
1777 2285 2013 2353 supernaturalem

321 2367 446 2438 quaerit,
464 2370 650 2438 apprehendit
667 2377 694 2423 et
711 2369 814 2439 accipit
830 2368 954 2437 oratiam
973 2369 1083 2435 Patris,
1101 2385 1154 2422 me-
1180 2367 1210 2423 in
1239 2385 1333 2425 eoram
1361 2386 1430 2434 usu,
1464 2385 1533 2440 quos
1557 2369 1683 2440 sequitur
1714 2367 1775 2423 Biel
1806 2368 1854 2423 lib.
1887 2377 1910 2426 t.
1943 2376 2013 2427 sent

321 2454 405 2508 ιίιιιιιι
436 2455 510 2509 Filii
539 2463 565 2509 et
596 2455 723 2525 Spiritus
751 2455 850 2512 sanati.
897 2454 976 2510 Haec
1002 2454 1095 2510 omnia
1118 2453 1155 2511 D.
1180 2452 1245 2509 dist
1271 2460 1294 2511 1.
1320 2472 1346 2527 q.
1367 2460 1392 2509 3.
1430 2454 1504 2512 Vide
1525 2454 1610 2526 Alpb.
1633 2454 1791 2512 Virvesium
1814 2455 1886 2512 Phil.
1914 2462 1937 2514 2.
1963 2456 2013 2513 ubi

324 2539 514 2610 Chsmniciua,
539 2558 594 2613 quo
619 2541 739 2613 pertinet
755 2541 826 2596 illud
843 2540 971 2614 Hugcnis
988 2541 1070 2598 modo
1087 2542 1156 2598 cite·
1181 2548 1236 2597 tres
1265 2540 1408 2612 opiniones
1438 2540 1669 2597 Scholasticornm
1694 2542 1729 2596 de
1754 2540 1904 2598 afficientia
1923 2561 2013 2600 saum·

323 2631 396 2696 tum,
421 2628 495 2699 quod
513 2629 609 2696 pratia
626 2647 682 2682 non
703 2628 740 2681 sit
758 2645 777 2681 a
793 2629 991 2697 sacramentis,
1015 2643 1103 2697 nepte
1120 2630 1156 2683 de
1181 2634 1335 2684 mentorum
1353 2627 1466 2684 recitat:
1489 2634 1511 2685 1.
1532 2627 1607 2701 quod
1625 2634 1798 2684 sacramenta
1818 2637 1933 2685 causent
1950 2647 2011 2702 gra·

323 2715 514 2783 sacramentis,
533 2716 585 2769 sed
602 2715 712 2770 matur
730 2732 749 2767 a
765 2717 847 2780 fonte
864 2722 978 2769 aetem
998 2722 1024 2769 et
1042 2715 1156 2769 haurio·
1180 2715 1264 2785 tiam3
1307 2720 1332 2772 t.
1362 2714 1437 2788 quod
1480 2721 1595 2770 causent
1630 2715 1837 2786 dispositionem
1872 2717 2012 2788 quandam

323 2808 370 2855 tar
396 2802 432 2854 ob
460 2802 556 2855 anima
575 2802 605 2856 in
625 2801 696 2872 ipsis
715 2801 906 2855 sacramentis.
942 2800 1069 2874 Itemque
1087 2800 1156 2856 illud
1181 2800 1211 2857 in
1240 2801 1332 2857 anima
1362 2800 1554 2873 suscipientis,
1588 2806 1613 2858 3.
1644 2801 1719 2874 quod
1746 2811 1948 2857 sacramentam
1977 2804 2014 2861 sit

322 2886 446 2945 Thomas
475 2907 503 2961 p.
531 2895 556 2947 3.
583 2907 610 2961 q.
630 2895 672 2946 61.
698 2890 774 2946 artic.
793 2894 821 2946 ts
848 2888 1032 2945 Sacramenta
1055 2890 1157 2944 instru-
1181 2888 1292 2961 signum
1318 2894 1433 2945 eatenus
1451 2886 1563 2954 efficax,
1590 2889 1726 2960 quatenus
1742 2906 1887 2963 nunquam
1906 2890 1947 2943 illi
1966 2890 2013 2946 da·

323 2975 481 3030 mentaliter
504 2984 621 3031 causant
643 2977 784 3046 pretim,-
808 2994 895 3032 casua
911 2976 1082 3047 principales
1098 2979 1158 3045 opit
1183 2980 1226 3030 ast
1261 2974 1376 3031 effectus
1411 2975 1523 3031 divinae
1557 2975 1774 3046 propitiationis3
1808 2975 1881 3031 hanc
1910 2982 2014 3047 postre-

318 3077 374 3131 per
394 3062 523 3116 ortuum
545 3079 613 3117 usas
635 3065 763 3130 formae,
781 3079 836 3132 quo
854 3064 936 3118 modo
954 3080 1041 3118 eausa
1058 3063 1159 3117 salutis
1183 3079 1256 3117 mam
1284 3061 1450 3117 sententiam
1475 3062 1534 3132 ipso
1559 3061 1743 3133 amplectitur.
1790 3063 1922 3129 Quamvis
1949 3081 2015 3121 roro

323 3165 380 3203 non
401 3156 442 3203 est
459 3150 646 3204 Mscmhenda
666 3150 724 3203 nabi
744 3150 801 3205 soli
822 3151 894 3206 Deo.
937 3151 1034 3206 Causa
1055 3150 1158 3205 instra
1182 3149 1220 3203 ed
1263 3149 1433 3204 excusandas
1468 3148 1531 3203 illas
1566 3148 1750 3203 dimensiones
1783 3149 2016 3206 scholasticorum

323 3235 453 3291 nmmtis
471 3254 527 3290 non
544 3236 680 3306 opitnisi
690 3245 882 3311 per0matum,
907 3254 961 3308 quo
980 3245 1103 3293 mooctsor
1123 3240 1159 3294 ab
1182 3235 1368 3291 Bellarminus
1410 3236 1551 3314 obrertat,
1596 3236 1665 3289 haee
1707 3254 1763 3291 non
1794 3237 1938 3307 pertinere
1975 3240 2018 3293 ad

325 3330 424 3392 opents
437 3323 607 3392 principali,
624 3325 696 3377 unde
716 3325 828 3394 effectus
847 3341 903 3378 non
923 3325 1100 3380 assimilatur
1118 3325 1158 3377 in·
1184 3323 1372 3393 quaestionem
1406 3323 1496 3393 fidei,
1533 3325 1585 3377 sed
1618 3324 1766 3391 sufficere,
1812 3330 1843 3377 ut
1886 3325 2016 3395 sciamus,

324 3416 489 3478 sbumento,
516 3411 569 3463 sed
586 3411 748 3479 princepali
777 3410 879 3480 apsnti.
921 3411 1004 3480 Aqua
1028 3412 1161 3481 baptismi
1183 3418 1361 3464 sacramenta
1387 3426 1445 3463 esse
1468 3426 1571 3463 causas
1594 3409 1720 3477 pretias,
1744 3426 1807 3463 eum
1823 3414 1858 3462 sit
1873 3410 1926 3464 hoo
1944 3428 2016 3467 com

325 3496 464 3552 mesenas
483 3512 585 3566 corpus
602 3499 752 3551 seeundum
765 3497 891 3552 uirtutem
903 3497 1056 3566 propriam
1070 3499 1159 3554 abluit
1184 3514 1265 3550 mune
1282 3495 1376 3549 mauis
1394 3496 1534 3563 mysteriis
1550 3494 1641 3561 fidei,
1666 3502 1697 3549 ut
1719 3495 1868 3549 habeamur
1886 3513 1919 3550 ea
1936 3497 2014 3552 Sest-

325 3583 463 3651 animam,
481 3584 511 3636 in
536 3591 670 3653 quantum
692 3590 733 3637 est
757 3583 968 3637 instrumentum
986 3584 1098 3639 uirtutis
1116 3585 1160 3640 di·
1181 3583 1285 3653 pteris,
1304 3597 1363 3636 esse
1380 3580 1495 3650 aliquid
1511 3588 1537 3634 et
1554 3588 1647 3634 tamen
1666 3581 1824 3651 ipnoremus
1842 3585 1967 3655 modum,
1986 3592 2017 3639 ut

323 3670 414 3726 oinoa
461 3668 539 3725 Haec
567 3669 690 3725 'I'homas
716 3668 874 3732 recussime.
926 3669 1000 3737 Quin
1022 3671 1077 3726 imo
1098 3672 1159 3743 ipse
1187 3671 1278 3725 Deum
1295 3685 1354 3723 esse
1373 3667 1477 3721 tranum
1495 3675 1521 3721 et
1540 3685 1633 3734 unum,
1652 3665 1791 3723 Christum
1808 3685 1867 3723 esse
1880 3671 1973 3724 Deum
1990 3679 2016 3727 st

324 3754 509 3812 Bellarminue
528 3755 557 3810 id
575 3755 777 3828 quodammodo
795 3756 929 3828 agnoscit,
948 3756 988 3813 sic
1008 3757 1157 3813 enimscri·
1185 3756 1337 3825 hominem,
1355 3770 1503 3824 resurpere
1523 3771 1645 3825 corporo
1665 3756 1775 3824 mdem,
1796 3754 1936 3809 Christum
1957 3773 2016 3813 assa

224 3911 229 3918 ς
324 3840 368 3897 bit
389 3841 438 3897 lib.
457 3846 482 3899 2.
509 3842 545 3897 de
567 3858 682 3898 sacram.
706 3859 767 3913 cap.
788 3849 828 3901 11.
854 3859 926 3914 resp.
941 3844 977 3899 ad
997 3851 1082 3915 postr.
1101 3861 1159 3917 arg.
1185 3852 1271 3900 totum
1288 3842 1319 3896 in
1337 3841 1507 3895 eucharistia
1525 3845 1577 3895 atc.
1595 3840 1626 3894 id
1641 3845 1734 3895 umen
1746 3840 1929 3898 dissensiones
1940 3842 2016 3915 ipsas

324 3928 438 3984 membr.
459 3933 489 3984 3:
518 3929 702 3984 momenta
726 3938 790 3984 sunt
807 3946 909 3985 causae
928 3931 1159 4000 instrumentales,
1185 3929 1308 3985 nondum
1326 3928 1407 3998 tollit,
1426 3944 1499 4000 quae
1517 3927 1663 3984 manifeste
1679 3926 1836 3997 ostendunt,
1852 3926 2015 3999 figmentum

208 4016 414 4085 mantuam'rtus
436 4024 527 4069 auum
551 4016 687 4071 diuinitus
712 4018 800 4072 insito
821 4035 877 4071 non
899 4026 940 4072 est
964 4018 1063 4087 aliqua
1086 4036 1159 4073 noso
1186 4017 1221 4073 da
1247 4015 1373 4072 efficacia
1397 4021 1630 4070 sacramentorum
1652 4031 1685 4069 ex
1714 4030 1796 4084 opera
1821 4021 1935 4085 operato
1956 4016 2017 4075 ιίιιο

325 4102 452 4173 quaten
470 4103 604 4156 divisim
620 4103 769 4157 inhaerens
787 4104 947 4173 spiritualis
965 4105 1009 4160 oei
1026 4122 1159 4176 corpora-
1185 4102 1241 4160 fide
1269 4119 1328 4158 csso
1360 4101 1476 4157 dubium
1505 4105 1535 4156 et
1556 4100 1707 4165 incertums
1737 4099 1905 4155 tutissimum
1930 4102 2017 4175 igitur

326 4189 376 4257 lis,
399 4191 452 4243 sed
472 4190 564 4243 solum
582 4198 671 4244 motus
687 4192 745 4245 sive
758 4208 826 4245 usus
843 4192 910 4245 Dei.
942 4192 1000 4247 Per
1017 4192 1069 4247 hoo
1086 4195 1160 4247 enim
1185 4205 1246 4245 esse
1270 4204 1304 4242 ex
1332 4186 1482 4259 scripturis
1506 4186 1607 4242 sentia
1635 4191 1664 4241 et
1687 4203 1749 4241 cum
1767 4185 1915 4258 Scripturis
1940 4189 2017 4261 loqui

326 4278 404 4346 quod
420 4278 499 4331 Deus
517 4276 604 4330 utitur
626 4276 678 4330 hoc
696 4278 805 4331 actione
822 4279 1024 4332 sacramentali
1040 4282 1081 4334 ad
1094 4300 1160 4350 pro·
1186 4276 1222 4332 dc
1252 4282 1486 4331 sacramentorum
1516 4272 1658 4338 efficacia,
1698 4272 1727 4327 in
1757 4273 1858 4344 quibas
1891 4273 2015 4346 simplex,

325 4363 394 4418 tiam
406 4365 639 4433 producendam,
663 4364 752 4418 elevat
775 4381 837 4417 eam
854 4371 881 4418 et
899 4366 980 4433 facit
998 4382 1059 4420 eam
1077 4367 1159 4420 attin·
1186 4363 1271 4434 plana
1294 4365 1323 4417 et
1339 4378 1406 4417 vera
1424 4359 1562 4417 sententia
1583 4360 1617 4415 de
1636 4358 1690 4415 hac
1709 4359 1870 4431 quaestione
1888 4361 2016 4434 proponi·

324 4465 392 4519 pere
427 4451 552 4520 effectum
583 4450 843 4521 supernaturalem,
878 4468 956 4520 quem
985 4471 1040 4506 non
1064 4463 1161 4523 posset
1186 4460 1240 4507 tar.
1275 4448 1357 4513 Quod
1375 4447 1559 4503 Bellarminue
1583 4446 1760 4503 assertionem
1779 4446 1814 4502 de
1832 4446 1957 4504 efficacia
1973 4465 2016 4505 sa·

325 4537 477 4608 attinpere,
508 4538 535 4590 si
567 4556 584 4591 a
616 4554 778 4607 quoersnoue
809 4537 868 4591 alio
899 4545 1067 4608 movemur,
1101 4540 1159 4610 (ubi
1186 4544 1389 4591 crementorum
1414 4552 1448 4590 ex
1472 4550 1555 4606 opere
1574 4539 1688 4606 operato
1707 4535 1813 4589 confert
1830 4552 1894 4590 cum
1913 4536 2016 4607 prasci·

326 4622 419 4679 obiter
435 4628 510 4688 nota,
531 4640 564 4678 ex
583 4623 626 4678 his
644 4623 735 4680 verbis
752 4623 909 4679 immediate
927 4624 1013 4696 sequi,
1033 4626 1106 4696 quod
1120 4627 1160 4681 ni·
1185 4621 1249 4694 puis
1272 4622 1328 4678 illis
1355 4629 1383 4679 et
1405 4621 1659 4677 fundamentalibus
1677 4620 1743 4676 fidei
1762 4620 1934 4678 Christianae
1951 4622 2016 4679 arti·

325 4708 364 4765 hil
390 4708 493 4765 habeat
517 4709 651 4766 mliorem
677 4710 843 4766 sacramenti
870 4716 949 4765 astra
972 4727 1083 4765 usuma
1099 4711 1160 4768 Deo
1185 4709 1270 4780 culis,
1301 4710 1337 4765 de
1364 4726 1397 4764 ao
1421 4708 1489 4781 quid
1512 4708 1688 4764 statuendam
1715 4708 1763 4777 sit,
1792 4708 1909 4780 quilibet
1935 4709 2016 4767 iacils
2055 4703 2058 4708 ’

324 4795 491 4853 institutum.
534 4793 564 4851 Si
589 4797 660 4852 enim
679 4796 766 4852 virtus
789 4801 1023 4852 samamentcrum
1041 4815 1096 4852 non
1118 4805 1161 4853 ast
1186 4796 1324 4868 agnoscit3
1354 4795 1473 4866 probent
1501 4795 1578 4865 prins
1604 4811 1638 4850 cx
1662 4794 1810 4866 scripturis
1834 4813 1892 4850 rem
1918 4795 2015 4867 ipsam,

325 4881 463 4954 quaedam
491 4881 610 4953 qualitas
629 4881 790 4950 inhaerens,
814 4883 863 4938 sed
884 4882 973 4938 solum
992 4890 1084 4938 motus
1102 4884 1160 4941 sire
1186 4889 1284 4955 postea
1300 4899 1357 4938 non
1374 4879 1566 4937 accusabimus
1584 4897 1632 4937 eos
1650 4881 1867 4953 ulterius,‘quod
1885 4881 1920 4936 de
1933 4881 2015 4937 modo

324 4984 392 5024 usus
414 4967 484 5035 Dei,
507 4968 604 5039 utiquc
629 4977 707 5025 extra
723 4987 803 5024 usum
822 4967 916 5024 aDeo
931 4968 1087 5025 institutum
1104 4989 1160 5027 non
1185 4968 1332 5026 convenire
1367 4984 1423 5023 non
1458 4968 1573 5039 possint
1626 4974 1649 5024 3.
1682 4969 1798 5023 Dixerat
1831 4966 2015 5033 Chemuicius,
2128 5017 2136 5030 ,

324 5052 473 5111 tribuenda
490 5061 532 5110 cet
550 5056 728 5111 sacramentis
742 5056 828 5110 virtus
847 5054 1034 5112 seuafficaeia
1047 5056 1159 5128 aliqua).
1187 5060 1300 5126 Dopma
1326 5057 1362 5110 de
1386 5055 1470 5126 opere
1490 5063 1606 5125 operato
1631 5073 1687 5109 non
1705 5071 1816 5109 seruare
1836 5054 2017 5111 ὑποτύπωσιν

324 5146 347 5197 1.
365 5147 456 5210 notat,
475 5159 531 5195 non
549 5157 608 5196 esse
628 5144 845 5197 controuersiam
863 5144 899 5196 de
918 5144 1016 5211 modo,
1040 5161 1095 5213 quo
1114 5162 1158 5197 sa·
1185 5162 1316 5198 sanorum
1344 5143 1506 5211 uerborum,
1535 5149 1567 5196 ut
1595 5142 1659 5211 ipso
1684 5141 1840 5211 pereprina
1870 5142 2016 5197 uerbenas

322 5235 466 5282 eramento
481 5228 657 5298 mntcausoe,
674 5230 1009 5299 anphysieeattinpendo
1025 5231 1157 5301 effectum,
1184 5233 1281 5297 forma
1308 5229 1474 5299 scripturae
1503 5236 1528 5282 et
1555 5228 1717 5299 antiquitati
1744 5228 1841 5296 ipnota
1867 5226 2015 5293 manifeste

323 5333 361 5368 an
380 5315 527 5369 moraliter
545 5321 667 5381 tontum,
692 5324 718 5371 et
735 5335 848 5371 rursum
865 5318 892 5371 si
905 5317 1036 5387 physice,
1055 5335 1092 5371 an
1107 5336 1161 5387 per
1186 5317 1290 5372 indicet
1295 5337 1306 5386 ,·
1341 5313 1525 5371 Bellarminue
1543 5314 1652 5387 regerit,
1671 5313 1780 5367 nuttam
1797 5331 1856 5368 esse
1874 5314 1919 5368 hic
1939 5316 2015 5371 nost

323 5400 451 5470 aliquam
468 5402 629 5471 quolbotem
649 5402 851 5472 inhaerentem,
868 5421 907 5456 on
921 5420 977 5474 per
994 5403 1084 5457 solam
1103 5405 1162 5457 Dei
1186 5412 1283 5473 tatem,
1305 5402 1363 5457 nisi
1384 5404 1461 5473 quod
1477 5412 1575 5457 eontra
1592 5401 1718 5469 rapulam
1735 5402 1934 5471 psammeticus
1951 5418 2015 5473 ops·

326 5488 481 5555 motionem,
499 5488 554 5541 isto
573 5488 645 5542 enim
662 5489 704 5541 ad
720 5489 908 5558 quaestionem
923 5490 995 5556 fidei
1005 5508 1060 5545 non
1073 5492 1160 5561 perti-
1185 5499 1279 5545 ratum
1299 5490 1411 5560 passive
1433 5491 1604 5561 accipiatur,
1628 5490 1706 5557 puori
1728 5496 1821 5544 tamen
1838 5506 1895 5542 non
1912 5489 1951 5543 sit
1967 5508 2015 5545 no·

326 5582 398 5637 nent,
415 5575 467 5627 secl
483 5574 574 5627 solum
590 5575 753 5643 pcneratim,
771 5584 997 5630 ansaeromento
1010 5579 1065 5631 sint
1078 5594 1160 5632 uerae
1185 5597 1257 5645 aum,
1275 5594 1337 5632 cum
1354 5577 1440 5635 Hebr.
1454 5581 1498 5631 13.
1515 5594 1568 5632 voa
1590 5583 1769 5645 promeretur
1793 5576 1890 5630 itidem
1915 5585 2014 5632 costra

285 5694 291 5717 t
326 5666 353 5713 et
387 5661 523 5729 propriae
553 5677 655 5715 causae
687 5662 912 5716 instrumentales
937 5664 1159 5734 justificationes.
1185 5663 1387 5733 psammeticus
1409 5664 1522 5732 repulus
1535 5662 1650 5732 passive
1666 5669 1822 5732 umsrpetm.
1856 5661 2016 5734 Responde·

325 5744 549 5817 Respondemus:
574 5747 661 5803 Recta
688 5747 756 5803 facit
778 5747 978 5818 Bellarminue,
1005 5750 1079 5823 quod
1105 5751 1159 5806 die
1186 5768 1261 5806 mus:
1280 5750 1481 5806 barbarismum
1500 5748 1671 5804 barbarismo
1690 5754 1784 5821 tegere
1803 5749 1945 5805 estlutum
1957 5748 2015 5804 luto

327 5832 466 5890 scariones
496 5832 727 5891 Scholasticorum
755 5852 811 5892 non
841 5836 1011 5907 dissimulat;
1047 5837 1160 5910 quidam
1185 5854 1316 5910 purgare.
1356 5836 1426 5902 Quis
1455 5835 1527 5893 euim
1558 5851 1682 5909 unquam
1709 5835 1843 5892 bonorum
1873 5843 2017 5891 auctorum
