4800 6659
970 531 1023 589 DE
1041 530 1155 591 BONIS
1174 530 1373 593 ornamus
1959 545 2017 605 stt

338 708 388 747 rere
412 688 565 746 credidisse
592 688 714 761 probant
741 705 775 746 ex
802 688 873 745 seris
897 692 990 744 textus
1015 687 1110 744 Actor.
1134 687 1277 751 diminui
1298 690 1438 746 &mnam
1461 692 1520 761 ipsi
1546 693 1700 751 Salomoni.
1736 695 1778 748 Et
1800 695 1866 748 idco
1887 693 2022 765 scriptum

336 797 353 833 r.
372 785 397 833 5:
429 777 584 847 Philippus
614 777 688 831 omit
715 776 745 829 in
775 777 912 830 ciuitatem
946 775 1096 829 Samariae
1124 752 1242 829 ociosi:
1270 784 1330 830 tsne
1362 780 1439 847 meod
1466 779 1565 848 habes,
1592 797 1627 833 ns
1653 781 1729 834 alius
1748 781 1872 851 accipiat
1889 797 2022 835 coronam

330 865 468 934 praedicat
492 864 554 917 iliis
579 861 730 919 Christum.
755 881 780 918 v.
800 868 823 918 6.
860 861 1025 918 Samaritani
1051 861 1269 955 concio-,mam
1308 863 1390 925 Quod
1407 865 1501 933 utique
1524 867 1664 919 Dominus
1679 886 1735 920 non
1755 870 1889 933 minetur,
1907 867 2023 936 arissrri

331 952 401 1007 nibus
419 950 545 1021 Philippi
568 949 668 1006 intenti
693 954 722 1003 et
739 950 820 1019 signa
836 948 912 1003 edita
928 949 1056 1003 videntes
1075 948 1160 1003 valde
1171 968 1173 1028 2
1182 957 1248 1018 poet
1268 967 1401 1003 coronam
1412 952 1559 1019 justitiae,
1588 952 1646 1005 nisi
1662 954 1729 1022 quia
1746 956 1890 1008 recedente
1908 953 2021 1022 iristitia

328 1040 411 1108 parisi
435 1044 502 1092 sunt
529 1055 553 1091 v.
585 1042 609 1093 8.
635 1042 664 1091 et
691 1043 839 1107 postquam
864 1035 996 1107 Philippo
1020 1031 1300 1107 evangeli-irrorans
1323 1054 1433 1090 necesse
1458 1046 1498 1091 est
1519 1046 1546 1092 et
1570 1055 1684 1092 corona.
1721 1040 1871 1107 Confessio
1893 1040 1923 1092 in
1943 1056 2022 1093 seor·

326 1127 393 1181 santi
419 1123 606 1193 crediderunt,
625 1123 760 1193 baptisati
778 1128 843 1177 sunt
867 1141 891 1176 v.
911 1128 951 1179 12.
971 1133 1036 1178 tunc
1059 1123 1158 1177 Simon
1186 1121 1265 1174 dium
1282 1123 1393 1191 pierias
1412 1132 1467 1185 est.
1484 1142 1542 1178 non
1555 1126 1718 1195 praemium
1731 1126 1796 1194 jam
1815 1143 1950 1195 cerame,
1971 1142 2021 1180 nse

321 1221 344 1265 et
368 1214 431 1282 spes
458 1211 596 1278 credidit,
622 1214 696 1265 certe
714 1226 770 1263 non
789 1208 869 1264 alitor
888 1226 971 1280 quam
991 1208 1090 1279 reliqui
1110 1209 1158 1262 Sa·
1182 1207 1295 1275 perficit
1324 1209 1450 1279 laudem,
1477 1214 1530 1266 ssd
1556 1214 1652 1267 initiat
1679 1212 1858 1282 dipnitatsm,
1887 1229 1920 1267 eo
1946 1214 2023 1284 quod

318 1298 461 1365 maritari,
480 1297 555 1352 idem
575 1296 647 1352 enim
666 1296 850 1367 evangelium,
868 1296 943 1351 idem
960 1296 1065 1363 doctor,
1086 1295 1158 1349 idem
1188 1294 1323 1363 scriptun
1350 1297 1404 1350 sit:
1439 1298 1488 1366 qui
1508 1306 1734 1368 perseveraverit
1755 1316 1841 1369 usquc
1866 1300 1909 1352 ad
1930 1300 2021 1369 finem,

218 1447 221 1464 ‚
315 1385 479 1456 baptismus
506 1384 604 1439 eadem
628 1383 755 1438 miranda
780 1389 837 1437 tem
860 1382 964 1438 Simoni
999 1399 1083 1453 qnam
1112 1400 1159 1452 po·
1186 1381 1282 1434 salmis
1301 1383 1363 1439 erit.
1401 1381 1541 1453 Quicquid
1558 1393 1622 1438 ante
1640 1387 1722 1449 finem
1733 1386 1832 1453 feurit
1852 1387 1962 1455 pradus
1973 1392 2022 1455 est,

309 1474 386 1543 pulo
418 1479 487 1526 tunc
519 1469 693 1541 obtigerunt,
726 1469 805 1524 addit
836 1467 942 1535 Lucas,
972 1468 1048 1540 quod
1066 1466 1159 1522 Simon
1187 1485 1242 1536 quo
1260 1470 1302 1521 ad
1316 1470 1465 1537 fastipium
1480 1471 1583 1524 salutis
1602 1472 1792 1540 adscenditur,
1811 1472 2021 1543 nonterminus,

303 1559 453 1628 Philippo
474 1556 632 1612 adhaeserit
649 1574 676 1612 v.
697 1562 720 1611 1.
749 1554 829 1620 Quod
849 1554 948 1609 Petrus
958 1560 1056 1626 postea
1067 1560 1160 1624 negat,
1187 1570 1242 1621 quo
1265 1555 1330 1623 jam
1363 1556 1494 1610 csslminis
1525 1575 1632 1611 summa
1664 1565 1799 1612 teneatur.
1847 1557 2022 1629 Augustiana

300 1664 366 1699 cor
395 1644 488 1713 ipsius
508 1644 605 1713 fuisse
629 1650 734 1696 rectum
760 1643 789 1694 in
810 1650 957 1710 conspectu
977 1642 1048 1708 Dei,
1073 1640 1102 1694 id
1121 1640 1161 1694 in·
1188 1638 1236 1696 lib.
1257 1646 1297 1696 20.
1316 1641 1353 1696 de
1372 1642 1424 1699 civ.
1443 1642 1498 1698 Dei
1516 1660 1540 1697 c.
1561 1651 1592 1699 72
1622 1646 1683 1698 Nec
1701 1653 1824 1712 moveat,
1844 1647 1921 1714 arrad
1938 1660 2023 1715 sarpa

298 1731 506 1802 telligendnm
534 1730 570 1785 de
600 1734 723 1800 tempore
751 1728 951 1799 subsequente,
981 1743 1036 1799 quo
1067 1727 1161 1783 Simon
1188 1727 1321 1780 diabolus
1340 1731 1449 1782 seducit
1468 1731 1552 1783 etiam
1572 1732 1649 1800 illos,
1667 1731 1717 1800 qui
1733 1732 1798 1799 jam
1816 1731 1977 1798 reponsrati
1992 1730 2023 1784 is

291 1818 364 1873 ille
393 1825 469 1873 retro
498 1815 583 1878 abiit,
609 1816 750 1887 colligitur
775 1815 848 1869 enim
875 1831 908 1869 ex
933 1832 958 1869 v.
985 1820 1024 1870 13.
1049 1821 1077 1869 et
1100 1831 1160 1885 sqq.
1189 1811 1300 1867 Christe
1319 1816 1381 1867 oias
1397 1817 1593 1882 improdiuntur
1607 1817 1671 1871 Dei.
1707 1818 1782 1870 Nam
1795 1818 1871 1871 nouit
1883 1818 2024 1871 Dominus

290 1902 501 1958 interstitium
526 1902 644 1972 alicujus
666 1902 797 1971 temporis
822 1901 1002 1956 intervenisse
1029 1901 1100 1955 inter
1120 1900 1161 1956 Si·
1187 1900 1238 1968 qui
1256 1908 1320 1952 sunt
1338 1904 1408 1969 ejus,
1428 1920 1460 1955 eu
1477 1903 1521 1955 liis
1539 1905 1569 1956 in
1589 1911 1733 1956 aeternam
1751 1904 2023 1957 damnatioaem'ns·

287 1990 411 2046 monis
429 1988 638 2045 conversionem
658 1985 764 2059 atejus
782 1987 967 2058 relapsumt*
1187 1988 1289 2039 minem
1307 1989 1357 2041 site
1375 1990 1492 2048 seducit.
1527 1990 1652 2045 Isidorus
1671 1990 1812 2044 Pelusiota
1830 1990 1879 2047 lib.
1901 1997 1922 2046 1.
1943 1989 2022 2061 epist.

218 2073 260 2119 Β
360 2084 416 2133 111.
453 2075 497 2129 Ex
524 2074 601 2145 typis
631 2080 659 2129 ct
690 2073 841 2144 parabolis.
895 2072 1001 2126 Coruus
1033 2089 1065 2128 ex
1096 2088 1162 2126 arca
1188 2078 1247 2127 250.
1266 2075 1302 2128 ad
1322 2075 1487 2130 Eusebium:
1513 2078 1650 2145 Inpratus
1667 2084 1760 2130 noster
1778 2085 1862 2146 atque
1882 2078 2023 2147 improbus

218 2190 232 2226 e
282 2159 401 2220 Noae
424 2162 542 2218 emissus
568 2178 624 2216 non
646 2161 718 2216 redit
737 2160 808 2216 Gen.
827 2166 856 2229 8,
880 2177 906 2215 v.
931 2164 954 2216 8.
982 2158 1023 2212 ita
1048 2158 1160 2228 quidam
1188 2161 1298 2213 animus
1316 2166 1409 2215 omnia
1429 2163 1488 2214 Dei
1505 2164 1638 2224 beneficia
1657 2164 1773 2232 indique
1792 2164 1921 2233 niscepit.
1958 2164 2022 2233 Spi

218 2255 227 2266 '
284 2261 357 2304 e:
379 2248 521 2304 consortio
538 2264 622 2303 verae
641 2247 789 2315 ecclesiae,
816 2246 844 2301 in
864 2262 921 2317 qua
938 2244 1041 2299 servari
1059 2244 1162 2314 potuis·
1188 2246 1273 2299 ritum
1303 2256 1428 2301 sanetum
1456 2250 1615 2318 accepimus
1645 2267 1680 2302 ac
1711 2251 1836 2318 turribus
1867 2250 2023 2305 actionibus

278 2343 391 2404 sent,
410 2334 519 2391 nefarie
537 2333 704 2389 scavellunt
720 2340 918 2403 aeternumque
931 2336 1057 2401 pereunt.
1091 2329 1162 2384 Sim·
1189 2332 1281 2401 ipsum
1295 2334 1481 2402 propulimus.
1518 2334 1652 2407 Origenes
1669 2336 1698 2390 in
1715 2335 1809 2393 homil.
1831 2341 1871 2392 16.
1884 2337 2022 2394 iniiam:

272 2437 370 2477 ⁸011
381 2438 534 2494 persuasus
552 2437 570 2475 a
588 2419 680 2474 Deliis
699 2419 810 2490 patitur,
828 2418 881 2473 sibi
902 2419 991 2472 crines
1010 2415 1162 2484 detonderi,
1189 2418 1350 2487 Requiescit
1370 2419 1496 2488 Spiritus
1513 2422 1541 2473 in
1560 2423 1609 2485 iis,
1628 2423 1677 2491 qui
1693 2424 1795 2476 mundo
1813 2431 1878 2476 sunt
1894 2425 1980 2476 eorde
1997 2430 2024 2478 st

272 2524 375 2579 qua
392 2509 505 2564 ratione
525 2508 628 2562 amittit
652 2525 732 2560 suum
751 2507 834 2561 robur
851 2522 883 2560 ac
902 2506 930 2558 in
948 2503 1161 2558 Philistaeorum
1189 2505 1287 2569 iniis,
1312 2505 1362 2573 qni
1378 2507 1534 2575 purificant
1553 2509 1664 2561 auimas
1681 2525 1750 2562 suas
1765 2527 1783 2562 a
1799 2517 1929 2579 peccato,
1951 2510 2024 2563 sicat
2063 2563 2065 2565 ,

271 2608 420 2651 manus
446 2594 555 2662 incidit,
591 2593 657 2649 Jud.
681 2600 724 2661 16,
749 2613 774 2646 v.
797 2600 835 2648 16.
875 2591 1053 2645 Meretriculs
1070 2589 1163 2644 Delilo
1189 2593 1364 2644 econtrario
1384 2610 1439 2645 non
1457 2593 1565 2646 habitat
1583 2594 1613 2647 in
1632 2612 1748 2664 corpore
1766 2596 1876 2649 subdito
1891 2596 2024 2666 peccatis,

270 2687 422 2755 typum
454 2682 528 2754 gerit
554 2686 664 2735 nostras
688 2680 791 2747 carnis,
817 2680 866 2732 illa
888 2685 1024 2748 perpetuo
1053 2677 1162 2731 diverat
1189 2676 1302 2729 etiamsi
1324 2678 1461 2731 habitavit
1485 2679 1514 2732 in
1538 2696 1585 2748 eo,
1613 2700 1667 2735 non
1691 2682 1763 2735 enim
1786 2691 1878 2752 potest
1899 2683 2023 2753 Spiritus

271 2780 346 2824 et
365 2768 505 2824 sollicitat
523 2774 649 2834 renatos,
671 2773 702 2820 ut
722 2763 950 2835 concupiscentiis
971 2764 1064 2834 pravis
1084 2764 1161 2818 obse·
1188 2771 1301 2815 sanctus
1319 2765 1489 2817 consortium
1507 2766 1575 2834 pati
1591 2773 1616 2819 et
1633 2768 1791 2821 societatem
1809 2770 1927 2838 spiritus
1945 2768 2023 2823 mali.

272 2862 458 2927 quantur,
482 2869 538 2925 que
561 2853 668 2906 ratione
691 2852 823 2906 amittunt
841 2852 926 2905 robur
943 2849 1063 2921 Spiritus
1083 2856 1112 2904 et
1132 2850 1161 2904 in
1188 2848 1376 2920 Hieronymus
1395 2851 1424 2904 in
1442 2850 1531 2909 thren.
1552 2852 1668 2910 ierem:
1701 2855 1856 2910 Videndum
1876 2856 1955 2910 nobis
1973 2862 2023 2927 est,

272 2960 420 2998 manus
459 2938 634 2995 infernalium
667 2939 880 2993 Philistaeorum
916 2938 1020 3008 captivi
1053 2938 1160 2991 dantur.
1188 2952 1223 2987 ne
1236 2945 1359 3005 propter
1378 2936 1542 3006 iniquitates
1558 2948 1671 2993 nostras
1689 2941 1879 2995 habitaculum
1898 2942 2024 3012 pectoris

275 3028 422 3084 Manu.
445 3032 485 3083 18.
510 3041 606 3081 servus
625 3026 771 3096 impetrata
789 3025 875 3080 debiti
894 3024 1094 3080 condonatione
1112 3026 1161 3078 im·
1187 3024 1277 3075 nostri
1294 3025 1406 3075 deserat
1425 3024 1599 3078 inhabitator
1613 3025 1738 3096 Spiritus
1751 3036 1873 3083 sanctus.
1904 3026 2023 3083 Ambro-

283 3113 528 3170 niisericordem
546 3129 576 3167 se
594 3128 662 3184 erga
679 3128 842 3166 conservum
860 3116 1004 3182 praestans
1027 3111 1063 3165 ad
1087 3111 1161 3182 judi·
1188 3107 1245 3161 sius
1263 3108 1311 3165 lib.
1333 3114 1357 3164 6.
1374 3109 1498 3166 hexaem.
1517 3128 1542 3167 c.
1561 3117 1587 3168 6.
1604 3131 1633 3183 p.
1653 3118 1699 3169 80:
1728 3114 1763 3168 In
1787 3116 1950 3168 carnatibus
1967 3133 2024 3170 non

283 3203 396 3259 cium
421 3200 522 3255 iterum
541 3205 657 3253 vocatur
682 3206 709 3254 et
732 3199 762 3253 in
786 3215 923 3253 carcerem
941 3198 1094 3268 justissime
1115 3199 1161 3253 de·
1185 3204 1331 3263 permanet
1353 3195 1477 3265 Spiritus
1495 3207 1617 3267 sanetus,
1637 3200 1705 3268 quia
1722 3202 1858 3271 scriptum
1877 3210 1933 3255 est:
1955 3203 2022 3256 Non

288 3288 453 3346 truditur.
490 3283 601 3339 Palmes
625 3302 751 3340 arescens
772 3302 804 3340 ex
824 3285 879 3339 vite
897 3284 1069 3339 abscinditur
1087 3291 1116 3340 et
1133 3285 1161 3339 in
1186 3284 1360 3351 permanebit
1390 3283 1515 3353 Spiritus
1541 3302 1617 3339 incus
1642 3287 1672 3339 in
1698 3287 1775 3356 istis,
1806 3290 1938 3358 quioniam
1954 3305 2022 3343 earo

293 3379 419 3447 ignem
434 3372 587 3443 projicitur,
608 3372 672 3428 Joh.
695 3380 733 3440 15,
751 3391 776 3426 v.
796 3377 820 3426 2.
839 3378 867 3427 et
882 3378 904 3427 6.
932 3371 1010 3427 Idem
1025 3372 1163 3443 contingit
1187 3375 1260 3422 sunt.
1294 3369 1373 3424 Idem
1391 3370 1420 3423 in
1440 3376 1462 3427 1.
1476 3370 1538 3428 Cor.
1553 3377 1582 3426 3:
1604 3373 1729 3442 Spiritus
1746 3382 1859 3427 saumas
1877 3383 1943 3427 tuna
1958 3391 2022 3444 par·

300 3461 396 3528 illis,
418 3459 467 3531 qni
490 3474 558 3513 vera
581 3457 636 3513 lide
655 3457 764 3512 Christe
791 3457 886 3513 inserti
908 3457 1033 3529 vigorem
1059 3464 1088 3513 et
1105 3458 1161 3511 iru-
1188 3462 1280 3508 manet
1297 3456 1327 3509 in
1346 3474 1386 3524 eo,
1406 3458 1453 3509 cui
1466 3474 1496 3511 ss
1514 3458 1663 3528 infuderit,
1682 3460 1711 3513 si
1723 3468 1889 3529 permaneat
1909 3461 1940 3513 in
1953 3476 2021 3530 pro·

301 3553 402 3602 ctam
414 3544 535 3615 Spiritus
552 3545 690 3599 amittunt.
719 3544 790 3598 Vide
808 3544 888 3614 plura
905 3550 1069 3616 argumenta
1086 3545 1160 3616 apud
1184 3542 1280 3610 posito
1309 3545 1544 3613 repererationie,·
1571 3546 1599 3598 si
1623 3564 1677 3615 quo
1698 3547 1802 3610 minus,
1821 3548 1961 3616 abscedit,
1979 3547 2022 3601 ita

307 3632 490 3687 Severinum
515 3630 654 3687 Slaterum
676 3630 704 3684 in
727 3636 838 3687 tractet.
862 3631 897 3685 de
915 3630 1103 3701 philanthrop.
1122 3630 1160 3683 di·
1188 3636 1281 3681 tamen
1289 3637 1328 3697 ut,
1347 3631 1375 3682 ri
1391 3648 1420 3683 se
1438 3633 1739 3699 ruunasertttono,
1757 3634 1857 3686 redeat
1874 3634 1916 3686 ad
1932 3633 2021 3703 ilium,

308 3719 395 3773 vine
411 3735 436 3774 c.
456 3723 503 3785 20,
521 3734 549 3772 r.
568 3722 610 3773 21.
1187 3732 1295 3785 semper
1315 3717 1387 3769 enim
1401 3726 1524 3785 paratus
1544 3721 1585 3772 ad
1602 3721 1702 3773 honum
1718 3727 1765 3787 est,
1785 3720 1907 3787 dilipens
1921 3719 2021 3790 poeni·

218 3828 229 3861 s
374 3810 423 3861 112.
458 3804 502 3858 Ex
518 3802 660 3859 veteribus
678 3802 772 3857 efferri
791 3809 908 3873 possunt
924 3803 1071 3874 perspicua
1087 3804 1161 3858 testi-
1189 3803 1313 3854 tentiam.
1321 3805 1353 3835 ⁸*
1388 3802 1577 3875 Hieronymus
1594 3805 1642 3861 lib.
1661 3810 1684 3862 2.
1706 3805 1770 3861 adv.
1788 3804 1898 3863 dorion.
1916 3813 1945 3861 et
1963 3807 2021 3863 Aa·
2034 3814 2096 3857 vus
2109 3813 2153 3858 itt.

218 3878 259 3914 ⁵
318 3891 435 3959 moda,
459 3889 561 3963 quibus
579 3889 701 3960 probant
715 3888 855 3959 justitiam
873 3887 938 3943 fidei
955 3896 984 3944 et
1000 3889 1120 3960 Spiritus
1139 3907 1161 3945 s.
1190 3876 1318 3959 gustinns
1331 3889 1366 3943 ad
1379 3889 1603 3953 Quodvultdeum
1619 3891 1725 3948 haeres.
1739 3897 1780 3948 82.
1794 3892 1924 3956 referunt,
1937 3910 2021 3948 unum

321 3978 420 4032 amitti
453 3995 504 4050 per
536 3984 653 4048 peccata
682 3983 778 4029 contra
807 3976 1004 4030 conscientium
1032 3976 1161 4033 admissa.
1189 3992 1222 4028 ee
1239 3976 1382 4029 erroribus
1402 3976 1638 4046 Jovianifuisse,
1660 3978 1756 4047 justos
1768 3987 1836 4048 post
1855 3979 2020 4049 baptismum

326 4057 461 4119 Irenaeus
484 4064 534 4122 lib.
556 4070 578 4120 1.
604 4063 668 4118 adv.
687 4061 792 4117 haeres.
813 4078 837 4117 c.
857 4068 878 4117 1.
897 4079 971 4118 num.
992 4068 1034 4119 ³2.
1053 4063 1087 4119 dc
1105 4063 1161 4119 Va·
1188 4080 1243 4115 non
1260 4080 1343 4131 posse
1362 4063 1498 4115 damnari
1515 4072 1541 4117 et
1557 4064 1585 4117 si
1594 4066 1678 4132 forte
1690 4073 1819 4136 peccent,
1846 4083 1892 4119 eos
1909 4066 2020 4136 quidem

328 4141 501 4206 lentiniauis:
517 4148 627 4205 Dicunt
645 4146 675 4202 rh
693 4146 883 4220 πνευματικὸν
900 4148 958 4218 (cui
976 4148 1161 4219 opponnntro'
1188 4150 1277 4213 fuisse
1303 4149 1376 4202 lotos
1401 4166 1491 4220 aquia,
1521 4150 1659 4220 Spiritum
1682 4168 1749 4206 nero
1773 4152 1885 4220 cratiae
1908 4153 2020 4207 minime

324 4233 434 4302 χοῖκᾶν)
456 4238 487 4291 in
511 4237 718 4306 quibuscunque
742 4237 920 4299 facinoribus
938 4244 1077 4305 versetur,
1101 4255 1160 4289 cor·
1188 4236 1334 4305 recepisse.
1390 4235 1468 4290 Idem
1499 4236 1673 4308 Augustinus
1705 4236 1754 4294 lib.
1785 4243 1826 4295 to.
1857 4238 2021 4297 confession.

333 4324 487 4390 ruptionem
511 4340 568 4377 non
588 4339 674 4391 posse
698 4323 855 4379 admittere.
896 4322 956 4384 Quo
982 4324 1054 4375 enim
1079 4325 1161 4376 mode
1188 4338 1250 4391 cup.
1274 4327 1320 4376 32:
1357 4322 1446 4376 Nemo
1469 4339 1584 4375 recursis
1612 4338 1670 4376 esse
1699 4322 1779 4376 dehet
1809 4324 1840 4376 in
1867 4326 1922 4379 ista
1951 4325 2039 4391 saa,

342 4423 434 4463 auum
451 4410 481 4462 in
501 4425 586 4463 coeno
604 4408 760 4478 depositum
777 4426 832 4461 non
850 4409 953 4462 amittit
971 4409 1161 4478 pulchritudi·
1188 4424 1260 4477 miae
1292 4414 1352 4461 tota
1382 4410 1499 4463 tentatio
1528 4409 1705 4476 nominatur,
1741 4416 1771 4461 ut
1801 4411 1851 4480 qui
1880 4412 1944 4475 deri
1968 4429 2021 4483 pa·

340 4507 397 4546 nnn
412 4514 506 4562 suam,
530 4496 584 4548 ssd
599 4494 747 4563 propriam
766 4502 898 4546 naturam
916 4505 1023 4562 seruat,
1051 4512 1122 4563 quas
1142 4514 1160 4547 a
1187 4496 1271 4547 tuerit
1293 4511 1326 4547 cu
1349 4495 1487 4549 deteriori
1508 4496 1621 4565 melier,
1645 4513 1701 4549 non
1720 4496 1790 4566 fieri
1808 4498 1901 4566 possit
1917 4514 1950 4551 se
1966 4515 2021 4553 ms·

345 4594 417 4634 cuno
428 4581 572 4635 laedim
582 4587 683 4650 potest,
696 4580 737 4632 ita
750 4580 853 4648 dicunt,
866 4597 895 4633 se
906 4581 937 4633 in
949 4582 1162 4650 umbrarumque
1187 4581 1258 4635 lieri
1278 4581 1409 4634 deterior.
1445 4579 1495 4637 lib.
1514 4586 1538 4637 3.
1558 4582 1593 4636 de
1611 4581 1738 4637 docmina
1755 4582 1912 4638 Christiana
1929 4600 1953 4641 c.
1973 4589 2020 4640 23:

343 4675 473 4720 vacentur
493 4666 650 4720 mamea
666 4666 745 4720 nullo
766 4668 848 4720 modo
866 4668 979 4737 offendi.
1020 4666 1162 4731 (Quamvis
1188 4669 1239 4721 Ad
1256 4667 1307 4720 hoc
1319 4674 1440 4735 peccata
1459 4685 1623 4735 mapnorum
1640 4669 1763 4723 uirorum
1781 4671 1888 4740 scripta
1899 4679 1972 4740 suat,
1988 4680 2021 4726 ut

345 4763 399 4806 vcro
411 4771 465 4810 non
478 4770 497 4809 a
510 4760 620 4821 natura,
638 4752 687 4808 sed
702 4753 876 4809 abebsoluto
887 4755 1008 4825 quodam
1020 4753 1162 4809 electionis
1188 4753 1345 4823 apostolica
1371 4752 1426 4805 illa
1449 4755 1586 4807 sententia
1604 4755 1704 4824 ubique
1726 4758 1871 4810 tremenda
1889 4758 1939 4822 cit,
1962 4774 2020 4828 qua

349 4834 441 4895 deren
449 4838 671 4896 immobilitatem
681 4840 787 4910 gratiae
804 4846 833 4894 et
843 4841 969 4911 justitiae
981 4841 1062 4894 hodie
1073 4857 1161 4896 eroes·
1187 4840 1246 4892 ait:
1267 4839 1447 4907 Quapropter
1464 4840 1514 4907 qui
1530 4840 1641 4893 videtur
1660 4849 1746 4910 stare,
1763 4842 1859 4895 rideat
1878 4860 1913 4897 ne
1926 4845 2020 4900 cadat.

351 4932 408 4994 nst,
424 4926 453 4981 in
464 4944 499 4989 eo
511 4932 679 4981 tamencum
695 4926 818 4996 pristinis
829 4926 973 4981 haereticis
986 4927 1162 4996 conveniunt,
1188 4924 1236 4981 lib.
1260 4931 1299 4980 11.
1319 4925 1353 4979 de
1372 4924 1424 4981 civ.
1446 4924 1500 4980 Dei
1517 4941 1541 4981 c.
1562 4931 1608 4981 32:
1635 4928 1731 4981 Hodie
1754 4946 1812 4983 non
1829 4929 2021 4997 imprudenter

352 5012 407 5079 quod
423 5011 453 5068 ri
468 5014 659 5087 πνευματικὸν
678 5030 732 5067 non
752 5030 833 5084 posse
847 5013 1049 5084 corruptionem
1063 5014 1161 5067 admit·
1187 5029 1316 5065 secamus
1335 5013 1439 5079 beatos,
1459 5029 1528 5081 auos
1545 5013 1670 5065 ridemm
1686 5014 1761 5082 jusu
1778 5031 1812 5068 ac
1828 5015 1877 5084 pis
1895 5034 1957 5069 cum
1970 5031 2019 5086 sps

353 5097 394 5153 lae
409 5103 556 5167 mamam)
590 5098 814 5153 ”Tertullianus
833 5099 869 5153 de
885 5100 987 5171 poenit.
1006 5116 1031 5156 c.
1048 5105 1078 5155 6:
1097 5102 1162 5154 Non
1185 5099 1304 5163 marae
1327 5098 1547 5152 immortalitatis
1571 5098 1644 5152 hanc
1666 5100 1753 5153 rr'tam
1770 5102 1871 5154 ducem
1887 5102 1948 5155 sins
1965 5103 2019 5157 cri-

355 5183 406 5238 min
424 5187 507 5242 malti
524 5194 627 5257 possea
645 5187 793 5240 excidunt!
819 5204 876 5239 non
898 5205 917 5239 a
940 5187 1036 5239 multis
1060 5188 1162 5240 mnam
1188 5185 1260 5237 mins
1283 5192 1409 5238 vadante
1434 5184 1631 5238 conscientiam
1652 5186 1744 5251 facile
1761 5187 1941 5257 impetrantes
1953 5205 2019 5259 pee-

355 5266 410 5326 dltd
426 5274 581 5344 asserturi
607 5273 639 5325 m·
655 5280 718 5326 sunt
736 5273 859 5340 seilicet,
877 5273 928 5341 qui
945 5272 1091 5340 obrepunt,
1114 5276 1164 5343 qui
1188 5273 1260 5324 catis
1278 5271 1363 5340 hujus
1382 5270 1555 5339 infirmitatis
1575 5271 1700 5325 divinam
1712 5274 1944 5342 misericordiam,
1963 5275 2020 5345 assi,

352 5362 503 5419 persuasu
523 5361 614 5429 fidem
646 5360 766 5427 inpressi
781 5373 877 5429 'super
905 5376 1022 5411 arenam
1040 5362 1162 5412 domum
1188 5358 1255 5411 licet
1273 5359 1308 5410 de
1328 5371 1396 5410 suae
1414 5357 1642 5425 perseverantias
1656 5360 1787 5427 praemio
1806 5361 1876 5413 certi
1891 5361 1959 5424 sint,
1984 5362 2020 5416 ds

354 5445 470 5501 niman
494 5443 644 5503 collocarit.
680 5445 838 5517 Cyprianus
858 5445 905 5502 lib.
924 5445 960 5500 de
976 5445 1046 5501 unit.
1065 5447 1162 5503 eccles.
1189 5445 1253 5513 ipsa
1275 5452 1367 5496 tamen
1390 5444 1603 5512 perseverantia
1627 5463 1681 5497 sua
1706 5447 1887 5514 reperiuntur
1911 5447 2018 5503 incerti.

354 5543 370 5582 t
385 5537 422 5588 ts:
451 5532 596 5595 Quamdiu
618 5531 752 5586 Menon
775 5534 805 5585 in
828 5532 881 5585 niis
901 5533 1021 5585 Domini
1038 5532 1163 5586 ambula-
1189 5529 1234 5584 De
1253 5529 1326 5584 bono
1344 5535 1528 5599 perseverant.
1549 5546 1574 5585 c.
1596 5536 1623 5584 1:
1649 5531 1820 5600 deserimus,
1842 5534 1944 5585 donum
1962 5534 2021 5589 Dei

352 5616 388 5683 tit,
408 5620 517 5673 tamdia
531 5619 664 5688 oratiam,
683 5636 766 5687 quam
786 5621 821 5671 de
840 5619 964 5671 Domino
978 5620 1081 5685 fuerat
1100 5636 1164 5672 con·
1190 5634 1248 5670 esse
1261 5616 1515 5685 perseuerantiam,
1541 5634 1598 5685 qua
1615 5634 1701 5687 usam
1718 5618 1747 5669 in
1765 5618 1846 5678 finem
1861 5636 2019 5688 persceora-

349 5713 446 5775 ttmtus,
464 5705 599 5775 obtunsi&
612 5713 764 5775 pouquam
782 5704 932 5773 dereliquit
948 5705 1023 5757 riam
1037 5706 1164 5774 Domini,
1189 5712 1236 5756 tur
1261 5704 1291 5755 in
1316 5702 1444 5772 Christ03
1473 5704 1556 5771 finem
1580 5711 1672 5756 autem
1695 5703 1773 5771 dico,
1807 5722 1860 5773 quo
1883 5706 1938 5760 ista
1962 5708 2021 5760 rita

344 5792 457 5857 perdidit
469 5800 498 5847 st
510 5791 643 5862 pretium,
660 5791 943 5861 amemptumsst:
959 5791 1088 5844 aeitarit
1100 5792 1161 5845 Do-
1188 5790 1298 5858 finitur,
1325 5790 1355 5842 ia
1378 5806 1435 5858 qua
1454 5791 1646 5843 tantummodo
1668 5788 1824 5858 pericnlum
1842 5799 1896 5857 stt,
1919 5808 1954 5849 me
1973 5809 2019 5850 ca·
