4800 6659
460 441 522 502 246
1080 434 1203 493 meus
1221 432 1392 494 Daunius
1413 433 1541 495 NONUS

459 590 527 662 quid
549 589 632 647 offert
653 588 819 647 hominihus.
861 592 926 647 Jam
948 607 1015 647 vero
1040 608 1129 662 agam
1152 590 1293 661 paschalis
1322 590 1395 645 cima
1413 590 1458 645 die
1477 590 1559 662 primi
1578 592 1679 648 mensis
1696 607 1713 648 e
1730 607 1818 665 grege
1836 591 1976 649 murmuri
1995 599 2159 667 segregat!

459 684 502 732 est
517 682 726 734 sacramentum.
761 677 838 749 Ergo
856 693 912 730 non
931 676 985 732 fuit
1005 675 1168 732 sacrificium
1182 677 1294 749 proprie
1323 683 1351 731 et
1376 676 1483 733 decima
1507 687 1606 749 quarta
1629 678 1676 734 dis
1694 678 1767 733 inter
1787 678 1856 733 durs
1875 695 2007 751 vesperas
2026 685 2161 737 ιιιιιιιιιιι

459 763 498 817 sic
523 762 638 818 dictum.
679 768 706 818 5.
726 764 845 817 Nullum
868 771 961 832 potest
984 763 1155 831 sacrficium
1178 764 1245 828 fieri
1265 764 1296 816 in
1324 768 1352 817 et
1369 762 1428 834 igni
1453 770 1562 818 assatus
1587 764 1809 819 manducabatur
1831 782 1895 819 cum
1913 765 2037 836 pambus
2057 768 2161 839 asymis

463 850 586 917 Aepypto
607 857 726 919 propter
755 850 975 904 abominationes
1000 851 1202 918 Acppptioram
1228 850 1298 904 dicit
1322 854 1351 902 et
1367 848 1461 903 herbis
1480 849 1581 903 amaris
1598 850 1654 904 ritu
1671 857 1699 905 et
1715 850 1813 906 habitu
1832 851 1965 907 divinitus
1988 854 2160 926 praecripto

458 935 570 1005 Moyses
592 934 679 988 Exod.
699 940 729 1001 8,
753 953 779 988 v.
803 938 845 989 tt.
879 935 979 1006 Agnus
998 935 1137 1006 paschalis
1154 936 1210 991 fuit
1227 935 1294 1005 legi-
1323 950 1340 986 a
1368 935 1502 1005 sanguino
1538 935 1614 990 illius
1646 939 1712 1007 agni
1741 938 1869 1008 postibus
1901 943 1930 994 et
1957 939 2161 1010 superliminmi

458 1020 525 1075 time
549 1026 688 1074 mactatus
715 1026 744 1074 et
770 1020 953 1075 manducatus
985 1022 1015 1104 in
1038 1023 1179 1093 Aegypto.
1220 1018 1432 1112 Ergopaedium
1459 1022 1607 1091 adsperso,
1636 1022 1664 1075 in
1693 1023 1853 1078 memoriam
1877 1024 2054 1080 liberationis
2071 1028 2161 1100 Aegy·

459 1122 515 1160 non
540 1106 594 1161 fuit
617 1105 783 1161 sacrificium
800 1106 912 1177 proprie
930 1107 970 1161 sic
989 1107 1100 1162 dictum.
1137 1107 1211 1171 Quid
1229 1124 1295 1162 vero
1321 1105 1432 1174 ptiacae
1458 1111 1487 1161 et
1514 1105 1634 1178 figuram
1660 1108 1718 1163 veri
1739 1109 1814 1163 illius
1839 1110 1906 1181 agni
1924 1110 1994 1181 Dei,
2024 1113 2073 1183 qui
2092 1115 2162 1169 tollit

363 1249 366 1254 ,
458 1191 508 1246 fiet
526 1193 696 1263 argumentis
717 1209 766 1263 pro
785 1197 865 1262 parte
884 1194 1053 1264 quaestionis
1072 1194 1232 1250 affirmante
1248 1195 1295 1249 ad·
1321 1198 1439 1260 peccata
1472 1193 1568 1247 mundi
1600 1194 1638 1248 ad
1669 1196 1865 1264 applicandam
1899 1202 1928 1251 et
1959 1196 2161 1269 obsignandum

459 1278 571 1333 ductis?
606 1278 828 1349 Respondemus:
862 1280 1003 1351 ilignae
1030 1280 1170 1351 paschalis
1195 1281 1297 1336 dicitur
1321 1277 1529 1346 promissionem
1565 1280 1601 1335 de
1637 1280 1774 1351 spirituali
1808 1281 1973 1339 liberatione
2002 1302 2055 1355 per
2086 1284 2160 1340 Chri·

459 1364 632 1428 sacrifidum,
652 1364 717 1435 quia
735 1364 789 1419 suit
804 1364 896 1436 figura
913 1364 1042 1420 sacrificii
1061 1366 1163 1421 Christi
1182 1373 1211 1422 et
1226 1367 1295 1422 effu-
1321 1370 1394 1416 stum
1429 1366 1625 1434 praestandam
1660 1384 1694 1422 ac
1724 1368 1942 1424 confirmandam
1969 1369 2160 1427 Israrilitarum

458 1450 543 1503 sionis
565 1449 708 1521 sanguinis
736 1451 797 1520 ejus
818 1450 847 1503 in
876 1466 925 1505 ara
947 1452 1037 1505 crucis
1062 1451 1168 1520 iactae,
1194 1453 1244 1507 sed
1262 1470 1295 1508 ex
1321 1447 1413 1503 fidem·

460 1552 493 1589 eo
520 1535 644 1590 nondum
674 1536 812 1607 sequitur,
845 1538 920 1608 quod
948 1537 1033 1592 fuerit
1059 1539 1243 1594 essentialiter
1268 1545 1297 1593 et
1358 1540 1398 1590 53.
1434 1536 1574 1607 Expositis
1591 1537 1626 1593 V.
1644 1538 1677 1595 T.
1706 1541 1885 1595 sacramentis
1911 1547 2048 1612 restaret,
2076 1549 2109 1598 ut
2124 1544 2158 1598 ad

459 1622 571 1694 proprie
596 1624 638 1676 sic
661 1622 774 1679 dictum,
809 1623 971 1679 ”vocatur
997 1624 1162 1680 sacrificium
1189 1631 1211 1679 l.
1231 1625 1298 1696 quia
1323 1621 1470 1690 specialem
1501 1631 1735 1680 sacramentorum
1762 1626 1796 1682 N.
1824 1626 1857 1681 T.
1884 1628 2082 1684 tractationem
2117 1646 2161 1685 sc·

460 1709 634 1764 mactabatur
652 1726 709 1764 non
726 1710 763 1764 ad
783 1728 864 1764 usum
881 1712 1036 1782 vulgarem,
1055 1713 1104 1765 sed
1125 1718 1250 1766 sanctum
1270 1718 1297 1767 et
1323 1723 1431 1760 cessum
1451 1708 1613 1777 faceremus,
1633 1711 1686 1764 nisi
1704 1712 1782 1782 prius
1800 1712 1967 1783 explicanda
1985 1721 2059 1770 esset
2077 1732 2162 1787 qnae·

460 1796 639 1866 peculiarem,
655 1796 786 1852 videlicet
805 1803 837 1850 ιιι
856 1804 929 1851 esset
947 1803 1151 1851 sacramentum
1168 1797 1297 1869 etligura
1323 1792 1377 1848 silo
1394 1794 1430 1848 de
1448 1794 1557 1849 illorum
1573 1813 1696 1854 numero.
1732 1798 1873 1853 Poutificii
1890 1806 1998 1870 septem
2016 1809 2184 1857 numerant.

460 1881 588 1936 sacrificii
600 1881 717 1945 Christi;
736 1888 759 1937 2.
779 1882 845 1952 quia
862 1882 1015 1953 peculiaria
1032 1883 1170 1938 sacrificia
1185 1889 1297 1954 praeter
1323 1887 1510 1949 sacramenta,
1535 1882 1666 1939 videlicet
1700 1886 1881 1955 baptismum,
1914 1889 2178 1953 consternationem,

460 1969 508 2022 illa
525 1969 653 2040 vulgaria
671 1973 701 2023 et
718 1968 882 2039 quotidiana
900 1976 979 2025 eraut
998 1971 1064 2041 agni
1082 1969 1221 2040 paschalis
1239 1988 1296 2026 ma·
1319 1967 1535 2036 poenitentium,
1558 1969 1769 2039 eucharistiam,
1793 1973 1967 2040 unctionem,
1989 1975 2121 2028 ordimem
2137 1981 2197 2028 et

460 2055 573 2109 ctationi
597 2061 626 2108 et
650 2054 810 2109 comestioni
832 2054 959 2125 adeoque
976 2055 1117 2126 paschatis
1137 2057 1297 2112 solennitati
1323 2053 1539 2107 matrimonium.
1575 2054 1679 2110 Nostra
1691 2061 1785 2110 autem
1805 2057 1944 2112 sententie
1962 2065 2014 2127 ιιι,
2034 2059 2092 2114 duo
2105 2066 2197 2114 tan-

458 2142 621 2210 conjuncta,
656 2141 769 2196 Numer.
790 2146 831 2205 28,
852 2158 879 2198 v.
899 2146 946 2211 193
968 2146 992 2195 3.
1013 2142 1080 2212 quia
1097 2143 1211 2214 sanguis
1230 2142 1296 2213 agui
1322 2142 1382 2190 tum
1409 2154 1470 2193 esse
1489 2156 1568 2207 vere,
1592 2139 1704 2211 proprie
1721 2146 1751 2195 et
1770 2141 1900 2212 specifice
1919 2144 1998 2199 dicta
2013 2144 2049 2201 N.
2066 2145 2102 2203 T.
2121 2162 2197 2199 sa—

457 2226 596 2297 paschalis
622 2227 727 2296 templo
744 2224 931 2291 inferebatur,
955 2227 1005 2281 ubi
1023 2245 1040 2282 a
1057 2229 1201 2283 sacerdote
1220 2245 1297 2298 spar-
1322 2230 1478 2288 eramenta,
1502 2225 1634 2281 videlicet
1659 2217 1826 2296 baptsemum
1850 2237 1878 2282 et
1898 2246 2015 2283 coenosa
2035 2232 2197 2285 Derasi-

458 2313 577 2385 gebatur
596 2318 624 2365 et
642 2311 785 2383 pinguedo
803 2312 832 2366 in
854 2312 934 2365 altari
955 2312 1164 2368 incendebatur.
1196 2319 1221 2368 2.
1241 2313 1296 2368 Ρι-
1322 2325 1401 2378 oum5
1428 2310 1538 2365 iuterim
1557 2311 1676 2368 libenter
1696 2314 1880 2383 concedimus,
1901 2316 1930 2370 in
1950 2316 2050 2372 latiore
2069 2323 2099 2372 et
2115 2317 2197 2372 im·-

458 2397 535 2467 ralip.
561 2402 611 2467 35,
638 2415 667 2454 v.
697 2400 777 2453 11.**
821 2404 845 2457 2.
865 2400 927 2471 Πὲζ
958 2403 1000 2453 est
1024 2400 1139 2454 verbum
1167 2400 1297 2471 generale
1321 2397 1433 2466 propria
1448 2397 1577 2452 vocabuli
1594 2398 1797 2469 significatione
1815 2400 1896 2469 plura
1911 2404 2055 2457 numeram
2073 2420 2197 2474 posse..

458 2483 604 2552 mactavit,
627 2483 783 2554 jugulavit,
811 2483 913 2538 occidit
933 2483 1068 2554 pecudem
1085 2485 1121 2538 ad
1140 2485 1297 2540 convivium
1320 2482 1521 2538 Fundamentis
1552 2483 1666 2538 nitimur
1696 2486 1890 2557 sequentibus=
1927 2488 2078 2555 ”Quibus
2109 2507 2197 2547 nort

458 2586 510 2641 per
529 2568 705 2637 sacrificium,
722 2575 754 2623 ut
770 2573 880 2623 constat
900 2586 932 2623 ex
951 2568 1022 2627 Gen.
1037 2576 1078 2638 31,
1097 2588 1122 2627 v.
1143 2577 1185 2626 54.
1211 2571 1294 2627 Dent.
1321 2569 1454 2638 competit
1477 2570 1597 2624 essentia
1622 2570 1759 2641 baptismo
1788 2580 1817 2626 et
1836 2572 2022 2630 eucharistiae
2039 2577 2197 2647 proxime!

460 2662 505 2724 28,
529 2673 555 2710 v.
579 2662 620 2711 20.
656 2661 677 2710 1.
704 2655 775 2711 Sam.
802 2660 849 2717 28,
872 2672 898 2708 v.
923 2660 965 2710 24.
998 2661 1020 2711 1.
1047 2656 1116 2728 Reg.
1140 2663 1186 2726 tr,
1210 2676 1235 2713 v.
1254 2665 1295 2714 21.
1321 2655 1488 2720 communis,
1516 2656 1565 2711 illa
1588 2673 1643 2711 non
1665 2664 1783 2727 possunt
1807 2675 1865 2714 esse
1883 2667 2064 2717 sacramenta
2079 2662 2114 2718 N.
2131 2662 2197 2717 T'-

458 2742 560 2797 Erech.
584 2748 628 2810 16,
646 2760 673 2796 v.
693 2748 734 2797 20.
753 2749 805 2796 etc.
842 2746 866 2796 3.
886 2739 966 2796 θύειν
983 2742 1077 2798 itidem
1095 2745 1227 2815 generale
1246 2753 1296 2810 est,
1321 2739 1518 2812 propriissime,
1538 2742 1592 2796 hoc
1611 2750 1654 2798 est
1672 2761 1705 2798 eo
1725 2743 1802 2799 dicta
1819 2746 1909 2813 modo,
1930 2762 1987 2817 quo
2006 2746 2197 2820 baptisma·

459 2828 585 2900 quamvis
616 2829 811 2885 mactationem
841 2829 1017 2901 significans,
1050 2831 1091 2884 uti
1123 2837 1233 2886 constat
1262 2849 1296 2887 ex
1322 2834 1350 2882 et
1380 2828 1547 2883 eucharistia
1575 2836 1639 2884 sunt
1664 2836 1843 2887 sacramenta
1884 2831 1926 2886 At
1948 2832 2197 2890 confirmationi-

406 2965 411 2978 ,
458 2914 557 2971 Mattb.
586 2920 633 2982 22,
661 2933 686 2969 ι.
716 2922 740 2972 t.
780 2916 848 2970 Luc.
880 2922 926 2985 15,
959 2934 983 2968 v.
1015 2922 1056 2972 23.
1083 2923 1125 2974 at.
1160 2918 1224 2974 Joh.
1255 2924 1295 2987 ιι),
1322 2915 1515 2986 poenitentiae,
1534 2921 1672 2971 extremae
1690 2917 1824 2986 unctioni,
1838 2918 1928 2972 ordini
1946 2921 2197 2976 etmatrimoni:

457 3020 483 3056 v.
504 3008 543 3058 10.
563 3008 615 3056 etc.
660 3001 817 3056 Immolatio
842 3003 928 3074 igitur
956 3004 1016 3058 sola
1043 3020 1099 3058 non
1125 3003 1230 3060 sufficit
1258 3007 1296 3060 ad
1322 3017 1377 3054 uon
1396 3002 1528 3071 competit
1552 3001 1671 3056 meantia
1688 3001 1828 3073 baptismo
1846 3010 1876 3058 et
1896 3003 2086 3062 eucharistiae
2105 3026 2197 3078 prr·-

400 3079 404 3086 ’
458 3087 682 3143 constituendum
701 3088 866 3143 sacrificium
889 3089 999 3160 proprie
1025 3090 1064 3144 sic
1084 3089 1205 3161 dictum,
1231 3092 1298 3164 quie
1322 3084 1393 3140 xime
1413 3088 1574 3145 eommunis.
1608 3087 1692 3159 Ergo·
1722 3087 1814 3159 Major
1834 3088 1981 3159 probatur,
2009 3090 2081 3162 quia
2096 3089 2197 3147 illuni

458 3175 655 3230 immolabatur
671 3191 761 3245 agnus
778 3174 931 3245 paschalis,
949 3193 1005 3231 non
1021 3182 1052 3230 ut
1063 3176 1125 3233 Deo
1142 3178 1295 3248 offerretur,
1322 3188 1474 3242 commune,
1501 3173 1531 3227 in
1559 3190 1614 3245 quo
1644 3191 1695 3244 per
1724 3190 1755 3229 ιθ
1783 3180 1813 3228 et
1836 3175 1960 3245 proxime
1991 3179 2197 3233 omnnium!

460 3260 535 3331 quod
552 3267 595 3316 est
613 3260 754 3331 proprium
772 3259 976 3329 sacrificiorum,
998 3262 1047 3316 sed
1064 3267 1097 3317 ut
1113 3263 1150 3318 ab
1161 3263 1296 3319 Israiilitis
1323 3259 1443 3328 species,
1476 3264 1519 3314 est
1547 3259 1679 3330 generice
1706 3259 1860 3329 specierum
1883 3266 2000 3336 natura,
2028 3270 2064 3318 ut
2083 3264 2197 3320 docet

459 3347 682 3402 manducaretur.
735 3345 809 3401 Vide
845 3350 924 3401 tract.
960 3345 1052 3402 Germ.
1087 3348 1123 3404 de
1151 3353 1180 3416 ξι.
1211 3368 1296 3407 coena
1322 3344 1493 3400 Aristoteles.
1539 3345 1629 3418 Atqui
1659 3344 1813 3416 baptismus
1847 3351 1877 3401 et
1903 3347 2077 3405 eucharistia
2101 3357 2194 3406 sunt

460 3448 484 3486 c.
503 3437 545 3488 24.
564 3430 665 3500 object.
686 3437 710 3487 2.
1322 3431 1430 3502 species
1455 3438 1689 3486 sacramentorum
1710 3431 1740 3485 in
1763 3432 1799 3489 N.
1814 3431 1847 3487 T.
1887 3434 1963 3505 Ergo
1981 3434 2014 3489 in
2038 3453 2097 3508 quo
2116 3453 2185 3506 per

1323 3532 1353 3571 se
1381 3521 1409 3571 et
1433 3519 1556 3588 proxime
1583 3519 1751 3573 conveniunt
1773 3517 1927 3590 baptismus
1949 3525 1979 3575 et
1998 3537 2090 3577 coena
2106 3522 2169 3578 Do-

331 3565 467 3656 Effinge-u
495 3557 536 3608 et.
580 3549 714 3617 Quamvis
741 3568 807 3606 vero
835 3559 1038 3609 sacramentum
1064 3557 1132 3627 agni
1157 3557 1297 3627 paschalis
1322 3603 1431 3667 minim,
1448 3611 1491 3659 est
1507 3605 1636 3674 genem
1653 3605 1763 3660 illorum
1781 3612 1887 3660 mm
1919 3605 2013 3662 Minor
2029 3609 2165 3679 mm

331 3668 360 3707 d,
375 3678 433 3712 m,
460 3637 633 3693 restitutione
657 3653 759 3692 coenae
781 3638 945 3695 Dominicae
963 3640 999 3696 N.
1016 3640 1050 3698 T.
1068 3642 1104 3697 sit
1122 3643 1296 3715 abrogatum,
1322 3707 1356 3745 ex
1382 3691 1560 3761 indagatione
1584 3691 1806 3760 praematurum
1831 3692 2022 3749 matidiam
2050 3695 2157 3767 'miquo

331 3720 441 3769 ΜΝ·
460 3742 515 3780 ιιοιι
545 3732 636 3779 tamem
663 3723 755 3777 nullus
781 3723 865 3795 hujus
890 3725 1031 3782 doctrinae
1056 3744 1136 3798 usus,
1158 3729 1297 3800 siquidem
1439 3777 1445 3788 ,
1672 3776 1678 3788 ,
1709 3777 1715 3789 ,
1898 3778 1905 3791 ,

457 3809 643 3881 pulcherrima
665 3808 714 3863 pfl,
731 3808 823 3880 fig„ra
843 3810 909 3881 agni
927 3811 1066 3882 paschalis
1081 3813 1295 3886 etehrisfipim
1323 3782 1352 3830 et
1368 3776 1507 3845 baptismo
1524 3781 1552 3829 et
1568 3775 1751 3830 eucharistiae
1768 3794 1962 3833 communium.
1990 3780 2066 3838 Nam
2080 3783 2151 3838 ambo

456 3904 562 3953 mentes
578 3914 634 3951 non
652 3894 827 3950 mediocriter
840 3895 935 3953 afficit.
963 3898 1147 3970 Intelligimus
1165 3899 1247 3955 etiam
1260 3917 1294 3955 ex

456 4000 503 4044 eo.
529 3982 644 4037 umbrae
662 3982 828 4037 successisse
848 3998 947 4052 corpus
966 3988 995 4039 et
1011 4001 1168 4055 expressam
1191 3984 1294 4056 sladen,
1321 4032 1431 4087 Christo
1461 4031 1522 4086 iso
1552 4039 1580 4087 et
1673 4033 1720 4087 ml,
1760 4034 1874 4091 definito
1966 4036 2004 4093 bo

457 4086 520 4125 cum
546 4087 601 4124 non
628 4070 747 4140 amplius
774 4068 899 4140 typicum
924 4068 1026 4124 Christi
1050 4087 1149 4141 corpus
1173 4078 1203 4127 et
1231 4091 1293 4127 sau·
1472 4051 1490 4103 p
1604 4049 1671 4103 ⁸9⁰⁸
1712 4051 1736 4087 ¹⁸
1882 4075 1890 4105 ⁹
1919 4053 1965 4091 ⁸¹²¹
2025 4055 2078 4109 Ν
2100 4055 2149 4094 '⁸¹⁵

457 4154 569 4226 guinem
594 4158 636 4220 (ιιι
662 4155 691 4209 in
710 4153 776 4226 agni
799 4153 939 4225 paschalis
957 4161 1157 4226 sacramento),
1176 4158 1227 4213 sed
1246 4175 1292 4212 ve·
1319 4118 1386 4173 bum
1409 4118 1588 4218 imiimi&
1611 4128 1717 4174 “ertum
1742 4126 1827 4192 ⁸th‘’
1852 4137 2014 4220 ⁰JP¹⁰⁸⁸¹²¹¹¹
2034 4142 2081 4180 Μ
2098 4142 2150 4180 ⁰⁰⁸*

1265 4242 1271 4256 .
1319 4206 1401 4260 lestes
1421 4205 1501 4259 nobis
1520 4205 1693 4275 dispensant,
1713 4207 1795 4262 ambo
1813 4207 1935 4278 denique
1952 4226 2094 4266 annuam
2110 4212 2150 4267 ha·

456 4258 518 4295 rum
566 4241 644 4296 bristi
674 4259 721 4295 cor
742 4260 774 4295 us
806 4245 834 4295 et
862 4258 958 4296 verum
987 4243 1048 4295 e'us
1073 4260 1123 4296 san
1144 4243 1192 4297 uin
1209 4261 1237 4298 m
1263 4262 1292 4298 ιιι
1485 4292 1491 4304 .
1523 4292 1530 4303 .
1934 4292 1941 4306 .

455 4242 739 4425 amr-nceuohntstii
765 4327 978 4424 manducemus·
992 4261 1026 4381 tic
1051 4261 1208 4426 bibarirus,e
1221 4347 1293 4401 quae
1319 4293 1387 4434 ξίΐ
1402 4291 2156 4449 ξζὲἓξῗῖῗυζῗορξίᾙθῐθέῗιὲοέῇζᾜῃᾙὲ

456 4420 531 4511 certe
563 4418 628 4467 sunt
649 4415 782 4510 ‘digmora
808 4429 841 4466 ac
867 4422 1029 4483 pretiosora
1055 4414 1151 4511 saluus
1181 4421 1293 4512 nostrae
1354 4467 1363 4519 l
1393 4462 1521 4519 omnibus
1544 4463 1589 4517 vel
1615 4464 1651 4517 ali
1673 4463 1754 4518 uibus
1774 4471 1882 4520 tantum
1899 4466 1943 4520 hi.
1962 4470 2156 4526 manib„

455 4515 574 4571 plgnm
591 4498 656 4595 {idm
674 4498 875 4567 ⁵u⁸tentae¹¹h'
895 4516 979 4595 qua-m
996 4499 1214 4597 agnwhahs
1228 4518 1293 4556 wo
1319 4484 1524 4606 lindiuonibus
1553 4481 1748 4603 destituhntur.
1792 4550 1907 4605 “Idem
1934 4557 1963 4607 et
1994 4552 2049 4610 boe
2147 4587 2157 4600 ·

458 4589 486 4677 ‘lt
504 4601 625 4655 mm&
661 4584 900 4647 Quemadmdum
916 4591 1003 4682 ,emani
1024 4600 1078 4638 non
1093 4584 1200 4684 .h.⁰eb³.t
1218 4604 1293 4641 mm·
1320 4644 1413 4692 mento
1433 4635 1522 4691 evinci
1541 4640 1646 4704 potest:
1668 4641 1689 4689 l.
1709 4634 1754 4689 Illi
1773 4636 1841 4691 ritus
1862 4641 1928 4691 sunt
1944 4649 2011 4693 vere
2047 4553 2197 4712 ριῒειξιὲ

458 4683 561 4725 ducare
587 4688 690 4741 agnum
714 4670 873 4740 paschalem
895 4688 947 4724 nrsr
971 4687 1154 4741 cncumc1s1s3
1183 4679 1225 4727 tta
1246 4690 1293 4727 eu·
1321 4728 1348 4777 et
1368 4720 1496 4792 specifice
1514 4721 1590 4775 dicta
1607 4720 1640 4776 N·
1660 4720 1692 4774 ,ΓΙ
1715 4728 1895 4790 mmm,
1913 4680 2027 4794 quibm’
2035 4660 2197 4801 mam:

458 4756 590 4812 charistia
613 4773 668 4810 non
686 4764 728 4810 est
747 4756 966 4811 administranda
983 4756 1037 4810 nisi
1056 4756 1220 4828 baptizatis,
1246 4757 1294 4829 qui
1460 4808 1466 4820 .
1498 4808 1504 4819 .
1626 4807 1656 4820 ..

362 4856 399 4896 rx.
412 4855 444 4897 aa
457 4861 488 4900 se
506 4842 624 4915 probare
643 4848 766 4912 possunt.
803 4842 1041 4907 Quemadmodum
1061 4843 1090 4910 in
1109 4843 1294 4900 celebratione
1320 4816 1348 4864 οἱ
1366 4807 1540 4906 Ῠεθθῃῃὼ,
1555 4814 1687 4878 ‘equum
1702 4814 1954 4908 ‚ffacmmmwmq
1982 4811 2197 4913 ⁰⁰¹³P⁰t⁰¹¹t3=

1320 4905 1391 4949 ratro
1415 4901 1469 4959 est,
1494 4910 1561 4963 quta
1584 4911 1602 4947 a
1626 4893 1785 4951 delinitione
1810 4895 1846 4949 ad
1866 4895 2011 4951 definitum
2030 4905 2063 4953 et
2078 4917 2098 4955 a
2114 4917 2161 4971 po·
2172 4927 2197 4958 ιι

459 4931 524 5004 agni
554 4926 691 4999 paschalis
721 4927 872 4983 canebatur
897 4930 1017 4999 hymnus
1041 4937 1103 4984 octo
1125 4930 1294 5001 psalmorum
1336 4981 1364 4995 ,,
1482 4982 1488 4993 ,
1751 4981 1757 4993 .
2004 4983 2011 4996 ,
2046 4985 2053 4999 ,
2172 4979 2190 5009 ι

458 5015 672 5077 Davidicorum,
699 5031 716 5068 a
742 5013 890 5069 centesimo
907 5014 1053 5069 undecimo
1071 5032 1159 5085 usque
1178 5016 1215 5069 ad
1233 5033 1295 5072 ceu·
1320 4990 1419 5037 ’ωηο
1441 4981 1636 5051 adluncwmm
1664 4997 1838 5052 pmpmmm
1860 4989 1888 5036 et
1908 4983 2105 5041 mmmm
2125 4987 2189 5060 ‘dl

458 5101 584 5157 tesimum
602 5099 739 5154 decimum
760 5114 862 5152 nonum
881 5100 1034 5166 exclusive,
1054 5118 1137 5174 quem
1156 5080 1296 5156 vocabant
1321 5075 1485 5139 p⁰⁸¹u⁰nem
1503 5072 1638 5121 mennae
1659 5074 1687 5120 et
1704 5075 1801 5123 ⁰⁰⁰³*
1818 5074 2001 5125 ⁸r⁰m⁰¹²⁰¹²⁰
2012 5070 2197 5162 'dluuwil

456 5187 581 5258 Alleluja
599 5203 747 5257 magnum,
765 5184 805 5237 ita
817 5200 927 5255 quoque
945 5204 1008 5242 cum
1020 5189 1173 5260 gratiarum
1185 5188 1295 5244 actione
1321 5170 1382 5249 {um
1406 5151 1578 5223 p¹⁰pri⁰mm
1604 5158 1632 5207 et
1651 5153 1838 5208 mutianum
1858 5154 1893 5206 “d
1915 5154 2057 5213 ⁰⁸an
2075 5173 2192 5214 m*

457 5281 486 5328 et
510 5273 605 5327 mortis
629 5270 730 5327 Christi
757 5265 967 5328 annuntiatione
992 5290 1072 5329 sacra
1096 5291 1183 5330 coena
1204 5274 1293 5346 porci·
1320 5246 1424 5336 tff⁰ff¹⁰m
1448 5239 1501 5334 ‘lte
1522 5237 1688 5334 Ρωοθῶωἷ·
1729 5237 1795 5292 ³⁸¹⁰
1820 5254 1885 5292 '⁰³⁰
1908 5239 2033 5341 du⁰b¹ffffi
2052 5225 2197 5317 m:

458 5360 568 5429 fienda,
591 5367 614 5416 1·
632 5358 695 5413 Cor,
717 5364 757 5426 ῃ,
774 5374 801 5413 ,ι
821 5361 863 5412 26,
1321 5325 1427 5387 rrtrbus,
1445 5323 1576 5378 videlicet
1592 5324 1730 5394 baptismo
1751 5330 1780 5378 et
1798 5339 1899 5378 coenae
1918 5324 2097 5398 Dominum,
2117 5331 2197 5387 (μ

1322 3868 1387 3915 sunt
1414 3862 1538 3916 actiones
1565 3862 1691 3915 solennes
1716 3879 1733 3916 a
1757 3863 1867 3919 Christo
1893 3866 2056 3937 institutae,
2079 3868 2151 3923 ambo

1321 3952 1449 4001 constant
1474 3952 1586 4000 externo
1610 3953 1639 4001 et
1662 3948 1766 4003 visibili
1789 3951 1925 4007 elemento
1949 3956 1979 4006 et
1996 3953 2149 4023 symbolos

1321 5409 1411 5463 finitio
1437 5416 1465 5463 et
1487 5407 1645 5463 essentialia
1662 5419 1896 5465 sacramentorum
1915 5410 1950 5466 N.
1970 5412 2005 5469 T.
2026 5389 2197 5488 sequuta:

328 5504 437 5547 neamus
494 5502 536 5551 52.
565 5496 607 5550 Ει
624 5495 813 5568 superioribus
831 5493 895 5547 talis
908 5498 1001 5563 potest
1012 5496 1144 5551 constitui
1155 5496 1294 5551 definitio:
1321 5499 1493 5566 competunt,
1510 5493 1624 5563 reliquis
1642 5512 1721 5561 vero,
1740 5496 1788 5568 qui
1804 5495 1879 5551 hisce
1897 5497 2060 5571 adduntur,
2077 5501 2197 5558 tribui1¹

328 5558 405 5650 ἓξὲξ,
458 5582 557 5654 Agnus
586 5582 725 5653 paschalis
756 5588 798 5636 est
823 5584 1024 5634 sacramentum
1051 5582 1085 5638 V.
1111 5582 1143 5635 T.
1168 5582 1294 5647 alterum,
1320 5599 1376 5636 non
1399 5585 1521 5652 possunt.
1560 5579 1635 5651 Ergo
1658 5582 1714 5635 duo
1740 5587 1848 5636 tantum
1864 5589 1930 5637 sunt
1945 5601 2029 5651 vere,
2053 5590 2165 5661 proprie

328 5660 407 5702 Μ’·
457 5679 486 5733 in
505 5686 561 5740 quo
582 5686 671 5739 agnus
691 5668 890 5729 immaculatus,
910 5665 1057 5730 masculus,
1078 5667 1225 5721 anniculus
1244 5669 1291 5722 de·
1323 5677 1351 5724 et
1378 5665 1507 5738 specifice
1533 5665 1572 5719 sic
1597 5666 1672 5720 dicta
1696 5667 1731 5721 N.
1756 5667 1790 5723 T.
1817 5678 1999 5729 sacramenta.
2049 5677 2164 5732 Assum·
