4800 6659
711 508 764 565 66
784 504 1496 568 66666666666666666666666
1881 518 1945 579 22³

250 671 329 720 serta
372 661 465 725 Qirare
486 679 550 718 cum
576 662 717 734 apostolus
743 663 778 718 de
800 662 851 717 tali
868 660 1083 716 manducatione
1096 667 1098 696 ³
1111 660 1146 717 N.
1171 661 1213 718 T.¹
1227 663 1257 718 in
1281 663 1384 735 quibus
1408 664 1472 737 ipsa
1494 664 1650 720 substantia
1674 664 1785 720 illorum
1811 664 1947 720 bonorum

250 753 275 804 rt
290 746 429 809 bibitione
446 747 593 819 loquatur,
611 766 683 821 quae
700 748 794 819 impiis
811 748 894 803 etiam
913 751 943 804 et
957 746 1083 803 incredu·
1111 748 1276 817 continetur,
1294 749 1476 807 irreverenter
1492 756 1624 818 66661666,
1642 751 1703 806 6166
1721 768 1788 806 vera
1804 751 1946 821 poeniten·

250 832 280 889 hs
297 832 328 887 in
348 833 458 888 deserto
476 831 560 888 suerit
579 835 744 901 communia,
769 833 843 904 quod
864 832 971 888 scilicet
989 832 1150 888 amnestia
1169 839 1197 888 et
1216 833 1273 890 fide
1290 836 1344 890 illis
1362 837 1481 906 utendo;
1506 854 1561 908 qno
1587 837 1660 893 enim
1678 852 1723 891 res
1742 838 1771 889 in
1789 853 1819 890 se
1838 836 1948 907 dignior

250 918 477 974 manducaverint
499 936 601 975 manna
621 928 650 975 et
668 919 789 975 biberint
814 935 916 989 aquam
944 933 978 973 ex
1004 924 1084 988 petra
1111 926 1139 974 et
1155 922 1354 989 praestantior,
1373 940 1406 977 eo
1422 924 1521 994 maJ'ori
1540 941 1604 980 cum
1619 923 1743 995 periculo
1763 922 1838 976 illius
1854 922 1947 992 proia-

250 1004 447 1076 profluentem,
479 1022 535 1059 non
562 1010 655 1075 potest
680 1005 738 1060 ulla
764 1004 890 1060 veritatis
914 1004 1006 1074 specie
1034 1009 1084 1061 aut
1109 1005 1185 1060 natio
1206 1008 1357 1077 conjuncta
1375 1015 1424 1065 cst.

250 1091 463 1162 consequentiae
482 1090 580 1145 robore
599 1106 632 1145 ex
652 1090 785 1146 hocloco
803 1090 914 1161 colligi,
934 1090 1009 1160 quod
1027 1106 1082 1144 non
1147 1098 1170 1146 ’1.
1193 1090 1323 1147 Ceterum
1342 1101 1373 1149 ut
1390 1094 1427 1150 ad
1446 1094 1596 1164 specialem
1614 1100 1848 1148 sacmmentorum
1863 1093 1899 1150 V.
1912 1094 1946 1148 Τ.
1960 1108 2077 1146 sissen-

250 1176 302 1232 alia
327 1176 381 1231 nisi
407 1177 502 1247 typica
529 1183 556 1232 et
578 1177 731 1247 spiritualis
757 1176 933 1231 manducatio
961 1176 1322 1248 corporis1e1plicationem
1348 1181 1563 1250 descendamus,
1592 1182 1746 1235 notandum
1763 1181 1862 1244 fuerit,
1890 1182 1946 1236 duo
1960 1166 2037 1249 {¹222ss

250 1268 275 1319 et
302 1261 448 1334 sanguinis
477 1262 578 1317 Christi
606 1263 636 1316 in
660 1262 844 1318 eucharistico
871 1262 906 1319 N.
933 1262 966 1315 Τ.
994 1278 1084 1316 sacra·
1110 1265 1251 1319 ordinaria
1274 1272 1303 1321 et
1323 1268 1433 1337 proprie
1460 1268 1535 1323 dicta
1554 1251 1643 1325 vjp
1663 1269 1749 1324 fuisse
1765 1262 2080 1353 6666666666ξ11ὓῗξζ161

250 1355 342 1405 mento
360 1349 398 1403 sit
415 1349 571 1416 statuenda,
591 1346 1242 1420 6666666666166166666666166,«6ἰά611666
1259 1354 1498 1407 circumcisionem
1519 1363 1545 1408 st
1559 1356 1680 1424 pasena,
1696 1363 1728 1409 ut
1745 1354 1838 1424 colligi
1854 1325 2069 1423 6666661366οὲ-

250 1435 296 1491 sed
315 1431 514 1489 beneficiorum
537 1439 644 1488 tantum
662 1434 753 1488 carnis
773 1438 802 1488 et
819 1432 962 1505 sanguinis
982 1432 1085 1488 Christi
1097 1399 1100 1486 i
1112 1452 1145 1489 ex
1169 1436 1237 1504 illis,
1265 1454 1336 1508 quae
1362 1440 1488 1508 superius
1511 1456 1529 1494 a
1553 1436 1581 1513 ξ.
1601 1445 1642 1495 65.
1661 1440 1806 1511 usquead
1825 1445 1867 1495 11.
1888 1438 1945 1493 1666
1960 1418 2012 1455 ¹¹⁸⁶·

250 1519 277 1576 in
307 1537 341 1575 eo
372 1519 522 1575 reddamur
551 1519 706 1590 participes
743 1522 770 1576 5.
794 1521 847 1585 As,
871 1517 976 1589 inquis,
999 1517 1026 1571 si
1049 1519 1085 1570 de
1112 1520 1256 1591 disputata
1282 1530 1355 1580 sunt.
1400 1525 1584 1596 *resurgens
1617 1525 1646 1579 in
1675 1525 1740 1580 idea
1766 1524 1819 1581 loc.
1849 1541 1946 1580 comm.

250 1622 355 1660 manne
373 1614 400 1660 et
417 1624 492 1674 aqna
510 1622 542 1659 ec
559 1614 643 1674 petra
658 1605 818 1674 profluente
840 1603 914 1674 opst,
933 1621 984 1657 car
1003 1604 1085 1657 illan
1111 1606 1164 1661 loc.
1184 1612 1225 1663 22.
1244 1608 1279 1663 de
1297 1624 1412 1663 sacram.
1431 1611 1461 1663 in
1478 1625 1580 1681 genere
1597 1629 1624 1680 p.
1646 1617 1710 1666 12³:
1739 1610 1835 1666 Plura
1861 1628 1949 1680 quon·

250 1694 341 1747 neam
358 1709 393 1745 ac
408 1700 507 1761 potum
525 1699 606 1745 aocet
627 1690 826 1759 spiritualem!
860 1688 1084 1760 Respondemus:
1113 1693 1181 1745 dam
1206 1702 1288 1747 erent
1314 1695 1340 1749 V.
1363 1697 1394 1751 T.
1415 1706 1607 1766 sacramente,
1634 1714 1667 1750 ee
1690 1697 1766 1751 hisce
1784 1696 1947 1750 6666616616·

250 1778 402 1850 spiritunlis
421 1777 523 1832 dicitur
541 1786 598 1831 tam
613 1784 735 1847 propter
752 1793 880 1845 6666666,
906 1776 973 1847 quie
991 1776 1085 1846 singu·
1113 1779 1210 1833 briona
1240 1782 1362 1851 quinque
1393 1784 1540 1847 videlieet,
1572 1784 1747 1838 circumcisio
1774 1791 1801 1837 et
1826 1791 1949 1852 quatuor

250 1863 300 1919 lari
326 1864 381 1919 Dei
418 1880 531 1918 munere
557 1880 608 1933 per
633 1862 753 1918 eoeleste
782 1862 947 1916 miraculum
980 1861 1084 1933 populo
1111 1866 1317 1931 amessiam
1343 1886 1462 1937 966666,
1492 1888 1610 1939 qssoram
1636 1870 1761 1939 penum
1784 1877 1849 1922 ente
1875 1869 1948 1922 dila·

250 1948 402 2005 anesum
436 1948 491 2003 fnit
523 1949 622 2018 datus,
664 1954 792 2004 monente
827 1947 1024 2018 Chrysostomo
1058 1953 1086 2002 et
1110 1952 1186 2004 ciam
1209 1950 1498 2009 Centumalum
1514 1973 1605 2026 nenses
1622 1957 1772 2025 paschalis
1791 1956 1884 2011 Eroti.
1904 1956 1949 2007 12.

250 2034 460 2106 lbeophylacto
495 2035 525 2089 in
558 2034 611 2089 hoc
648 2035 722 2099 loco,
756 2041 817 2089 tum
851 2041 965 2106 propter
999 2034 1086 2103 siqni-
1111 2037 1222 2091 tertiam
1240 2040 1410 2107 expiationis
1429 2058 1541 2095 annuae
1557 2043 1650 2095 hostio
1668 2044 1948 2110 Lss.16.qaartam

250 2122 419 2190 wionem,
451 2121 518 2193 quia
548 2120 777 2191 repraesentabat
809 2137 901 2175 escam
932 2125 960 2175 et
988 2126 1085 2189 potum
1110 2126 1320 2179 emandationis
1353 2128 1480 2182 licinium
1514 2130 1551 2183 ds
1584 2130 1678 2182 sinere
1713 2144 1814 2181 coccae
1845 2129 1946 2197 roffae,

250 2208 281 2267 Ν.
316 2208 351 2263 Τ.
384 2206 525 2263 Christum
546 2208 653 2261 ratione
684 2206 776 2262 carnis
803 2213 831 2262 et
863 2205 1023 2277 sanguinis,
1053 2211 1085 2259 ut
1111 2212 1195 2268 Nam.
1215 2214 1296 2265 rest*
1331 2212 1476 2276 Quaerunt
1495 2213 1672 2269 Scholastici:
1700 2216 1749 2267 An
1767 2220 1948 2266 armamento

250 2311 280 2351 sx
314 2311 375 2364 cap.
410 2300 436 2349 6.
480 2293 543 2350 Joh.
587 2293 729 2348 evidenter
765 2292 867 2363 probat
907 2291 1083 2363 Augustinus
1111 2297 1195 2350 etium
1213 2298 1243 2351 in
1262 2306 1338 2353 66616
1353 2301 1530 2354 innocentiae
1547 2301 1656 2365 firmet
1677 2299 1859 2353 66666666τί63
1893 2296 1947 2351 Re·

250 2386 330 2437 traet.
368 2386 409 2436 16.
445 2380 475 2434 in
509 2379 572 2434 Joh.
615 2386 674 2433 tum
714 2379 835 2450 denique
865 2387 986 2449 propter
1021 2378 1085 2447 effe·
1110 2382 1249 2452 spondent
1278 2390 1372 2440 autam
1398 2385 1536 2456 negative.
1578 2385 1699 2440 Thomas
1724 2402 1753 2455 p.
1779 2388 1804 2437 3.
1830 2399 1877 2454 qu.
1905 2387 1946 2436 61.

250 2474 336 2534 stam,
364 2465 431 2537 quia
456 2464 600 2519 credentes
624 2464 654 2518 in
676 2462 719 2517 bis
737 2463 812 2534 typis
829 2464 964 2518 salutarie
982 2461 1084 2518 Christi
1111 2474 1162 2522 art
1180 2473 1205 2523 2.
1224 2469 1341 2525 adducit
1364 2470 1436 2525 hanc
1460 2471 1607 2527 rationem:
1638 2470 1712 2533 Quoia
1734 2470 1883 2539 superiore
1905 2469 1946 2521 in·

250 2550 385 2609 beneficia
401 2568 457 2607 non
472 2550 560 2607 solum
578 2549 614 2605 ob
634 2550 729 2604 oculos
748 2550 802 2604 sibi
813 2549 957 2620 proposita
975 2548 1085 2615 eminus
1109 2554 1266 2618 serios-ihm
1292 2558 1512 2611 dominabantur
1537 2566 1564 2611 sa
1587 2558 1667 2611 nullo
1695 2559 1780 2610 modo
1807 2556 1945 2624 depende

250 2643 467 2709 suspexerunt,
495 2637 545 2693 sed
565 2642 593 2691 et
609 2652 677 2691 vera
695 2634 751 2690 fide
771 2636 868 2691 eadem
887 2634 940 2689 sibi
960 2634 1083 2705 applica·
1111 2641 1176 2694 bant
1196 2642 1233 2695 ob
1251 2642 1307 2710 eis,
1324 2660 1400 2697 mens
1417 2644 1532 2697 saberet
1548 2642 1625 2711 Deo,
1649 2642 1734 2698 menti
1754 2642 1888 2697 suberant
1904 2640 1945 2693 in-

250 2730 325 2789 666,
360 2741 394 2779 ac
426 2724 541 2794 proinde
573 2739 636 2778 esus
663 2738 783 2777 mannae
812 2719 991 2777 medentibus
1018 2737 1083 2775 vere
1108 2726 1223 2782 seriores
1254 2728 1325 2783 vires
1355 2729 1465 2785 661666
1493 2736 1522 2786 66
1547 2729 1600 2800 ipsi
1628 2729 1738 2784 animas
1764 2744 1874 2798 corpus.
1916 2724 1946 2780 Si

250 2810 299 2867 ilii
328 2810 481 2881 spirituali!
507 2809 601 2874 cibus.
633 2816 717 2881 potus
747 2825 837 2881 aquae
862 2827 896 2864 ex
924 2814 1005 2878 petra
1030 2806 1085 2860 suit
1110 2829 1237 2884 quaeras,
1255 2829 1291 2867 an
1307 2820 1375 2868 tunc
1392 2815 1510 2871 fuissent
1528 2815 1670 2887 congrua?
1689 2820 1838 2871 occurrunt
1856 2812 1945 2867 divor·

250 2898 313 2970 ,pais
333 2912 398 2953 vere
415 2897 566 2968 spiritualis
589 2903 680 2967 potus.
724 2898 750 2951 6.
773 2896 826 2958 At,
855 2894 960 2965 inquis,
988 2894 1082 2947 Isrut'·
1109 2898 1150 2952 tia
1176 2898 1345 2969 opinionum.
1379 2901 1490 2955 Alensis
1514 2906 1587 2972 part.
1612 2908 1635 2955 1.
1660 2918 1706 2972 qu
1734 2906 1756 2955 1.
1782 2898 1896 2954 membr.
1920 2902 1945 2952 2.

250 2983 315 3038 16166
341 2984 475 3036 dicamas·
501 2983 601 3036 essese
626 2983 662 3036 de
685 2981 834 3050 spirituali
846 2988 934 3048 petra
952 2980 1019 3034 ilios
1038 2996 1082 3032 co·
1109 2983 1162 3039 art.
1188 2990 1210 3040 l.
1234 2983 1367 3055 affirmat,
1395 2988 1517 3051 16166666
1543 2987 1618 3040 enim
1640 2987 1776 3040 ordinatu
1799 2988 1841 3039 ad
1865 2985 1946 3037 intel·
1959 2994 1996 3033 16.
2009 2992 2029 3034 1.

250 3071 376 3136 mimate,
404 3084 476 3137 qaue
496 3076 583 3137 petra
598 3068 695 3134 suerit
723 3067 866 3135 Christum
893 3066 948 3120 alle
972 3066 1086 3120 soenes·
1111 3070 1210 3125 1661666
1228 3080 1255 3125 et
1272 3073 1456 3126 ensditionem
1473 3073 1586 3140 pretias
1602 3090 1659 3127 nors
1676 3071 1875 3139 sensadiantis,
1894 3071 1946 3123 sed

250 3157 324 3211 ratio
351 3162 425 3209 certe
448 3172 505 3208 non
528 3154 659 3223 competit
679 3153 776 3222 impiis
798 3159 847 3205 eat
873 3151 1029 3205 incredulis
1053 3151 1084 3204 in
1106 3157 1288 3226 perficientis,
1325 3157 1481 3212 Richardm
1500 3164 1525 3213 4.
1544 3165 1614 3213 sent.
1632 3158 1696 3215 dist,
1718 3165 1739 3213 1.
1758 3174 1804 3228 qu.
1820 3162 1841 3212 1.
1860 3161 1945 3211 mul.

250 3246 300 3301 loc
319 3243 440 3313 populo.
476 3240 701 3312 Respondemus:
726 3258 760 3295 ex
785 3239 855 3295 serie
882 3244 975 3295 textus
997 3238 1084 3293 mani·
1111 3243 1173 3298 Biel
1189 3242 1257 3299 ibid.
1274 3259 1321 3315 qu.
1341 3250 1365 3299 2.
1388 3251 1440 3299 art
1459 3250 1482 3299 2.
1504 3244 1598 3298 etalii
1617 3248 1735 3313 negant,
1757 3243 1826 3311 qaia
1849 3241 1945 3294 morbo

250 3329 429 3387 1666166666
446 3334 503 3394 est,
529 3328 687 3397 apostolum
704 3326 782 3397 loqui
798 3326 833 3381 de
850 3324 979 3380 omnibus
998 3324 1083 3395 patri·
1110 3347 1167 3384 nen
1187 3331 1332 3384 minente
1349 3346 1406 3382 non
1424 3346 1495 3399 optes
1512 3329 1549 3382 sit
1567 3329 1718 3396 medicine,
1737 3345 1772 3381 oc
1788 3326 1946 3381 hominihus

250 3433 299 3472 666
332 3416 362 3470 in
392 3415 501 3469 deserto
525 3414 584 3467 sinc
607 3412 779 3479 discrimine,
805 3418 864 3466 tarn
888 3411 981 3482 impiis
1001 3428 1085 3482 quam
1111 3434 1167 3471 non
1191 3416 1339 3484 6166661666
1361 3417 1402 3469 cd
1423 3416 1615 3483 infirmitatem
1632 3431 1666 3468 nc
1686 3414 1799 3483 quidem
1813 3428 1945 3481 presser-

250 3505 313 3576 piis,
351 3507 410 3557 tam
445 3501 595 3556 incredulis
630 3517 714 3571 quarn
744 3498 944 3555 credentibus·
983 3498 1084 3553 Omnes
1110 3503 1207 3557 oetion
1231 3504 1372 3556 morticino
1398 3505 1513 3571 dende,
1536 3504 1589 3556 sed
1611 3502 1712 3555 saitem
1729 3501 1851 3569 regimen
1868 3500 1946 3553 ordi-

250 3588 335 3663 gitur
357 3587 392 3642 de
409 3587 548 3657 spirituali
559 3593 640 3657 petra
657 3586 800 3654 biberunt,
820 3586 870 3641 sed
889 3584 1085 3652 diversimode3
1111 3596 1209 3642 661666
1220 3589 1464 3657 praecipiendam.
1500 3586 1531 3643 Si
1548 3587 1686 3656 obrertas,
1705 3586 1828 3657 potuisse
1843 3584 1946 3654 primos

250 3675 394 3732 credentes
421 3679 451 3728 et
478 3672 518 3742 pii
548 3691 602 3728 non
633 3672 724 3726 solum
752 3677 865 3727 externe
892 3678 921 3726 et
948 3670 977 3724 in
1006 3677 1084 3742 typo,
1111 3672 1236 3727 homines
1265 3674 1294 3728 in
1318 3679 1393 3728 statu
1417 3674 1585 3745 integritatis
1604 3689 1638 3727 ex
1656 3672 1833 3727 sensibilibus
1852 3670 1945 3726 simili·

250 3761 295 3819 sed
330 3758 416 3814 etiam
450 3758 558 3813 interne
592 3775 659 3813 vera
694 3757 750 3813 fide
785 3756 886 3812 Christi
922 3757 1085 3826 sanguinem
1110 3760 1223 3814 tudines
1253 3758 1437 3830 spiritualium
1463 3760 1613 3831 inspicere,
1646 3759 1827 3828 respondent,
1855 3759 1945 3824 mauis

250 3846 397 3913 nbsbnnt,
422 3844 504 3913 enjus
525 3850 609 3914 typus
632 3843 662 3897 in
683 3843 813 3914 equisex
830 3848 910 3913 petra
925 3842 1085 3912 profluenti·
1110 3862 1157 3899 eos
1181 3846 1234 3900 hoe
1253 3845 1380 3914 potuisse
1406 3862 1439 3898 cc
1464 3845 1613 3914 influentia
1635 3846 1727 3900 diuini
1743 3844 1872 3910 laminis,
1895 3860 1945 3896 nec

250 3950 297 3989 sus
321 3930 392 4001 ipsis
416 3929 638 4000 proponebatur3
664 3928 742 3999 impii
760 3945 825 3983 vero
845 3935 872 3984 et
894 3927 1031 3982 increduli
1048 3927 1083 3982 de
1109 3933 1241 4000 sufficere
1258 3932 1398 3984 rationem
1415 3932 1617 3995 accoescriem,
1640 3932 1690 3984 ahi
1706 3932 1777 3984 desit
1799 3931 1944 4000 principe-

250 4016 385 4091 spirituali
412 4015 462 4069 illa
487 4020 568 4085 petra
592 4014 736 4069 Israiilites
761 4014 911 4068 comitante
928 4030 984 4067 non
1003 4013 1084 4068 aliter
1110 4020 1155 4073 lis.
1190 4018 1286 4089 Atque
1307 4017 1376 4072 baec
1396 4016 1436 4071 ita
1457 4015 1637 4086 disputantur
1653 4033 1670 4070 a
1688 4014 1878 4082 Scholasticis,
1903 4014 1943 4067 in-

250 4103 384 4161 sibebant
402 4117 485 4172 quam
504 4108 614 4156 666666
632 4101 661 4154 in
676 4108 745 4171 typo
763 4105 792 4154 66
808 4099 907 4170 figura,
925 4100 992 4153 dum
1004 4097 1081 4153 bibe·
1109 4105 1189 4160 terim
1206 4104 1265 4158 sino
1283 4103 1342 4158 ulla
1359 4101 1532 4158 absurditate
1547 4102 1601 4156 dici
1613 4106 1714 4172 potest,
1732 4100 1859 4156 arborem
1870 4099 1944 4153 ritae

250 4196 312 4247 unt
338 4189 375 4243 de
393 4187 473 4259 aquis
491 4204 525 4243 ex
541 4193 622 4258 petra
641 4185 857 4257 profluentibus,
883 4192 1083 4256 consequenter
1109 4190 1205 4260 primis
1231 4188 1393 4259 parentibus
1418 4187 1505 4243 fuisse
1528 4188 1616 4242 instar
1638 4186 1803 4242 sacramenti
1826 4192 1855 4240 et
1872 4202 1945 4256 sym·

250 4276 356 4332 atione
389 4271 601 4344 significationis
635 4271 767 4326 dicuntur
802 4269 906 4325 bibisse
940 4271 976 4326 dc
1004 4277 1084 4341 petra
1109 4275 1166 4331 boli
1199 4274 1421 4330 immortalitatis.
1468 4274 1601 4338 Quamvis
1636 4274 1710 4329 enim
1742 4277 1944 4327 sacramentum

250 4362 371 4425 11661666,
393 4359 460 4431 qnia
478 4358 585 4413 sufficet
603 4364 717 4413 externa
735 4364 830 4429 petra,
847 4357 883 4412 de
902 4357 982 4427 cujus
1001 4358 1081 4429 aquis
1108 4360 1178 4415 illud
1198 4378 1254 4416 non
1272 4359 1326 4415 tuit
1341 4360 1452 4430 peccati
1470 4359 1622 4414 remedium
1639 4358 1743 4431 (qualia
1756 4365 1821 4413 snnt
1833 4356 1943 4429 proprie

250 4446 396 4514 sibebant,
424 4450 487 4500 erat
510 4451 597 4515 typus
620 4451 648 4499 et
664 4443 756 4515 figura
773 4459 854 4498 verae
872 4447 984 4513 petrae,
1010 4460 1082 4514 quae
1109 4447 1186 4501 dicta
1206 4451 1379 4502 sacramenta
1401 4449 1465 4515 post
1486 4445 1625 4515 lapsum),
1654 4450 1748 4500 tamen
1764 4443 1818 4498 iuit
1837 4443 1945 4514 gratiae

250 4541 286 4590 at
310 4531 447 4588 Christus.
485 4532 507 4587 7.
532 4531 585 4593 As,
609 4530 714 4601 inquis,
743 4529 889 4598 apostolas
916 4530 1083 4583 dehortatur
1108 4533 1220 4588 divinae
1238 4532 1359 4603 signum.
1386 4530 1501 4585 Omissis
1519 4547 1586 4601 ergo
1606 4536 1748 4601 καιρικοῖς,
1763 4528 1943 4599 temporariis,

250 4618 408 4677 Jorintbios
443 4636 463 4671 e
490 4617 696 4686 profanatione
727 4622 968 4670 ornamentorum
998 4633 1082 4685 arpa·
1108 4625 1193 4690 atque
1230 4617 1374 4688 analogice
1405 4616 1445 4672 sic
1476 4617 1558 4671 dictis
1586 4616 1726 4671 veteribus
1754 4614 1942 4690 sacramentis,

250 4715 335 4762 nesto
357 4706 442 4759 ducto
459 4722 479 4758 e
494 4704 679 4758 armamentis
696 4710 823 4771 ceteram,
843 4704 946 4772 quodsi
959 4712 1082 4757 66166616
1108 4704 1203 4776 qualia
1226 4709 1292 4757 sunt
1314 4703 1398 4757 arbor
1415 4702 1489 4758 vitae
1506 4708 1571 4757 ante
1590 4702 1714 4771 lapsum,
1741 4701 1874 4756 transitus
1894 4716 1944 4769 per

250 4804 268 4848 st
291 4800 393 4848 nostre
417 4797 595 4844 6666666616
619 4790 729 4844 ratione
756 4790 927 4843 6666661666
944 4807 1001 4843 non
1018 4799 1081 4843 sant
1107 4807 1183 4845 mare
1196 4785 1321 4857 rubrum,
1338 4805 1403 4843 esus
1421 4804 1548 4851 mannae,
1565 4804 1655 4859 aquae
1673 4786 1708 4843 de
1724 4791 1806 4857 petra
1824 4784 1941 4854 eruptio,

250 4881 353 4948 mrtem,
368 4877 473 4947 peribit
489 4878 532 4930 eis
548 4877 706 4945 argumenti
717 4876 876 4945 apostolici.
905 4876 972 4929 Nisi
984 4878 1081 4929 eadem
1107 4877 1174 4948 quin
1197 4882 1226 4931 et
1248 4874 1420 4931 conservatio
1441 4875 1471 4928 in
1488 4889 1554 4928 arca
1570 4878 1694 4944 tempore
1714 4871 1827 4937 diluvii,
1851 4888 1896 4925 ros
1913 4869 1942 4922 in

250 4968 301 5020 dat
326 4970 506 5018 6666666616
528 4970 649 5016 onnam
675 4970 701 5015 ct
723 4970 822 5015 nostra
850 4960 955 5027 (scribit
974 4961 1082 5032 Martyr
1106 4962 1208 5018 vellere
1221 4961 1364 5025 Gideonis,
1384 4959 1482 5015 umbra
1501 4959 1566 5014 solis
1585 4960 1614 5014 in
1632 4959 1774 5030 horologio
1785 4955 1881 5013 Achae
1897 4971 1939 5011 re·

250 5054 272 5107 m
298 5051 353 5106 loc.
379 5064 477 5104 comm.
501 5047 580 5103 class.
600 5054 626 5104 1.
648 5053 714 5102 61.
740 5043 767 5121 ξ.
786 5048 837 5116 9.),
876 5048 989 5101 Paulas
1009 5048 1080 5102 nihii
1107 5050 1239 5120 trograda
1256 5054 1309 5104 etc.
1329 5048 1366 5101 de
1384 5046 1546 5113 ordinariis,
1564 5045 1706 5115 perpetuis
1726 5051 1754 5100 et
1770 5042 1883 5114 proprie
1899 5041 1939 5095 sic

250 5137 405 5205 unciaria,-
440 5133 581 5189 Corinthii
612 5134 684 5187 enim
711 5135 870 5203 potuissent
900 5134 1080 5203 respondere,
1106 5134 1188 5189 (116616
1207 5134 1242 5190 V.
1263 5134 1298 5190 T.
1326 5130 1516 5199 sacramentis,
1538 5130 1669 5186 videlicet
1686 5129 1894 5185 circumcisione
1913 5131 1941 5181 et

250 5225 300 5277 hoo
325 5228 504 5275 sumomonte
528 5227 626 5275 nostra
646 5220 728 5289 longe
746 5220 866 5288 potiore
882 5228 946 5273 sant
964 5219 1080 5274 illesam
1105 5238 1178 5293 agno
1196 5218 1334 5291 paschali,
1350 5235 1473 5289 agemus.
1509 5216 1689 5272 Circumcisio
1714 5215 1768 5270 suit
1785 5230 1939 5269 sacramen·
1953 5224 2072 5265 66666.

250 5308 428 5362 momentis
448 5312 499 5361 etc.
534 5304 758 5375 Respondemus:
782 5322 838 5359 non
857 5323 876 5360 a
893 5304 967 5376 pari,
996 5305 1046 5360 sed
1062 5323 1080 5359 a
1105 5315 1164 5362 tum
1190 5305 1369 5370 initiationis,
1396 5302 1501 5374 pascha
1526 5321 1592 5359 vero
1616 5300 1839 5358 confirmationis.
1880 5297 1939 5353 Cir·
1953 5286 2038 5369 2:22⁸,ss

250 5393 351 5449 brtiori
376 5396 587 5463 argumentatur
614 5389 755 5461 apostolus
774 5390 827 5446 hoc
845 5408 935 5447 sensu.
971 5390 1080 5446 Israeli·
1105 5392 1281 5448 cumcisionis
1302 5388 1440 5444 institutio
1457 5390 1624 5445 describitur
1641 5384 1938 5454 (61666616666666-

250 5497 288 5537 ae
306 5477 528 5549 profanationem
545 5494 657 5533 suornm
672 5482 916 5546 sacramentorum,
934 5476 1078 5548 inquibus
1104 5478 1141 5533 tis
1158 5477 1246 5533 Exod.
1267 5482 1305 5532 12.
1341 5475 1564 5531 circumcisionis
1587 5477 1790 5530 sacramentum
1807 5470 1938 5525 masculis

250 5571 352 5622 66666
372 5564 455 5619 σκιὰν
471 5569 502 5619 66
518 5562 637 5637 figuram
662 5564 819 5618 futurorum
838 5563 971 5619 bonorum
989 5563 1079 5619 habu·
1104 5563 1275 5619 solummodo
1293 5560 1555 5632 administrabatur3
1573 5560 1703 5629 6666661
1718 5557 1857 5628 paschalis
1871 5573 1938 5626 epu·

250 5658 338 5722 nunt,
369 5667 425 5707 non
456 5650 580 5706 tulerunt
605 5651 724 5721 impune.
768 5649 843 5721 Ergo
873 5648 960 5703 multo
989 5649 1078 5721 magis
1104 5650 1162 5704 lum
1188 5656 1217 5705 66
1242 5646 1371 5703 masculis
1402 5653 1430 5702 et
1465 5646 1576 5703 feminis
1601 5649 1661 5701 erat
1686 5660 1839 5699 commune.
1880 5641 1939 5697 Cir·

250 5740 294 5797 >si
322 5739 394 5794 iram
416 5741 446 5794 et
467 5753 572 5808 poenm
589 5737 643 5794 sibi
660 5735 815 5807 attrahent,
839 5736 887 5807 qui
903 5742 1077 5793 sacramenta
1106 5733 1237 5791 cumcisio
1259 5740 1369 5790 tantum
1387 5732 1477 5793 466661
1499 5730 1701 5803 recipiebatur,
1722 5727 1773 5785 ssd
1790 5745 1858 5785 usus
1872 5728 1939 5798 agni
