4800 6659
412 482 471 542 lot
1007 473 1134 533 Locus
1147 470 1318 530 bacmos
1337 469 1515 530 octavus

410 630 474 689 Hac
498 638 540 684 sst
563 631 817 694 honoratoriam,
845 631 913 700 quia
930 640 972 685 est
991 632 1075 686 acide
1092 630 1248 688 consolato·
1276 628 1443 697 baptr’smum
1465 627 1496 679 in
1520 628 1638 681 eachsia
1659 627 1810 693 fallaciter
1835 634 1913 695 apat.
1947 624 1984 680 lu
2010 625 2049 681 da
2072 624 2115 680 his

411 715 492 771 rium
529 714 584 771 Sed
606 731 693 787 quare
717 734 771 774 non
796 716 916 773 retinent
943 716 992 784 (ait
1014 718 1049 772 D.
1073 715 1250 772 Chemniclus
1277 711 1485 784 quaestionibus
1506 713 1682 784 Augustinus
1699 713 1818 783 primum
1836 712 1864 766 in
1884 719 2034 782 unamque
2051 727 2113 783 par·

411 802 440 858 in
469 801 594 856 examine
622 801 720 857 concil.
745 802 871 858 Trident.
900 821 928 873 p.
951 809 973 857 t.
998 820 1060 873 cap.
1086 804 1122 857 de
1140 802 1250 868 intent.)
1277 806 1333 853 tem
1352 799 1484 867 disputat,
1505 798 1545 853 ita
1562 799 1635 854 enim
1653 799 1758 870 inquit:
1781 800 1826 851 An
1837 798 2116 868 quemamadipsos

412 902 478 956 vera
505 886 687 942 fundamenta
713 889 922 957 consolationis,
955 894 987 942 ut
1015 888 1122 945 scilicet
1149 885 1389 952 vemmstqoidem
1406 885 1532 938 homines
1548 886 1653 953 alana,
1668 884 1823 954 plurimum
1843 883 1931 937 distat
1950 884 2025 938 inter
2043 902 2114 952 mm,

413 980 646 1028 sacramentorum
672 973 834 1027 aestimetur
861 991 916 1029 non
940 991 974 1029 ox
999 973 1118 1030 ministri
1145 973 1251 1027 incerta
1277 970 1327 1038 qui
1343 971 1405 1036 fide
1432 971 1599 1040 baptismum
1622 972 1725 1038 accipit
1749 989 1768 1022 a
1793 971 1876 1024 mimo
1902 977 1928 1022 at
1951 970 2001 1037 qui
2019 972 2113 1024 osirim

414 1058 579 1123 intentione,
598 1059 647 1113 sed
664 1076 698 1113 ex
717 1058 833 1113 veritato
850 1064 879 1112 et
896 1058 1062 1113 emtitudine
1080 1058 1190 1114 divinae
1210 1058 1251 1111 in·
1276 1054 1409 1109 sinsulato
1436 1057 1465 1109 in
1491 1057 1610 1110 ecclesia
1635 1057 1802 1125 baptismum
1819 1057 1940 1123 accipit,
1964 1056 2007 1109 ad
2024 1056 2114 1124 ipsius

413 1143 573 1199 stitutionis.
611 1144 730 1198 Addunt
742 1148 846 1207 mmen,
865 1145 892 1198 si
902 1163 1024 1198 sumanus
1042 1146 1178 1199 sacerdos
1195 1148 1368 1215 mattulam
1397 1144 1570 1195 sacramenti
1599 1142 1785 1209 intepritatem
1816 1142 1888 1194 nibil
1913 1142 2037 1195 interest.
2080 1139 2116 1195 Si

411 1230 544 1300 suppleat
568 1231 656 1298 iilud,
685 1247 741 1282 non
761 1246 845 1298 posse
869 1232 1003 1285 acassari
1022 1230 1148 1285 diuinam
1161 1216 1347 1298 jusu-lenia
1367 1228 1541 1296 nibiladest,
1558 1229 1672 1282 interest
1685 1227 1927 1297 adinteqritatsm
1941 1228 2115 1281 sacramenti

413 1315 495 1385 tiam,
529 1316 643 1369 etiarnsi
661 1316 786 1383 partulo
811 1316 949 1385 baptisato
974 1317 1034 1370 sine
1058 1318 1184 1369 ministri
1208 1314 1307 1369 r‘n-a‘n
1331 1314 1395 1382 ipsa
1421 1315 1574 1382 embolion,
1598 1322 1691 1367 utrum
1716 1315 1749 1366 id
1771 1314 1885 1382 aliquid
1906 1314 2058 1378 fallaciter
2077 1331 2113 1366 an

412 1402 531 1455 tentione
548 1420 604 1457 non
622 1403 745 1454 reminas
759 1411 886 1471 peccata.
1277 1400 1414 1452 amanter
1435 1407 1530 1468 ayant,
1548 1418 1609 1453 cum
1628 1400 1679 1454 boe
1697 1400 1773 1453 idern
1792 1400 1904 1468 utrique
1923 1408 2026 1467 ayant,
2047 1417 2113 1468 queo

283 1498 350 1539 ntes·
449 1493 491 1544 35.
523 1486 760 1551 Quemadmodum
785 1493 879 1543 autem
898 1488 1054 1558 Scriptura,
1080 1488 1120 1542 ita
1139 1503 1250 1558 quoque
1276 1486 1359 1538 modo
1379 1493 1456 1539 estro
1476 1485 1622 1539 ecclesiam
1638 1486 1748 1538 intersit
1775 1503 1832 1539 non
1858 1487 1956 1553 rideo,
1979 1487 2114 1554 anonim

284 1558 401 1643 iffi&
415 1574 509 1644 purior
526 1572 678 1644 antiquitas
695 1573 807 1643 ignorat
825 1573 902 1627 illam
919 1572 1148 1644 disputationem,
1175 1572 1249 1642 quod
1262 1589 1264 1671 p
1276 1572 1340 1639 ille,
1359 1573 1408 1641 qui
1426 1572 1544 1639 occipit,
1563 1590 1618 1625 non
1636 1571 1814 1625 simulatione
1825 1572 1982 1640 palliatas,
2003 1574 2057 1625 sed
2073 1587 2114 1624 re·

283 1654 348 1745 222⁸,
358 1655 400 1693 ¹¹¹¹·
414 1660 450 1715 ad
467 1659 655 1731 integritatem
674 1659 840 1715 sacramenti
858 1659 1014 1716 necessaris
1033 1660 1069 1714 sit
1085 1658 1149 1713 talis
1161 1659 1250 1714 inten·
1262 1679 1264 1710 ε
1277 1657 1381 1725 lipione
1399 1664 1521 1710 mutatu
1539 1665 1586 1711 est.
1623 1658 1670 1710 An
1688 1658 1756 1727 plus
1776 1658 1869 1712 vauri
1887 1660 1929 1711 ad
1945 1661 2113 1723 continnae-

352 1735 357 1746 ’
412 1746 451 1802 tio
468 1746 599 1814 ministri,
624 1762 696 1817 quaa
719 1745 850 1815 respiciat
867 1762 923 1799 non
940 1745 1029 1800 solum
1048 1745 1138 1816 ipsum
1156 1749 1249 1799 actum
1277 1744 1344 1795 dom
1367 1750 1572 1795 sacramentum
1596 1743 1644 1796 illi
1666 1759 1793 1808 veraces,
1820 1743 1894 1797 inter
1919 1759 1990 1812 quos
2009 1745 2113 1813 opiner,

411 1832 571 1889 conferendi
599 1838 786 1898 sacramenta,
809 1833 892 1901 juxta
917 1831 1033 1886 formum
1062 1830 1249 1894 institutionis,
1276 1846 1359 1897 quom
1377 1830 1418 1881 ad
1431 1828 1638 1895 fnestramlum
1659 1830 1706 1883 illi
1720 1829 1864 1897 fallaces,
1893 1848 1912 1882 a
1932 1831 2035 1897 quibam
2054 1832 2113 1898 api·

410 1918 459 1975 ssd
474 1934 546 1989 quae
563 1917 693 1989 respiciat
711 1917 794 1972 etiam
807 1916 890 1974 finem
905 1916 1078 1986 sacramenti,
1100 1900 1321 1981 utscilioetltur
1341 1922 1368 1967 et
1386 1916 1414 1966 in
1434 1915 1533 1983 quibus
1554 1916 1658 1983 apitur,
1678 1923 1703 1967 et
1724 1923 1816 1967 tanuen
1839 1916 1865 1967 si
1884 1924 1988 1983 postea
2002 1918 2113 1985 proda-

411 2005 535 2060 ministcr
549 2004 701 2060 intentione
719 2020 770 2069 sua
787 2004 857 2058 illud
876 2002 1022 2073 fierivelit,
1039 2010 1152 2074 propter
1173 2002 1249 2073 quod
1275 2008 1335 2063 tur,
1364 2018 1443 2055 nemo
1464 2003 1573 2069 repetit.
1611 2001 1670 2056 sea
1692 2000 1771 2055 nobis
1789 2007 1877 2054 summ
1895 2009 1936 2053 est
1956 2002 1986 2054 is
2007 2019 2042 2055 ea
2057 2020 2113 2055 non

410 2097 613 2147 sacramentum
633 2089 791 2145 institutum
811 2095 867 2157 est,
892 2090 944 2144 boc
965 2090 1067 2161 dogma
1085 2106 1140 2144 non
1159 2088 1248 2143 solum
1272 2089 1413 2156 propredi
1432 2086 1530 2156 aliqua
1552 2089 1706 2141 temeritate
1723 2088 1884 2148 scotomiae,
1903 2088 2069 2154 quaenullo
2083 2089 2112 2141 in

411 2176 573 2247 scripturis,
602 2175 651 2230 sed
679 2182 709 2231 et
730 2175 836 2247 puriori
860 2176 1021 2247 antiquitati
1045 2176 1172 2247 ignotum
1198 2180 1248 2241 est,
1275 2173 1413 2227 catholico
1434 2174 1577 2241 reqionali
1592 2173 1712 2228 conciio
1734 2181 1849 2242 coepta,
1874 2174 1956 2227 nato
1977 2175 2113 2243 plenario

411 2262 516 2334 quippe
542 2264 621 2333 cujus
645 2268 783 2332 perpetua
807 2262 946 2321 axiomata
963 2262 1030 2317 haec
1050 2268 1128 2316 sunt:
1153 2277 1246 2313 sacra-
1275 2258 1396 2312 concilia
1415 2260 1565 2312 terminata
1585 2266 1649 2313 sunt
1667 2266 1719 2314 etc.
1755 2257 1857 2314 Postea
1875 2259 2039 2330 subjungit:
2066 2261 2156 2316 Vnt

411 2356 565 2401 mentorum
583 2350 728 2402 vert'tatem
748 2366 805 2401 non
824 2348 879 2401 niti
895 2349 1028 2415 moribus,
1045 2349 1102 2410 ficis
1120 2355 1145 2400 et
1158 2346 1248 2415 qmrli·
1274 2352 1421 2397 runtamcn
1442 2345 1470 2396 si
1493 2346 1555 2413 quis
1573 2344 1656 2411 forta
1681 2361 1722 2396 ma
1746 2345 1777 2397 in
1801 2361 1832 2399 eo
1859 2346 1980 2399 concilio
2011 2347 2112 2401 couti

413 2443 471 2489 tate
489 2434 623 2499 ministri,
640 2443 693 2489 sest
710 2436 769 2488 Dei
785 2434 972 2498 institutione;
995 2433 1196 2501 qualescunque
1212 2431 1249 2484 sit
1275 2439 1376 2498 taison,
1402 2431 1451 2483 ubi
1472 2431 1572 2484 talium
1591 2449 1686 2484 rarum
1704 2432 1831 2499 quaestio
1848 2441 2026 2496 uersaretur,
2056 2451 2112 2487 non

411 2521 536 2575 minister
556 2522 691 2586 esmrior,
711 2521 805 2574 Deum
820 2528 913 2573 tamen
932 2536 990 2573 esse
1006 2519 1167 2572 interiorem
1185 2534 1248 2586 ope·
1271 2516 1506 2584 praecedentibus
1536 2516 1656 2580 talibas,
1693 2534 1810 2585 qaorum
1838 2519 2004 2571 sententiam
2034 2521 2114 2589 sequi

410 2614 549 2674 ratorem;
577 2623 633 2660 non
656 2621 756 2659 nocere
774 2605 932 2658 ministrum
952 2604 1071 2670 malum,
1097 2604 1145 2656 ubi
1162 2604 1249 2656 bonus
1275 2601 1402 2670 mallem
1426 2609 1538 2670 urperet
1562 2610 1593 2654 ut
1617 2602 1752 2666 dicerem,
1781 2604 1852 2672 quid
1878 2604 1938 2671 ipse
1962 2607 2112 2672 mnam

409 2700 451 2745 est
475 2692 623 2759 dominus;
659 2698 836 2743 comanente
861 2691 960 2756 confici
984 2708 1038 2744 non
1056 2691 1119 2759 fide
1136 2691 1249 2757 mentis,
1275 2688 1302 2741 si
1328 2704 1359 2741 eo
1387 2689 1470 2740 modo
1496 2689 1612 2757 affectus
1637 2704 1736 2752 essem,
1766 2706 1820 2757 quo
1846 2705 1936 2753 eram,
1970 2708 2033 2744 eum
2057 2691 2112 2743 ista

410 2778 453 2832 ret
471 2776 713 2843 administrantis,
730 2776 783 2828 secl
798 2776 890 2828 verbis
908 2777 1042 2832 auctoris.
1079 2774 1249 2830 sozomenus
1276 2775 1420 2844 dictarem,
1437 2792 1616 2844 nequaquam
1634 2774 1800 2839 dubitarem,
1818 2775 1923 2828 babere
1943 2793 1995 2829 eos·
2008 2776 2112 2847 baptis·

410 2862 458 2918 lib.
477 2867 501 2917 t.
519 2879 543 2916 c.
565 2867 603 2917 m.
636 2859 755 2915 Rufinus
772 2860 820 2915 lib.
841 2867 862 2916 1.
880 2878 903 2915 e.
920 2867 959 2918 lt.
979 2860 1249 2933 Nicephoruslib.8.
1276 2878 1362 2930 mrem,
1388 2862 1438 2930 qui
1454 2862 1607 2929 obsmnque
1624 2870 1650 2915 et
1668 2879 1687 2914 a
1704 2861 1910 2930 peibssscanque
1927 2862 2005 2916 illud
2022 2864 2112 2917 ass-bis

411 2965 434 3003 a
456 2953 496 3003 to.
517 2946 648 3014 referunt,
668 2945 706 3000 ab
715 2945 871 3001 Athanasio
890 2965 977 3018 puero
995 2965 1096 3019 pueros
1114 2947 1249 3020 quosdam
1276 2948 1444 3016 eoanpolicis
1461 2957 1652 3002 consecratum
1669 2948 1730 3001 sine
1747 2964 1802 3000 sua
1817 2947 1998 3002 simulatione
2016 2958 2043 3002 st
2058 2950 2111 3002 ali

399 3031 624 3103 ‘catechumenos
642 3033 672 3086 in
690 3033 756 3087 ludo
774 3034 937 3104 baptizatos,
956 3040 1040 3106 atque
1058 3034 1248 3106 huncbuptis·
1276 3052 1332 3103 qua
1350 3051 1413 3088 cum
1429 3036 1487 3101 fide
1505 3035 1676 3104 acceptarent
1696 3039 1748 3087 etc.
1784 3032 1853 3087 Item
1873 3035 2040 3103 pastoritia
2054 3053 2111 3088 ma-

412 3137 488 3175 mum
524 3118 561 3173 sb
592 3117 752 3173 Alexandro
784 3120 969 3176 Alexandriae
999 3121 1130 3192 episcopo
1158 3128 1250 3177 ratum
1269 3121 1369 3189 josum
1386 3120 1498 3174 statmis
1515 3140 1571 3173 raon
1591 3120 1792 3186 dubitastiarn
1809 3119 1992 3174 illustratore
2006 3123 2111 3191 baptis

412 3204 498 3261 fuisse
517 3203 680 3274 judicatam.
718 3206 903 3262 Bellarminus
919 3215 1027 3272 mouet,
1061 3209 1249 3263 Athanasium
1275 3224 1356 3274 mum,
1377 3208 1428 3275 qui
1445 3208 1571 3275 quamvis
1589 3207 1738 3272 fallaciter
1756 3206 1789 3258 id
1806 3205 1958 3274 accipiant,
1979 3207 2009 3260 in
2025 3209 2111 3263 eccle

413 3292 541 3346 muoso
572 3289 749 3373 intentionem
776 3309 839 3347 sere
869 3302 1046 3347 sacramenta
1074 3295 1251 3363 conferendi,
1275 3293 1321 3345 sia
1338 3300 1430 3345 tanna
1447 3292 1596 3360 accipiant,
1615 3292 1660 3344 vel
1677 3292 1726 3343 ubi
1738 3298 1857 3358 putatur
1878 3292 1998 3345 ecclesia
2014 3293 2111 3362 absis,

412 3380 465 3433 sed
482 3378 516 3433 ob
528 3378 615 3446 finem
632 3379 784 3433 recreandi
802 3380 933 3444 animum,
957 3382 1009 3448 qui
1027 3380 1113 3434 ludus
1133 3399 1195 3434 mim
1213 3381 1250 3434 sit
1276 3378 1306 3430 in
1324 3395 1442 3448 quorum
1459 3378 1591 3430 societate
1610 3378 1643 3430 id
1660 3378 1813 3445 accipitur,
1831 3379 1867 3430 de
1888 3378 1987 3446 quibus
2006 3379 2110 3433 diction

413 3465 584 3520 catrinsecus
605 3465 711 3518 actioni
728 3465 944 3533 incrementati,
962 3468 1132 3520 sacramenti
1147 3469 1249 3521 verita·
1276 3471 1328 3532 est,
1353 3480 1386 3517 er
1407 3464 1486 3517 nobis
1509 3464 1642 3517 coierunt.
1682 3463 1736 3515 Ubi
1758 3471 1849 3517 autem
1877 3480 1964 3532 neqsie
1990 3467 2111 3520 sociam

412 3560 466 3606 tem
490 3568 547 3604 non
571 3551 729 3619 impediot;
755 3550 784 3604 id
803 3568 868 3606 vero
890 3568 946 3606 non
969 3568 1116 3621 negamus,
1139 3552 1249 3607 interim
1274 3550 1336 3602 ulla
1354 3557 1426 3602 esset
1445 3549 1485 3601 itu
1506 3549 1692 3605 credentium.
1718 3566 1805 3618 neque
1823 3551 1889 3615 s'lle,
1911 3552 1961 3619 qui
1982 3553 2109 3622 accipiet,

412 3644 506 3691 tamen
532 3652 567 3691 ex
589 3635 643 3691 hac
664 3636 778 3691 historia
797 3642 929 3707 apparet,
954 3636 1144 3692 Alexandrum
1163 3637 1249 3692 haud·
1276 3636 1317 3687 ita
1336 3638 1476 3702 mederet,
1503 3638 1555 3689 sed
1576 3644 1662 3691 totum
1687 3636 1798 3689 ludicre
1819 3645 1845 3690 ot
1863 3636 1972 3691 mimice
1989 3640 2109 3708 etjoca·

414 3738 555 3794 quaquam
576 3721 695 3778 sollicite
711 3721 896 3793 inquisivisse,
916 3739 973 3794 qus
991 3722 1143 3778 intentione
1161 3723 1248 3779 Atha-
1276 3722 1376 3775 loriter
1400 3730 1545 3789 operetur,
1572 3731 1665 3776 utrum
1690 3713 1893 3792 apprbbandus
1918 3732 1987 3778 esset
2006 3726 2108 3795 baptis·

412 3807 507 3863 nnius
517 3807 686 3880 baptismum
704 3807 910 3872 administrarit,
928 3808 978 3862 sed
995 3824 1058 3861 cum
1072 3807 1249 3880 intelligeret,
1276 3827 1344 3875 mus,
1360 3809 1411 3878 qui
1426 3809 1467 3861 sic
1486 3811 1612 3873 daretur,
1631 3811 1755 3863 domnum
1762 3808 1907 3878 judicium
1915 3828 1972 3880 pro
1985 3811 2110 3882 alicujus

412 3891 529 3950 formam
543 3894 724 3950 institutionis
737 3893 824 3948 fuisse
836 3895 1018 3959 observatam,
1033 3894 1173 3965 judicavit
1186 3895 1248 3951 abs-
1274 3893 1456 3949 revelationis
1474 3896 1591 3950 oraculo
1608 3896 1737 3950 oratione
1751 3896 1961 3965 implorandam
1975 3914 2035 3951 esse
2048 3915 2109 3952 cess·

413 3996 468 4053 que
484 3980 608 4037 ulteriori
625 3979 812 4052 inquisitione,
830 3980 997 4051 baptismum
1014 3997 1074 4037 esse
1091 3986 1191 4047 ratum,
1209 3980 1249 4036 sic
1274 3998 1375 4049 serem,
1399 3981 1440 4034 ita
1464 3999 1533 4035 sane
1557 3990 1589 4036 ut
1610 3990 1674 4052 post
1692 3999 1734 4036 me
1754 3984 1879 4036 dietmar
1897 3984 2062 4054 continuae,
2084 3985 2111 4039 si

412 4065 486 4122 enim
502 4066 620 4121 Rufinus
636 4066 688 4121 loc.
709 4066 788 4121 dict:
820 4066 877 4120 ille
897 4067 1076 4134 (Alexander)
1097 4068 1250 4135 dilipenter
1275 4067 1346 4136 quid
1365 4068 1431 4135 jam
1451 4070 1626 4137 exploratum
1646 4075 1671 4120 et
1692 4068 1832 4135 capniturn
1849 4069 1973 4137 afferens
1998 4071 2108 4125 bumili-

413 4153 558 4223 inquirere
579 4154 615 4206 ab
632 4153 685 4221 bis,
704 4152 755 4222 qui
770 4153 906 4222 baptisati
922 4154 1102 4218 dicebantur,
1120 4156 1190 4224 quid
1207 4155 1249 4208 in·
1275 4162 1317 4207 ter
1341 4162 1536 4222 exspectarem.
1572 4153 1649 4209 Haeo
1676 4152 1852 4223 Augustinus
1878 4171 1929 4224 pro
1952 4154 2035 4211 solita
2059 4172 2109 4211 sua

411 4240 550 4309 terropati
560 4239 689 4306 fuerint,
715 4238 817 4306 quidne
834 4240 1045 4308 responderint,
1064 4239 1148 4293 simul
1168 4248 1194 4294 et
1214 4240 1249 4293 ab
1275 4239 1417 4295 modestia.
1445 4240 1630 4296 Bellarminus
1649 4240 1759 4311 regerit,
1776 4239 1867 4294 locum
1880 4239 2034 4311 Augustini
2045 4259 2107 4299 oon·

412 4338 453 4392 eo,
472 4321 522 4394 qui
538 4324 778 4393 interrogaverat,
795 4325 845 4378 ubi
860 4326 945 4394 videt,
964 4328 1117 4379 secundum
1134 4326 1248 4395 relipio·
1274 4334 1318 4381 tra
1336 4343 1386 4381 nos
1405 4343 1478 4382 esse:
1496 4331 1520 4383 1.
1539 4326 1609 4380 Cum
1628 4326 1802 4394 Augustinus
1820 4326 1907 4389 dicat,
1926 4342 1955 4379 se
1975 4345 2008 4380 ea
2027 4330 2064 4382 da
2078 4345 2109 4381 re

411 4408 456 4462 nis
474 4417 587 4463 nostrae
608 4411 693 4463 miram
710 4418 809 4465 cuncta
832 4418 974 4478 constare,
999 4411 1161 4465 conlocemus
1186 4430 1248 4468 curn
1276 4414 1434 4482 dubitasse,
1451 4413 1520 4482 quio
1537 4414 1568 4466 in
1587 4413 1665 4467 nullo
1685 4412 1804 4468 concilio
1821 4428 1868 4465 res
1885 4413 2018 4483 definita,
2037 4432 2108 4469 nunc

412 4496 531 4549 concilio
556 4495 720 4550 stoicorum
744 4498 876 4551 statuirm
901 4498 1040 4561 traditur,
1065 4497 1127 4551 illis
1150 4499 1249 4567 quibem
1276 4508 1368 4553 autern
1384 4516 1442 4552 rem
1461 4499 1491 4551 in
1508 4499 1628 4552 concilio
1646 4498 1812 4552 Florentino
1830 4506 1856 4550 et
1875 4500 2045 4554 Tridentino
2062 4503 2109 4556 de

412 4582 531 4653 intepris
562 4582 829 4654 interrogationibus
860 4592 886 4638 et
914 4584 1141 4653 responsionibus
1173 4603 1249 4655 aqua
1276 4586 1363 4638 cisans
1386 4601 1455 4637 esse.
1496 4582 1720 4654 Respondemus:
1752 4584 1927 4655 Augustinus
1953 4602 2005 4655 pro
2029 4586 2109 4641 solita

411 4668 509 4730 fuerat
524 4667 633 4738 infusa,
653 4668 755 4724 denari
774 4671 939 4740 baptismum
957 4688 1014 4725 non
1032 4671 1140 4728 debera.
1171 4670 1249 4729 Oete
1276 4687 1327 4725 sua
1353 4670 1488 4726 modestia
1512 4669 1700 4726 definitionem
1716 4670 1753 4724 ad
1772 4670 1919 4726 concilium
1939 4672 2043 4743 rejicit,
2069 4673 2108 4728 in-

412 4768 474 4809 rum
491 4752 566 4824 quod
584 4753 620 4808 ad
638 4760 762 4809 nostram
780 4756 945 4811 sententiam
963 4755 1075 4826 attinet,
1094 4757 1249 4826 jocularem
1276 4756 1355 4811 terim
1373 4758 1536 4813 sententiam
1556 4773 1634 4812 suam
1646 4774 1701 4811 non
1714 4757 1876 4824 dissimulat,
1894 4759 1962 4830 quin
1973 4758 2108 4815 imoadso

413 4846 441 4895 st
458 4839 597 4895 ludicrum
614 4840 782 4911 baptismum
800 4859 975 4914 nequaquam
992 4860 1044 4914 pro
1063 4843 1186 4915 legitimo
1200 4845 1249 4901 ha·
1275 4860 1309 4897 ex
1327 4842 1510 4899 institutionis
1525 4843 1642 4899 veritmc
1658 4850 1687 4899 et
1705 4843 1878 4913 certitudine,
1895 4861 1951 4899 non
1971 4862 2004 4899 ex
2023 4845 2109 4901 homi·

413 4926 522 4995 bemus,
548 4925 572 4979 is
592 4926 664 5008 enim
682 4926 836 4998 baptismus
854 4928 1028 4999 probandus,
1057 4931 1187 5002 quicum
1207 4932 1249 4987 in·
1276 4948 1341 4984 num
1360 4930 1420 4984 sire
1439 4929 1565 4985 dandum
1584 4930 1642 4985 sive
1662 4929 1858 4999 accipientium
1879 4947 2047 5003 quacunque
2064 4932 2109 4988 val

413 5012 555 5069 stitutione
574 5011 676 5070 Christi
699 5014 841 5086 congruit,
863 5016 924 5086 J'am
944 5034 1009 5073 vero
1030 5022 1136 5071 certum
1154 5023 1211 5085 est,
1233 5035 1250 5073 a
1276 5015 1411 5086 qualitate
1432 5015 1474 5070 rel
1492 5016 1644 5071 intentione
1660 5015 1720 5070 vult
1742 5016 1908 5071 metiendam
1931 5034 1991 5073 asse
2008 5018 2108 5073 verita·

413 5098 522 5154 Christo
547 5115 724 5171 nequaquam
747 5100 898 5169 ludicram,
922 5102 1077 5173 Jocularem
1101 5109 1129 5157 et
1147 5103 1249 5159 ridicu·
1275 5107 1332 5156 tam
1350 5110 1379 5157 et
1395 5101 1584 5173 integritatem
1602 5101 1749 5172 baptismi,
1772 5109 1805 5156 ut
1822 5118 1856 5155 ns
1875 5101 1988 5172 quidam
2006 5102 2044 5158 de
2061 5105 2108 5159 mi·

412 5186 477 5250 lam,
494 5185 544 5241 sed
561 5185 719 5257 religiosam
736 5192 766 5241 et
780 5192 907 5242 sanctam
923 5187 1055 5262 baptismi
1074 5189 1249 5245 administra·
1276 5189 1348 5243 mica
1369 5206 1419 5244 seu
1439 5188 1560 5260 joculari
1581 5189 1689 5243 actone
1712 5188 1891 5257 pronuntiare
1910 5189 1991 5245 ausit.
2029 5190 2108 5254 Quod

413 5272 516 5327 donem
535 5270 565 5326 in
583 5271 701 5326 ecclesia
711 5271 865 5327 institutam
877 5290 945 5329 essa.
971 5274 1148 5347 Augustinus
1160 5275 1209 5332 lib.
1226 5282 1249 5333 7.
1276 5275 1400 5330 conciliis
1430 5292 1487 5331 non
1510 5276 1639 5332 tribuerit
1663 5275 1839 5345 Augustinus
1864 5274 2054 5331 authenticam
2082 5286 2109 5342 st

413 5356 449 5411 ds
466 5357 605 5429 baptismo
621 5363 719 5412 conus
733 5355 872 5414 Donatist.
893 5377 917 5415 c.
936 5366 976 5416 5³.
995 5368 1086 5416 movet
1102 5361 1152 5415 has
1165 5378 1249 5433 quae·
1275 5359 1426 5431 Scripturis
1445 5361 1531 5416 sacrm
1549 5378 1643 5432 parem
1662 5362 1866 5426 auctoritatem,
1884 5367 1962 5432 patet
1979 5379 2013 5417 ax
2025 5364 2073 5420 lib.
2082 5369 2107 5420 3.

413 5444 527 5500 odones:
553 5450 576 5501 1.
596 5443 630 5499 Si
647 5445 710 5515 qast
727 5445 892 5511 fallaciter,
918 5446 970 5502 boc
990 5455 1030 5499 ast
1049 5448 1144 5502 anieno
1164 5448 1249 5501 sima
1276 5452 1373 5502 contra
1403 5448 1514 5503 Maxim.
1538 5465 1600 5519 cap.
1627 5455 1666 5505 14.
1694 5448 1744 5503 ubi
1773 5465 1828 5503 non
1856 5455 1938 5518 urget
1967 5449 2108 5506 decretum

413 5528 480 5599 lato,
496 5531 527 5584 in
548 5532 666 5585 ecclesia
686 5533 808 5602 accipiat
829 5532 1007 5602 baptismum.
1044 5536 1069 5589 2.
1083 5532 1119 5588 st
1137 5535 1201 5602 quis
1219 5535 1249 5587 in
1275 5532 1385 5588 concilii
1403 5534 1535 5603 Nasoni,
1559 5536 1610 5589 sod
1629 5536 1843 5603 scripturarum
1862 5536 2057 5607 auctontatss,
2074 5552 2109 5592 ex

412 5616 550 5671 minorum
567 5618 626 5685 tide
643 5617 775 5687 accspiat.
810 5620 837 5674 3.
857 5619 972 5688 Siquis
992 5619 1092 5686 abeo,
1119 5620 1170 5689 qui
1192 5637 1249 5674 non
1275 5619 1377 5691 quibus
1404 5620 1530 5676 Nicasna
1557 5622 1679 5691 synodus
1710 5622 1851 5677 moretum
1879 5638 1959 5675 suum
1983 5622 2108 5679 deduxit.

413 5709 453 5755 est
477 5702 645 5772 baptisatus,
670 5704 794 5773 accipiat
817 5705 989 5774 baptismum.
1026 5709 1050 5758 t.
1071 5704 1106 5759 Si
1126 5708 1247 5760 tradens
1273 5705 1321 5760 lib.
1342 5713 1366 5762 t.
1384 5707 1419 5763 ds
1436 5706 1576 5777 baptismo
1595 5726 1618 5764 a.
1641 5713 1665 5763 3.
1694 5709 1816 5761 canalia
1836 5709 1973 5776 plenaria
1998 5710 2109 5780 priora,
