<?xml version="1.0" encoding="UTF-8"?>
<!DOCTYPE html PUBLIC "-//W3C//DTD XHTML 1.0 Transitional//EN"
    "http://www.w3.org/TR/xhtml1/DTD/xhtml1-transitional.dtd">
<html xmlns="http://www.w3.org/1999/xhtml" xml:lang="en" lang="en">
 <head>
  <title>
</title>
<meta http-equiv="Content-Type" content="text/html;charset=utf-8" />
  <meta name='ocr-system' content='tesseract 3.04.00' />
  <meta name='ocr-capabilities' content='ocr_page ocr_carea ocr_par ocr_line ocrx_word'/>
</head>
<body>
  <div class='ocr_page' id='page_1' title='image "./locitheologicit02gerhgoog/locitheologicit02gerhgoog_0374.png"; bbox 0 0 4800 6659; ppageno 0'>
   <div class='ocr_carea' id='block_1_1' title="bbox 933 573 1987 655">
    <p class='ocr_par' dir='ltr' id='par_1_1' title="bbox 933 573 1987 655">
     <span class='ocr_line' id='line_1_1' title="bbox 933 573 1987 655; baseline 0.005 -27"><span class='ocrx_word' id='word_1_1' title='bbox 933 573 988 630; x_wconf 83' lang='lat' dir='ltr'>DE</span> <span class='ocrx_word' id='word_1_2' title='bbox 1005 573 1126 633; x_wconf 77' lang='lat' dir='ltr'>SACRO</span> <span class='ocrx_word' id='word_1_3' title='bbox 1144 574 1348 636; x_wconf 71' lang='lat' dir='ltr'><strong>BAP&#39;I&#39;ISHO.</strong></span> <span class='ocrx_word' id='word_1_4' title='bbox 1925 596 1987 655; x_wconf 68' lang='lat'>355</span> 
     </span>
    </p>
   </div>
   <div class='ocr_carea' id='block_1_2' title="bbox 242 727 2123 5815">
    <p class='ocr_par' dir='ltr' id='par_1_2' title="bbox 283 727 2103 1502">
     <span class='ocr_line' id='line_1_2' title="bbox 284 727 1990 812; baseline 0.007 -27"><span class='ocrx_word' id='word_1_5' title='bbox 284 728 462 799; x_wconf 84' lang='lat' dir='ltr'>interclusus,</span> <span class='ocrx_word' id='word_1_6' title='bbox 483 746 546 783; x_wconf 90' lang='lat' dir='ltr'>enm</span> <span class='ocrx_word' id='word_1_7' title='bbox 558 727 634 783; x_wconf 83' lang='lat' dir='ltr'>Ruth</span> <span class='ocrx_word' id='word_1_8' title='bbox 651 728 782 784; x_wconf 85' lang='lat' dir='ltr'>Moabitis</span> <span class='ocrx_word' id='word_1_9' title='bbox 800 728 829 785; x_wconf 93' lang='lat' dir='ltr'>ln</span> <span class='ocrx_word' id='word_1_10' title='bbox 846 729 1010 802; x_wconf 67' lang='lat' dir='ltr'>genealogia</span> <span class='ocrx_word' id='word_1_11' title='bbox 1022 728 1126 785; x_wconf 83' lang='lat' dir='ltr'>Christi</span> <span class='ocrx_word' id='word_1_12' title='bbox 1152 729 1287 800; x_wconf 89' lang='lat' dir='ltr'>pietatem</span> <span class='ocrx_word' id='word_1_13' title='bbox 1305 749 1338 789; x_wconf 87' lang='lat' dir='ltr'>ac</span> <span class='ocrx_word' id='word_1_14' title='bbox 1357 733 1469 791; x_wconf 87' lang='lat' dir='ltr'>scelera.</span> <span class='ocrx_word' id='word_1_15' title='bbox 1502 741 1526 793; x_wconf 81' lang='grc'>3.</span> <span class='ocrx_word' id='word_1_16' title='bbox 1540 737 1584 793; x_wconf 81' lang='lat' dir='ltr'>Ac</span> <span class='ocrx_word' id='word_1_17' title='bbox 1600 736 1716 809; x_wconf 80' lang='lat' dir='ltr'>proinde</span> <span class='ocrx_word' id='word_1_18' title='bbox 1732 738 1855 812; x_wconf 87' lang='lat' dir='ltr'>loquitur</span> <span class='ocrx_word' id='word_1_19' title='bbox 1873 740 1909 797; x_wconf 90' lang='lat' dir='ltr'>de</span> <span class='ocrx_word' id='word_1_20' title='bbox 1926 741 1990 812; x_wconf 91' lang='lat' dir='ltr'>illis,</span> 
     </span>
     <span class='ocr_line' id='line_1_3' title="bbox 283 814 1990 894; baseline 0.008 -23"><span class='ocrx_word' id='word_1_21' title='bbox 283 815 378 871; x_wconf 90' lang='lat' dir='ltr'>locum</span> <span class='ocrx_word' id='word_1_22' title='bbox 396 814 499 871; x_wconf 87' lang='lat' dir='ltr'>habeat</span> <span class='ocrx_word' id='word_1_23' title='bbox 517 814 616 870; x_wconf 84' lang='lat' dir='ltr'>Matth.</span> <span class='ocrx_word' id='word_1_24' title='bbox 638 819 667 883; x_wconf 88' lang='lat'>1,</span> <span class='ocrx_word' id='word_1_25' title='bbox 690 832 714 872; x_wconf 87' lang='lat' dir='ltr'>v.</span> <span class='ocrx_word' id='word_1_26' title='bbox 736 821 760 870; x_wconf 78' lang='grc'>5.</span> <span class='ocrx_word' id='word_1_27' title='bbox 779 831 899 887; x_wconf 90' lang='lat' dir='ltr'>cumque</span> <span class='ocrx_word' id='word_1_28' title='bbox 916 814 980 870; x_wconf 87' lang='lat' dir='ltr'>tiliis</span> <span class='ocrx_word' id='word_1_29' title='bbox 999 815 1125 871; x_wconf 84' lang='lat' dir='ltr'>advenae</span> <span class='ocrx_word' id='word_1_30' title='bbox 1152 833 1225 888; x_wconf 91' lang='lat' dir='ltr'>quae</span> <span class='ocrx_word' id='word_1_31' title='bbox 1255 818 1423 892; x_wconf 80' lang='lat' dir='ltr'>contingunt</span> <span class='ocrx_word' id='word_1_32' title='bbox 1451 826 1483 877; x_wconf 91' lang='lat' dir='ltr'>ut</span> <span class='ocrx_word' id='word_1_33' title='bbox 1520 822 1676 894; x_wconf 88' lang='lat' dir='ltr'>plurimum.</span> <span class='ocrx_word' id='word_1_34' title='bbox 1721 824 1791 881; x_wconf 86' lang='lat' dir='ltr'>Cam</span> <span class='ocrx_word' id='word_1_35' title='bbox 1819 827 1893 882; x_wconf 88' lang='lat' dir='ltr'>enirn</span> <span class='ocrx_word' id='word_1_36' title='bbox 1919 828 1990 885; x_wconf 84' lang='lat' dir='ltr'>tales</span> 
     </span>
     <span class='ocr_line' id='line_1_4' title="bbox 283 900 1990 982; baseline 0.006 -24"><span class='ocrx_word' id='word_1_37' title='bbox 283 902 364 958; x_wconf 91' lang='lat' dir='ltr'>lacus</span> <span class='ocrx_word' id='word_1_38' title='bbox 392 900 422 955; x_wconf 91' lang='lat' dir='ltr'>in</span> <span class='ocrx_word' id='word_1_39' title='bbox 450 901 554 972; x_wconf 93' lang='lat' dir='ltr'>populo</span> <span class='ocrx_word' id='word_1_40' title='bbox 580 900 634 956; x_wconf 90' lang='lat' dir='ltr'>Dei</span> <span class='ocrx_word' id='word_1_41' title='bbox 665 901 856 972; x_wconf 72' lang='lat' dir='ltr'><strong>promittatur,</strong></span> <span class='ocrx_word' id='word_1_42' title='bbox 885 902 943 956; x_wconf 87' lang='lat' dir='ltr'>Esa</span> <span class='ocrx_word' id='word_1_43' title='bbox 971 907 1018 971; x_wconf 85' lang='grc'>56,</span> <span class='ocrx_word' id='word_1_44' title='bbox 1046 919 1072 957; x_wconf 86' lang='lat' dir='ltr'>v.</span> <span class='ocrx_word' id='word_1_45' title='bbox 1099 906 1123 958; x_wconf 83' lang='grc'>6.</span> <span class='ocrx_word' id='word_1_46' title='bbox 1151 901 1232 957; x_wconf 90' lang='lat' dir='ltr'>liberi</span> <span class='ocrx_word' id='word_1_47' title='bbox 1255 903 1422 977; x_wconf 86' lang='lat' dir='ltr'>plerumque</span> <span class='ocrx_word' id='word_1_48' title='bbox 1448 924 1466 962; x_wconf 84' lang='lat' dir='ltr'>a</span> <span class='ocrx_word' id='word_1_49' title='bbox 1490 908 1652 979; x_wconf 87' lang='lat' dir='ltr'>parentibus</span> <span class='ocrx_word' id='word_1_50' title='bbox 1670 910 1864 982; x_wconf 77' lang='lat' dir='ltr'>negligantur,</span> <span class='ocrx_word' id='word_1_51' title='bbox 1888 929 1940 968; x_wconf 90' lang='lat' dir='ltr'>nec</span> <span class='ocrx_word' id='word_1_52' title='bbox 1960 914 1990 969; x_wconf 93' lang='lat' dir='ltr'>in</span> 
     </span>
     <span class='ocr_line' id='line_1_5' title="bbox 285 986 1989 1066; baseline 0.008 -25"><span class='ocrx_word' id='word_1_53' title='bbox 285 987 366 1053; x_wconf 80' lang='lat' dir='ltr'>Quae</span> <span class='ocrx_word' id='word_1_54' title='bbox 384 986 477 1042; x_wconf 87' lang='lat' dir='ltr'>omnia</span> <span class='ocrx_word' id='word_1_55' title='bbox 494 986 638 1042; x_wconf 83' lang='lat' dir='ltr'>evidenter</span> <span class='ocrx_word' id='word_1_56' title='bbox 658 986 784 1058; x_wconf 86' lang='lat' dir='ltr'>probant,</span> <span class='ocrx_word' id='word_1_57' title='bbox 804 988 913 1059; x_wconf 89' lang='lat' dir='ltr'>spurios</span> <span class='ocrx_word' id='word_1_58' title='bbox 927 987 980 1043; x_wconf 89' lang='lat' dir='ltr'>hac</span> <span class='ocrx_word' id='word_1_59' title='bbox 992 986 1046 1042; x_wconf 91' lang='lat' dir='ltr'>Dei</span> <span class='ocrx_word' id='word_1_60' title='bbox 1062 986 1125 1059; x_wconf 82' lang='lat' dir='ltr'>lege</span> <span class='ocrx_word' id='word_1_61' title='bbox 1151 988 1250 1046; x_wconf 90' lang='lat' dir='ltr'>timore</span> <span class='ocrx_word' id='word_1_62' title='bbox 1266 990 1321 1046; x_wconf 89' lang='lat' dir='ltr'>Dei</span> <span class='ocrx_word' id='word_1_63' title='bbox 1350 991 1387 1046; x_wconf 87' lang='lat' dir='ltr'>ab</span> <span class='ocrx_word' id='word_1_64' title='bbox 1403 992 1472 1063; x_wconf 88' lang='lat' dir='ltr'>ipsis</span> <span class='ocrx_word' id='word_1_65' title='bbox 1489 993 1641 1050; x_wconf 78' lang='lat' dir='ltr'>educentur</span> <span class='ocrx_word' id='word_1_66' title='bbox 1659 993 1761 1066; x_wconf 87' lang='lat' dir='ltr'>Ephes.</span> <span class='ocrx_word' id='word_1_67' title='bbox 1778 1002 1808 1063; x_wconf 88' lang='grc'>6,</span> <span class='ocrx_word' id='word_1_68' title='bbox 1832 1014 1858 1053; x_wconf 84' lang='lat' dir='ltr'>v.</span> <span class='ocrx_word' id='word_1_69' title='bbox 1879 1004 1903 1055; x_wconf 81' lang='lat' dir='ltr'>t.</span> <span class='ocrx_word' id='word_1_70' title='bbox 1923 998 1989 1056; x_wconf 91' lang='lat' dir='ltr'>inde</span> 
     </span>
     <span class='ocr_line' id='line_1_6' title="bbox 285 1072 1988 1152; baseline 0.006 -24"><span class='ocrx_word' id='word_1_71' title='bbox 285 1090 342 1128; x_wconf 90' lang='lat' dir='ltr'>non</span> <span class='ocrx_word' id='word_1_72' title='bbox 367 1089 385 1128; x_wconf 90' lang='lat' dir='ltr'>a</span> <span class='ocrx_word' id='word_1_73' title='bbox 408 1073 529 1145; x_wconf 76' lang='lat' dir='ltr'>publicis</span> <span class='ocrx_word' id='word_1_74' title='bbox 550 1073 636 1129; x_wconf 86' lang='lat' dir='ltr'>sacris</span> <span class='ocrx_word' id='word_1_75' title='bbox 654 1078 682 1128; x_wconf 89' lang='lat' dir='ltr'>et</span> <span class='ocrx_word' id='word_1_76' title='bbox 702 1091 754 1129; x_wconf 90' lang='lat' dir='ltr'>usn</span> <span class='ocrx_word' id='word_1_77' title='bbox 773 1078 1020 1143; x_wconf 86' lang='lat' dir='ltr'>sacramentorum,</span> <span class='ocrx_word' id='word_1_78' title='bbox 1041 1072 1089 1128; x_wconf 86' lang='lat' dir='ltr'>sed</span> <span class='ocrx_word' id='word_1_79' title='bbox 1108 1090 1126 1127; x_wconf 90' lang='lat' dir='ltr'>a</span> <span class='ocrx_word' id='word_1_80' title='bbox 1151 1073 1261 1140; x_wconf 86' lang='lat' dir='ltr'>accidit,</span> <span class='ocrx_word' id='word_1_81' title='bbox 1281 1083 1312 1131; x_wconf 90' lang='lat' dir='ltr'>nt</span> <span class='ocrx_word' id='word_1_82' title='bbox 1323 1077 1352 1131; x_wconf 91' lang='lat' dir='ltr'>in</span> <span class='ocrx_word' id='word_1_83' title='bbox 1364 1076 1515 1149; x_wconf 83' lang='lat' dir='ltr'>impietatis</span> <span class='ocrx_word' id='word_1_84' title='bbox 1527 1096 1620 1135; x_wconf 86' lang='lat' dir='ltr'>casses</span> <span class='ocrx_word' id='word_1_85' title='bbox 1633 1081 1754 1152; x_wconf 78' lang='lat' dir='ltr'>prolapsi</span> <span class='ocrx_word' id='word_1_86' title='bbox 1766 1087 1897 1139; x_wconf 76' lang='lat' dir='ltr'>aeternae</span> <span class='ocrx_word' id='word_1_87' title='bbox 1912 1084 1988 1140; x_wconf 89' lang='lat' dir='ltr'>dam-</span> 
     </span>
     <span class='ocr_line' id='line_1_7' title="bbox 285 1158 1990 1236; baseline 0.006 -21"><span class='ocrx_word' id='word_1_88' title='bbox 285 1159 409 1233; x_wconf 90' lang='lat' dir='ltr'>publicis</span> <span class='ocrx_word' id='word_1_89' title='bbox 437 1158 537 1214; x_wconf 83' lang='lat' dir='ltr'>officiis</span> <span class='ocrx_word' id='word_1_90' title='bbox 569 1158 765 1216; x_wconf 70' lang='lat' dir='ltr'>aeclesiasticis</span> <span class='ocrx_word' id='word_1_91' title='bbox 793 1160 919 1230; x_wconf 83' lang='lat' dir='ltr'>excludi;</span> <span class='ocrx_word' id='word_1_92' title='bbox 949 1159 1023 1231; x_wconf 90' lang='lat' dir='ltr'>quod</span> <span class='ocrx_word' id='word_1_93' title='bbox 1051 1159 1125 1215; x_wconf 90' lang='lat' dir='ltr'>enim</span> <span class='ocrx_word' id='word_1_94' title='bbox 1152 1160 1258 1216; x_wconf 91' lang='lat' dir='ltr'>nationi</span> <span class='ocrx_word' id='word_1_95' title='bbox 1279 1162 1464 1221; x_wconf 81' lang='lat' dir='ltr'>involvantur.</span> <span class='ocrx_word' id='word_1_96' title='bbox 1507 1172 1531 1222; x_wconf 82' lang='lat' dir='ltr'>t.</span> <span class='ocrx_word' id='word_1_97' title='bbox 1557 1167 1664 1221; x_wconf 84' lang='lat' dir='ltr'>Textus</span> <span class='ocrx_word' id='word_1_98' title='bbox 1686 1166 1811 1224; x_wconf 85' lang='lat' dir='ltr'>Graecus</span> <span class='ocrx_word' id='word_1_99' title='bbox 1836 1168 1877 1223; x_wconf 91' lang='lat' dir='ltr'>ita</span> <span class='ocrx_word' id='word_1_100' title='bbox 1900 1176 1990 1236; x_wconf 79' lang='lat' dir='ltr'>sonat,</span> 
     </span>
     <span class='ocr_line' id='line_1_8' title="bbox 285 1244 1989 1327; baseline 0.006 -24"><span class='ocrx_word' id='word_1_101' title='bbox 285 1244 413 1316; x_wconf 85' lang='lat' dir='ltr'>Jephtah</span> <span class='ocrx_word' id='word_1_102' title='bbox 432 1245 490 1300; x_wconf 86' lang='lat' dir='ltr'>dux</span> <span class='ocrx_word' id='word_1_103' title='bbox 498 1244 701 1300; x_wconf 83' lang='lat' dir='ltr'>Gilesditarum</span> <span class='ocrx_word' id='word_1_104' title='bbox 713 1246 899 1316; x_wconf 72' lang='lat' dir='ltr'>constituitur,</span> <span class='ocrx_word' id='word_1_105' title='bbox 913 1245 982 1300; x_wconf 92' lang='lat' dir='ltr'>illud</span> <span class='ocrx_word' id='word_1_106' title='bbox 992 1251 1125 1318; x_wconf 85' lang='lat' dir='ltr'>tauquam</span> <span class='ocrx_word' id='word_1_107' title='bbox 1152 1252 1184 1303; x_wconf 88' lang='lat' dir='ltr'>ut</span> <span class='ocrx_word' id='word_1_108' title='bbox 1211 1265 1267 1303; x_wconf 94' lang='lat' dir='ltr'>non</span> <span class='ocrx_word' id='word_1_109' title='bbox 1289 1248 1464 1307; x_wconf 90' lang='lat' dir='ltr'>incommode</span> <span class='ocrx_word' id='word_1_110' title='bbox 1490 1253 1526 1308; x_wconf 87' lang='lat' dir='ltr'>ad</span> <span class='ocrx_word' id='word_1_111' title='bbox 1552 1254 1718 1326; x_wconf 80' lang='lat' dir='ltr'>temporales</span> <span class='ocrx_word' id='word_1_112' title='bbox 1737 1256 1912 1327; x_wconf 88' lang='lat' dir='ltr'>potissimum</span> <span class='ocrx_word' id='word_1_113' title='bbox 1930 1257 1989 1314; x_wconf 89' lang='lat' dir='ltr'>illo·</span> 
     </span>
     <span class='ocr_line' id='line_1_9' title="bbox 286 1332 2103 1408; baseline 0.006 -20"><span class='ocrx_word' id='word_1_114' title='bbox 286 1332 536 1389; x_wconf 85' lang='lat' dir='ltr'>extraordinarium</span> <span class='ocrx_word' id='word_1_115' title='bbox 569 1334 683 1406; x_wconf 79' lang='lat' dir='ltr'>regulae</span> <span class='ocrx_word' id='word_1_116' title='bbox 709 1332 833 1406; x_wconf 85' lang='lat' dir='ltr'>generali</span> <span class='ocrx_word' id='word_1_117' title='bbox 859 1350 915 1388; x_wconf 89' lang='lat' dir='ltr'>non</span> <span class='ocrx_word' id='word_1_118' title='bbox 942 1333 1125 1404; x_wconf 86' lang='lat' dir='ltr'>praejudicat.</span> <span class='ocrx_word' id='word_1_119' title='bbox 1152 1350 1213 1387; x_wconf 88' lang='lat' dir='ltr'>rum</span> <span class='ocrx_word' id='word_1_120' title='bbox 1255 1334 1406 1391; x_wconf 88' lang='lat' dir='ltr'>liberorum</span> <span class='ocrx_word' id='word_1_121' title='bbox 1436 1354 1541 1408; x_wconf 89' lang='lat' dir='ltr'>poenas</span> <span class='ocrx_word' id='word_1_122' title='bbox 1572 1339 1716 1396; x_wconf 79' lang='lat' dir='ltr'>referatur.</span> <span class='ocrx_word' id='word_1_123' title='bbox 1765 1360 1790 1398; x_wconf 90' lang='lat' dir='ltr'>v.</span> <span class='ocrx_word' id='word_1_124' title='bbox 1826 1347 1869 1397; x_wconf 81' lang='lat'>16:</span> <span class='ocrx_word' id='word_1_125' title='bbox 1906 1345 1989 1398; x_wconf 74' lang='grc' dir='ltr'>τέκνα</span> <span class='ocrx_word' id='word_1_126' title='bbox 2094 1385 2103 1398; x_wconf 77' lang='grc'><strong>,</strong></span> 
     </span>
     <span class='ocr_line' id='line_1_10' title="bbox 287 1417 1989 1502; baseline 0.006 -30"><span class='ocrx_word' id='word_1_127' title='bbox 287 1417 437 1474; x_wconf 87' lang='lat' dir='ltr'>Prohibuit</span> <span class='ocrx_word' id='word_1_128' title='bbox 466 1424 559 1473; x_wconf 75' lang='lat' dir='ltr'>autem</span> <span class='ocrx_word' id='word_1_129' title='bbox 586 1418 663 1475; x_wconf 82' lang='lat' dir='ltr'>Deus</span> <span class='ocrx_word' id='word_1_130' title='bbox 696 1419 805 1490; x_wconf 80' lang='lat' dir='ltr'>spurios</span> <span class='ocrx_word' id='word_1_131' title='bbox 835 1435 853 1474; x_wconf 81' lang='lat' dir='ltr'>a</span> <span class='ocrx_word' id='word_1_132' title='bbox 876 1419 995 1490; x_wconf 80' lang='lat' dir='ltr'>publicis</span> <span class='ocrx_word' id='word_1_133' title='bbox 1025 1418 1125 1475; x_wconf 80' lang='lat' dir='ltr'>officiis</span> <span class='ocrx_word' id='word_1_134' title='bbox 1150 1423 1260 1492; x_wconf 74' lang='grc' dir='ltr'><strong><em>μοιχῶν</em></strong></span> <span class='ocrx_word' id='word_1_135' title='bbox 1292 1420 1422 1478; x_wconf 73' lang='grc' dir='ltr'>ἀτέλεστα</span> <span class='ocrx_word' id='word_1_136' title='bbox 1453 1423 1529 1479; x_wconf 76' lang='grc' dir='ltr'><strong><em>ἔσται</em></strong></span> <span class='ocrx_word' id='word_1_137' title='bbox 1561 1429 1606 1479; x_wconf 73' lang='grc' dir='ltr'>καὶ</span> <span class='ocrx_word' id='word_1_138' title='bbox 1637 1426 1668 1479; x_wconf 66' lang='grc' dir='ltr'>ἐκ</span> <span class='ocrx_word' id='word_1_139' title='bbox 1697 1425 1866 1502; x_wconf 81' lang='grc' dir='ltr'><em>παρανόμου</em></span> <span class='ocrx_word' id='word_1_140' title='bbox 1897 1433 1989 1495; x_wconf 73' lang='grc' dir='ltr'><strong><em>κοίτης</em></strong></span> 
     </span>
    </p>

    <p class='ocr_par' dir='ltr' id='par_1_3' title="bbox 242 1500 1990 1587">
     <span class='ocr_line' id='line_1_11' title="bbox 242 1500 1990 1587; baseline 0.005 -27"><span class='ocrx_word' id='word_1_141' title='bbox 242 1500 273 1543; x_wconf 61' lang='lat'>&#39;⁸&#39;</span> <span class='ocrx_word' id='word_1_142' title='bbox 292 1510 315 1561; x_wconf 88' lang='lat'>1.</span> <span class='ocrx_word' id='word_1_143' title='bbox 332 1509 447 1575; x_wconf 89' lang='lat' dir='ltr'>propter</span> <span class='ocrx_word' id='word_1_144' title='bbox 465 1504 600 1559; x_wconf 82' lang='lat' dir='ltr'>natalium</span> <span class='ocrx_word' id='word_1_145' title='bbox 617 1505 754 1575; x_wconf 77' lang='lat' dir='ltr'>dedecus3</span> <span class='ocrx_word' id='word_1_146' title='bbox 778 1510 811 1560; x_wconf 92' lang='lat' dir='ltr'>ut</span> <span class='ocrx_word' id='word_1_147' title='bbox 828 1505 901 1562; x_wconf 89' lang='lat' dir='ltr'>enim</span> <span class='ocrx_word' id='word_1_148' title='bbox 918 1505 1031 1562; x_wconf 80' lang='lat' dir='ltr'>foedum</span> <span class='ocrx_word' id='word_1_149' title='bbox 1050 1512 1092 1561; x_wconf 88' lang='lat' dir='ltr'>est</span> <span class='ocrx_word' id='word_1_150' title='bbox 1111 1523 1126 1562; x_wconf 91' lang='lat' dir='ltr'>e</span> <span class='ocrx_word' id='word_1_151' title='bbox 1152 1510 1265 1580; x_wconf 76' lang='grc' dir='ltr'><strong><em>σπέρμα</em></strong></span> <span class='ocrx_word' id='word_1_152' title='bbox 1284 1508 1520 1582; x_wconf 73' lang='grc' dir='ltr'><strong><em>ἀφανισθήσεται·</em></strong></span> <span class='ocrx_word' id='word_1_153' title='bbox 1540 1529 1565 1567; x_wconf 89' lang='lat' dir='ltr'>v.</span> <span class='ocrx_word' id='word_1_154' title='bbox 1588 1518 1632 1568; x_wconf 81' lang='lat'>17:</span> <span class='ocrx_word' id='word_1_155' title='bbox 1653 1510 1704 1567; x_wconf 73' lang='grc' dir='ltr'>ἐάν</span> <span class='ocrx_word' id='word_1_156' title='bbox 1722 1530 1751 1567; x_wconf 81' lang='lat' dir='ltr'>re</span> <span class='ocrx_word' id='word_1_157' title='bbox 1767 1513 1823 1587; x_wconf 80' lang='grc' dir='ltr'>γὰρ</span> <span class='ocrx_word' id='word_1_158' title='bbox 1841 1513 1990 1587; x_wconf 75' lang='grc' dir='ltr'><strong><em>μακρόβιοι</em></strong></span> 
     </span>
    </p>

    <p class='ocr_par' dir='ltr' id='par_1_4' title="bbox 242 1591 1986 1669">
     <span class='ocr_line' id='line_1_12' title="bbox 242 1591 1986 1669; baseline 0.005 -25"><span class='ocrx_word' id='word_1_159' title='bbox 242 1605 256 1635; x_wconf 78' lang='lat'>⁸</span> <span class='ocrx_word' id='word_1_160' title='bbox 288 1593 388 1661; x_wconf 80' lang='lat' dir='ltr'>strrpro</span> <span class='ocrx_word' id='word_1_161' title='bbox 412 1595 509 1646; x_wconf 87' lang='lat' dir='ltr'>natum</span> <span class='ocrx_word' id='word_1_162' title='bbox 529 1607 603 1656; x_wconf 77' lang='lat' dir='ltr'>esse,</span> <span class='ocrx_word' id='word_1_163' title='bbox 626 1592 666 1646; x_wconf 89' lang='lat' dir='ltr'>ita</span> <span class='ocrx_word' id='word_1_164' title='bbox 682 1592 747 1647; x_wconf 87' lang='lat' dir='ltr'>talis</span> <span class='ocrx_word' id='word_1_165' title='bbox 766 1597 843 1647; x_wconf 88' lang='lat' dir='ltr'>ortus</span> <span class='ocrx_word' id='word_1_166' title='bbox 862 1591 1009 1664; x_wconf 89' lang='lat' dir='ltr'>splendere</span> <span class='ocrx_word' id='word_1_167' title='bbox 1026 1608 1062 1646; x_wconf 91' lang='lat' dir='ltr'>aa</span> <span class='ocrx_word' id='word_1_168' title='bbox 1077 1592 1125 1647; x_wconf 91' lang='lat' dir='ltr'>ho·</span> <span class='ocrx_word' id='word_1_169' title='bbox 1151 1595 1304 1665; x_wconf 72' lang='grc' dir='ltr'>γένωνται,</span> <span class='ocrx_word' id='word_1_170' title='bbox 1333 1600 1371 1656; x_wconf 69' lang='grc' dir='ltr'>εἰς</span> <span class='ocrx_word' id='word_1_171' title='bbox 1400 1594 1484 1651; x_wconf 76' lang='grc' dir='ltr'><em>οὐδὲν</em></span> <span class='ocrx_word' id='word_1_172' title='bbox 1509 1596 1725 1668; x_wconf 70' lang='grc' dir='ltr'><strong><em>λογισθήσονιαι</em></strong></span> <span class='ocrx_word' id='word_1_173' title='bbox 1748 1601 1794 1652; x_wconf 81' lang='lat' dir='ltr'>sat</span> <span class='ocrx_word' id='word_1_174' title='bbox 1818 1596 1917 1669; x_wconf 78' lang='grc' dir='ltr'><strong><em>ἄτιμον</em></strong></span> <span class='ocrx_word' id='word_1_175' title='bbox 1941 1598 1986 1653; x_wconf 74' lang='grc' dir='ltr'>ἔα·</span> 
     </span>
    </p>

    <p class='ocr_par' dir='ltr' id='par_1_5' title="bbox 242 1674 2123 2532">
     <span class='ocr_line' id='line_1_13' title="bbox 242 1674 1989 1756; baseline 0.006 -28"><span class='ocrx_word' id='word_1_176' title='bbox 242 1674 358 1740; x_wconf 62' lang='grc' dir='ltr'>’μονα</span> <span class='ocrx_word' id='word_1_177' title='bbox 382 1675 558 1747; x_wconf 84' lang='lat' dir='ltr'>publicorum</span> <span class='ocrx_word' id='word_1_178' title='bbox 581 1675 736 1732; x_wconf 84' lang='lat' dir='ltr'>officiorum</span> <span class='ocrx_word' id='word_1_179' title='bbox 763 1678 861 1733; x_wconf 84' lang='lat' dir='ltr'>merito</span> <span class='ocrx_word' id='word_1_180' title='bbox 882 1678 1014 1750; x_wconf 75' lang='lat' dir='ltr'>indignus</span> <span class='ocrx_word' id='word_1_181' title='bbox 1031 1692 1125 1732; x_wconf 82' lang='lat' dir='ltr'>conso·</span> <span class='ocrx_word' id='word_1_182' title='bbox 1152 1678 1278 1749; x_wconf 65' lang='grc' dir='ltr'><em>ἐσχάτων</em></span> <span class='ocrx_word' id='word_1_183' title='bbox 1293 1680 1324 1735; x_wconf 81' lang='grc' dir='ltr'><strong>τό</strong></span> <span class='ocrx_word' id='word_1_184' title='bbox 1341 1685 1426 1756; x_wconf 76' lang='grc' dir='ltr'><strong><em>γῆρας</em></strong></span> <span class='ocrx_word' id='word_1_185' title='bbox 1444 1680 1548 1738; x_wconf 78' lang='grc' dir='ltr'>αὐτῶν·</span> <span class='ocrx_word' id='word_1_186' title='bbox 1566 1702 1592 1739; x_wconf 82' lang='lat' dir='ltr'>v.</span> <span class='ocrx_word' id='word_1_187' title='bbox 1613 1690 1657 1741; x_wconf 80' lang='lat'>18:</span> <span class='ocrx_word' id='word_1_188' title='bbox 1682 1682 1732 1739; x_wconf 71' lang='grc' dir='ltr'>ἐάν</span> <span class='ocrx_word' id='word_1_189' title='bbox 1749 1704 1777 1740; x_wconf 78' lang='grc' dir='ltr'>τε</span> <span class='ocrx_word' id='word_1_190' title='bbox 1796 1683 1878 1748; x_wconf 70' lang='grc' dir='ltr'><strong><em>ὀξέως</em></strong></span> <span class='ocrx_word' id='word_1_191' title='bbox 1895 1681 1989 1740; x_wconf 69' lang='lat' dir='ltr'>teleu-</span> 
     </span>
     <span class='ocr_line' id='line_1_14' title="bbox 287 1762 1988 1845; baseline 0.004 -26"><span class='ocrx_word' id='word_1_192' title='bbox 287 1770 347 1828; x_wconf 67' lang='lat' dir='ltr'>tun</span> <span class='ocrx_word' id='word_1_193' title='bbox 371 1769 396 1819; x_wconf 81' lang='lat'>2.</span> <span class='ocrx_word' id='word_1_194' title='bbox 414 1779 450 1817; x_wconf 86' lang='lat' dir='ltr'>no</span> <span class='ocrx_word' id='word_1_195' title='bbox 472 1762 587 1819; x_wconf 72' lang='lat' dir='ltr'>vilescat</span> <span class='ocrx_word' id='word_1_196' title='bbox 605 1763 772 1819; x_wconf 79' lang='lat' dir='ltr'>matrimonii</span> <span class='ocrx_word' id='word_1_197' title='bbox 791 1763 914 1836; x_wconf 76' lang='lat' dir='ltr'>dignitas</span> <span class='ocrx_word' id='word_1_198' title='bbox 932 1779 965 1819; x_wconf 83' lang='lat' dir='ltr'>ac</span> <span class='ocrx_word' id='word_1_199' title='bbox 981 1762 1125 1819; x_wconf 72' lang='lat' dir='ltr'>monado-</span> <span class='ocrx_word' id='word_1_200' title='bbox 1152 1763 1279 1836; x_wconf 85' lang='grc' dir='ltr'><strong><em>ιήσωσιν,</em></strong></span> <span class='ocrx_word' id='word_1_201' title='bbox 1298 1764 1349 1838; x_wconf 78' lang='grc' dir='ltr'>οὐχ</span> <span class='ocrx_word' id='word_1_202' title='bbox 1368 1767 1477 1831; x_wconf 75' lang='grc' dir='ltr'><strong><em>ἕξουσιν</em></strong></span> <span class='ocrx_word' id='word_1_203' title='bbox 1495 1770 1604 1840; x_wconf 65' lang='grc' dir='ltr'>ἐλπίδα,</span> <span class='ocrx_word' id='word_1_204' title='bbox 1625 1770 1694 1826; x_wconf 69' lang='grc' dir='ltr'>οὐδέ</span> <span class='ocrx_word' id='word_1_205' title='bbox 1710 1772 1740 1826; x_wconf 75' lang='grc' dir='ltr'>ἔν</span> <span class='ocrx_word' id='word_1_206' title='bbox 1759 1770 1848 1845; x_wconf 78' lang='grc' dir='ltr'><em>ἡμέρᾳ</em></span> <span class='ocrx_word' id='word_1_207' title='bbox 1866 1771 1988 1842; x_wconf 78' lang='grc' dir='ltr'><strong><em>διαγνώ-</em></strong></span> 
     </span>
     <span class='ocr_line' id='line_1_15' title="bbox 286 1847 1986 1934; baseline 0.005 -29"><span class='ocrx_word' id='word_1_208' title='bbox 286 1868 337 1906; x_wconf 89' lang='lat' dir='ltr'>nes</span> <span class='ocrx_word' id='word_1_209' title='bbox 360 1847 545 1920; x_wconf 71' lang='lat' dir='ltr'>invalescant,</span> <span class='ocrx_word' id='word_1_210' title='bbox 573 1854 595 1905; x_wconf 81' lang='grc'>3.</span> <span class='ocrx_word' id='word_1_211' title='bbox 613 1867 647 1906; x_wconf 91' lang='lat' dir='ltr'>ne</span> <span class='ocrx_word' id='word_1_212' title='bbox 670 1849 763 1905; x_wconf 82' lang='lat' dir='ltr'>officia</span> <span class='ocrx_word' id='word_1_213' title='bbox 780 1850 895 1922; x_wconf 87' lang='lat' dir='ltr'>publica</span> <span class='ocrx_word' id='word_1_214' title='bbox 913 1856 1027 1923; x_wconf 88' lang='lat' dir='ltr'>propter</span> <span class='ocrx_word' id='word_1_215' title='bbox 1046 1855 1124 1905; x_wconf 85' lang='lat' dir='ltr'>artus</span> <span class='ocrx_word' id='word_1_216' title='bbox 1151 1867 1221 1914; x_wconf 82' lang='grc' dir='ltr'><strong><em>σιως</em></strong></span> <span class='ocrx_word' id='word_1_217' title='bbox 1238 1854 1434 1928; x_wconf 74' lang='grc' dir='ltr'><strong><em>παραμύθιον·</em></strong></span> <span class='ocrx_word' id='word_1_218' title='bbox 1454 1875 1480 1911; x_wconf 86' lang='lat' dir='ltr'>v.</span> <span class='ocrx_word' id='word_1_219' title='bbox 1501 1864 1546 1916; x_wconf 79' lang='lat'>19:</span> <span class='ocrx_word' id='word_1_220' title='bbox 1566 1864 1664 1929; x_wconf 75' lang='grc' dir='ltr'><em>γενεᾶς</em></span> <span class='ocrx_word' id='word_1_221' title='bbox 1681 1857 1736 1934; x_wconf 80' lang='grc' dir='ltr'>γὰρ</span> <span class='ocrx_word' id='word_1_222' title='bbox 1756 1858 1855 1915; x_wconf 72' lang='grc' dir='ltr'><em>ἀδίκου</em></span> <span class='ocrx_word' id='word_1_223' title='bbox 1874 1859 1986 1929; x_wconf 73' lang='grc' dir='ltr'><strong><em>χαλεπὰ</em></strong></span> 
     </span>
     <span class='ocr_line' id='line_1_16' title="bbox 287 1934 1885 2009; baseline 0.003 -18"><span class='ocrx_word' id='word_1_224' title='bbox 287 1952 469 2009; x_wconf 87' lang='lat' dir='ltr'>personarum</span> <span class='ocrx_word' id='word_1_225' title='bbox 495 1934 630 1991; x_wconf 83' lang='lat' dir='ltr'>vilitatem</span> <span class='ocrx_word' id='word_1_226' title='bbox 667 1952 701 1991; x_wconf 91' lang='lat' dir='ltr'>ac</span> <span class='ocrx_word' id='word_1_227' title='bbox 732 1935 865 2008; x_wconf 87' lang='lat' dir='ltr'>probrum</span> <span class='ocrx_word' id='word_1_228' title='bbox 887 1936 923 1990; x_wconf 91' lang='lat' dir='ltr'>-in</span> <span class='ocrx_word' id='word_1_229' title='bbox 954 1942 1124 1992; x_wconf 89' lang='lat' dir='ltr'>contemtum</span> <span class='ocrx_word' id='word_1_230' title='bbox 1150 1937 1185 1992; x_wconf 80' lang='lat' dir='ltr'>sd</span> <span class='ocrx_word' id='word_1_231' title='bbox 1204 1942 1275 2007; x_wconf 74' lang='grc' dir='ltr'>τέλη,</span> <span class='ocrx_word' id='word_1_232' title='bbox 1349 1961 1351 1965; x_wconf 68' lang='grc'><strong>’</strong></span> <span class='ocrx_word' id='word_1_233' title='bbox 1883 2005 1885 2009; x_wconf 40' lang='grc'><strong>,</strong></span> 
     </span>
     <span class='ocr_line' id='line_1_17' title="bbox 287 2020 2115 2127; baseline 0.006 -52"><span class='ocrx_word' id='word_1_234' title='bbox 287 2021 401 2077; x_wconf 84' lang='lat' dir='ltr'>veniant</span> <span class='ocrx_word' id='word_1_235' title='bbox 425 2038 559 2091; x_wconf 88' lang='lat' dir='ltr'>suamque</span> <span class='ocrx_word' id='word_1_236' title='bbox 584 2020 777 2077; x_wconf 88' lang='lat' dir='ltr'>auctoritatem</span> <span class='ocrx_word' id='word_1_237' title='bbox 796 2022 940 2091; x_wconf 80' lang='lat' dir='ltr'>amittant3</span> <span class='ocrx_word' id='word_1_238' title='bbox 972 2030 996 2079; x_wconf 77' lang='grc'>4.</span> <span class='ocrx_word' id='word_1_239' title='bbox 1016 2039 1051 2078; x_wconf 89' lang='lat' dir='ltr'>ne</span> <span class='ocrx_word' id='word_1_240' title='bbox 1074 2039 1124 2094; x_wconf 90' lang='lat' dir='ltr'>per</span> <span class='ocrx_word' id='word_1_241' title='bbox 1186 2029 1245 2081; x_wconf 81' lang='lat'><strong>209.</strong></span> <span class='ocrx_word' id='word_1_242' title='bbox 1268 2025 1416 2092; x_wconf 82' lang='lat' dir='ltr'>Quaeritur</span> <span class='ocrx_word' id='word_1_243' title='bbox 1430 2034 1459 2083; x_wconf 85' lang='lat'>2:</span> <span class='ocrx_word' id='word_1_244' title='bbox 1478 2030 1524 2083; x_wconf 80' lang='lat' dir='ltr'>An</span> <span class='ocrx_word' id='word_1_245' title='bbox 1534 2030 1660 2094; x_wconf 76' lang='lat' dir='ltr'>infantes</span> <span class='ocrx_word' id='word_1_246' title='bbox 1669 2030 1825 2101; x_wconf 69' lang='grc' dir='ltr'><strong><em>ααροιὶιίιίι·</em></strong></span> <span class='ocrx_word' id='word_1_247' title='bbox 1832 2031 1887 2085; x_wconf 86' lang='lat' dir='ltr'>sint</span> <span class='ocrx_word' id='word_1_248' title='bbox 1897 2031 2066 2127; x_wconf 69' lang='lat' dir='ltr'>eapti-,Mn</span> <span class='ocrx_word' id='word_1_249' title='bbox 2080 2037 2115 2077; x_wconf 75' lang='lat'><strong>¹¹¹·</strong></span> 
     </span>
     <span class='ocr_line' id='line_1_18' title="bbox 287 2089 2123 2188; baseline 0.009 -26"><span class='ocrx_word' id='word_1_250' title='bbox 287 2107 446 2179; x_wconf 89' lang='lat' dir='ltr'>hujusmodi</span> <span class='ocrx_word' id='word_1_251' title='bbox 466 2106 590 2162; x_wconf 90' lang='lat' dir='ltr'>hemines</span> <span class='ocrx_word' id='word_1_252' title='bbox 603 2106 641 2161; x_wconf 92' lang='lat' dir='ltr'>ad</span> <span class='ocrx_word' id='word_1_253' title='bbox 653 2106 817 2180; x_wconf 83' lang='lat' dir='ltr'>dignitatem</span> <span class='ocrx_word' id='word_1_254' title='bbox 830 2112 940 2164; x_wconf 85' lang='lat' dir='ltr'>evectos</span> <span class='ocrx_word' id='word_1_255' title='bbox 952 2107 1125 2180; x_wconf 89' lang='lat' dir='ltr'>reipublicae</span> <span class='ocrx_word' id='word_1_256' title='bbox 1150 2113 1243 2166; x_wconf 82' lang='lat' dir='ltr'>randi.</span> <span class='ocrx_word' id='word_1_257' title='bbox 1279 2112 1457 2170; x_wconf 81' lang='lat' dir='ltr'>Affirmatur:</span> <span class='ocrx_word' id='word_1_258' title='bbox 1480 2120 1502 2171; x_wconf 89' lang='lat' dir='ltr'>l.</span> <span class='ocrx_word' id='word_1_259' title='bbox 1515 2115 1588 2180; x_wconf 85' lang='lat' dir='ltr'>Quia</span> <span class='ocrx_word' id='word_1_260' title='bbox 1605 2117 1641 2171; x_wconf 90' lang='lat' dir='ltr'>ad</span> <span class='ocrx_word' id='word_1_261' title='bbox 1653 2116 1890 2188; x_wconf 79' lang='lat' dir='ltr'>regenerationem</span> <span class='ocrx_word' id='word_1_262' title='bbox 1905 2124 1933 2173; x_wconf 91' lang='lat' dir='ltr'>et</span> <span class='ocrx_word' id='word_1_263' title='bbox 1945 2134 1987 2173; x_wconf 85' lang='lat' dir='ltr'>aa·</span> <span class='ocrx_word' id='word_1_264' title='bbox 2000 2089 2123 2188; x_wconf 40' lang='lat' dir='ltr'>,zama-</span> 
     </span>
     <span class='ocr_line' id='line_1_19' title="bbox 288 2189 2109 2294; baseline 0.007 -47"><span class='ocrx_word' id='word_1_265' title='bbox 288 2192 484 2249; x_wconf 84' lang='lat' dir='ltr'>detrimentum</span> <span class='ocrx_word' id='word_1_266' title='bbox 508 2192 623 2265; x_wconf 89' lang='lat' dir='ltr'>aliquod</span> <span class='ocrx_word' id='word_1_267' title='bbox 638 2194 790 2266; x_wconf 80' lang='lat' dir='ltr'>aontingat.</span> <span class='ocrx_word' id='word_1_268' title='bbox 826 2193 910 2248; x_wconf 86' lang='lat' dir='ltr'>Tales</span> <span class='ocrx_word' id='word_1_269' title='bbox 927 2193 1000 2249; x_wconf 87' lang='lat' dir='ltr'>enim</span> <span class='ocrx_word' id='word_1_270' title='bbox 1019 2196 1124 2266; x_wconf 79' lang='lat' dir='ltr'>(quem</span> <span class='ocrx_word' id='word_1_271' title='bbox 1150 2196 1237 2253; x_wconf 89' lang='lat' dir='ltr'>lutem</span> <span class='ocrx_word' id='word_1_272' title='bbox 1248 2198 1300 2253; x_wconf 92' lang='lat' dir='ltr'>hoc</span> <span class='ocrx_word' id='word_1_273' title='bbox 1310 2206 1513 2257; x_wconf 84' lang='lat' dir='ltr'>sacramentum</span> <span class='ocrx_word' id='word_1_274' title='bbox 1528 2201 1682 2259; x_wconf 82' lang='lat' dir='ltr'>infantibus</span> <span class='ocrx_word' id='word_1_275' title='bbox 1694 2207 1736 2257; x_wconf 90' lang='lat' dir='ltr'>est</span> <span class='ocrx_word' id='word_1_276' title='bbox 1746 2219 1986 2259; x_wconf 87' lang='lat' dir='ltr'>summeneceesa·</span> <span class='ocrx_word' id='word_1_277' title='bbox 1999 2189 2109 2294; x_wconf 56' lang='lat' dir='ltr'>ffiffi</span> 
     </span>
     <span class='ocr_line' id='line_1_20' title="bbox 287 2277 1988 2359; baseline 0.007 -26"><span class='ocrx_word' id='word_1_278' title='bbox 287 2279 330 2333; x_wconf 84' lang='lat' dir='ltr'>ris</span> <span class='ocrx_word' id='word_1_279' title='bbox 353 2278 382 2334; x_wconf 91' lang='lat' dir='ltr'>id</span> <span class='ocrx_word' id='word_1_280' title='bbox 408 2279 601 2335; x_wconf 84' lang='lat' dir='ltr'>universaliter</span> <span class='ocrx_word' id='word_1_281' title='bbox 629 2297 685 2335; x_wconf 93' lang='lat' dir='ltr'>non</span> <span class='ocrx_word' id='word_1_282' title='bbox 711 2279 748 2335; x_wconf 89' lang='lat' dir='ltr'>sit</span> <span class='ocrx_word' id='word_1_283' title='bbox 773 2279 977 2352; x_wconf 87' lang='lat' dir='ltr'>accipiendam)</span> <span class='ocrx_word' id='word_1_284' title='bbox 998 2296 1031 2335; x_wconf 85' lang='lat' dir='ltr'>ex</span> <span class='ocrx_word' id='word_1_285' title='bbox 1050 2277 1125 2348; x_wconf 87' lang='lat' dir='ltr'>turpi</span> <span class='ocrx_word' id='word_1_286' title='bbox 1150 2283 1293 2340; x_wconf 80' lang='lat' dir='ltr'>riumloh.</span> <span class='ocrx_word' id='word_1_287' title='bbox 1305 2291 1329 2355; x_wconf 88' lang='grc'>3,</span> <span class='ocrx_word' id='word_1_288' title='bbox 1343 2305 1368 2341; x_wconf 86' lang='lat' dir='ltr'>v.</span> <span class='ocrx_word' id='word_1_289' title='bbox 1384 2294 1407 2341; x_wconf 88' lang='lat'>5.</span> <span class='ocrx_word' id='word_1_290' title='bbox 1434 2287 1509 2359; x_wconf 85' lang='lat' dir='ltr'>Ergo</span> <span class='ocrx_word' id='word_1_291' title='bbox 1524 2294 1659 2359; x_wconf 89' lang='lat' dir='ltr'>quantum</span> <span class='ocrx_word' id='word_1_292' title='bbox 1675 2289 1703 2343; x_wconf 92' lang='lat' dir='ltr'>in</span> <span class='ocrx_word' id='word_1_293' title='bbox 1717 2288 1797 2343; x_wconf 89' lang='lat' dir='ltr'>nobis</span> <span class='ocrx_word' id='word_1_294' title='bbox 1811 2296 1862 2359; x_wconf 90' lang='lat' dir='ltr'>est,</span> <span class='ocrx_word' id='word_1_295' title='bbox 1880 2289 1988 2345; x_wconf 91' lang='lat' dir='ltr'>nullum</span> 
     </span>
     <span class='ocr_line' id='line_1_21' title="bbox 288 2364 1988 2445; baseline 0.005 -24"><span class='ocrx_word' id='word_1_296' title='bbox 288 2372 352 2421; x_wconf 79' lang='lat' dir='ltr'>erm</span> <span class='ocrx_word' id='word_1_297' title='bbox 389 2366 554 2436; x_wconf 85' lang='lat' dir='ltr'>depravatos</span> <span class='ocrx_word' id='word_1_298' title='bbox 593 2366 699 2421; x_wconf 89' lang='lat' dir='ltr'>animoa</span> <span class='ocrx_word' id='word_1_299' title='bbox 733 2365 835 2421; x_wconf 89' lang='lat' dir='ltr'>hebere</span> <span class='ocrx_word' id='word_1_300' title='bbox 866 2366 965 2421; x_wconf 85' lang='lat' dir='ltr'>solent.</span> <span class='ocrx_word' id='word_1_301' title='bbox 997 2364 1126 2421; x_wconf 83' lang='lat' dir='ltr'>Andreae</span> <span class='ocrx_word' id='word_1_302' title='bbox 1150 2370 1285 2426; x_wconf 86' lang='lat' dir='ltr'>infantem</span> <span class='ocrx_word' id='word_1_303' title='bbox 1310 2388 1343 2427; x_wconf 92' lang='lat' dir='ltr'>eo</span> <span class='ocrx_word' id='word_1_304' title='bbox 1366 2372 1569 2429; x_wconf 84' lang='lat' dir='ltr'>defraudemus.</span> <span class='ocrx_word' id='word_1_305' title='bbox 1612 2373 1654 2428; x_wconf 83' lang='lat' dir='ltr'>Ac</span> <span class='ocrx_word' id='word_1_306' title='bbox 1679 2374 1830 2445; x_wconf 86' lang='lat' dir='ltr'>repetenda</span> <span class='ocrx_word' id='word_1_307' title='bbox 1850 2380 1915 2429; x_wconf 90' lang='lat' dir='ltr'>sunt</span> <span class='ocrx_word' id='word_1_308' title='bbox 1935 2376 1988 2430; x_wconf 92' lang='lat' dir='ltr'>hoc</span> 
     </span>
     <span class='ocr_line' id='line_1_22' title="bbox 291 2451 1988 2532; baseline 0.005 -25"><span class='ocrx_word' id='word_1_309' title='bbox 291 2451 428 2507; x_wconf 88' lang='lat' dir='ltr'>Osiander</span> <span class='ocrx_word' id='word_1_310' title='bbox 445 2452 474 2506; x_wconf 90' lang='lat' dir='ltr'>in</span> <span class='ocrx_word' id='word_1_311' title='bbox 495 2452 567 2508; x_wconf 88' lang='lat' dir='ltr'>notis</span> <span class='ocrx_word' id='word_1_312' title='bbox 585 2451 787 2524; x_wconf 84' lang='lat' dir='ltr'>marginalibus</span> <span class='ocrx_word' id='word_1_313' title='bbox 809 2451 924 2510; x_wconf 84' lang='lat' dir='ltr'>Denter.</span> <span class='ocrx_word' id='word_1_314' title='bbox 944 2457 985 2508; x_wconf 79' lang='lat'>23.</span> <span class='ocrx_word' id='word_1_315' title='bbox 1150 2457 1213 2513; x_wconf 92' lang='lat' dir='ltr'>loco</span> <span class='ocrx_word' id='word_1_316' title='bbox 1226 2458 1416 2530; x_wconf 81' lang='lat' dir='ltr'>fundamenta,</span> <span class='ocrx_word' id='word_1_317' title='bbox 1433 2477 1505 2532; x_wconf 89' lang='lat' dir='ltr'>quae</span> <span class='ocrx_word' id='word_1_318' title='bbox 1517 2476 1568 2531; x_wconf 92' lang='lat' dir='ltr'>pro</span> <span class='ocrx_word' id='word_1_319' title='bbox 1583 2460 1684 2532; x_wconf 89' lang='lat' dir='ltr'>spuriis</span> <span class='ocrx_word' id='word_1_320' title='bbox 1695 2460 1789 2528; x_wconf 82' lang='lat' dir='ltr'>allata,</span> <span class='ocrx_word' id='word_1_321' title='bbox 1804 2461 1901 2516; x_wconf 86' lang='lat' dir='ltr'>eadem</span> <span class='ocrx_word' id='word_1_322' title='bbox 1914 2460 1988 2515; x_wconf 89' lang='lat' dir='ltr'>enim</span> 
     </span>
    </p>

    <p class='ocr_par' dir='ltr' id='par_1_6' title="bbox 242 2538 1990 2618">
     <span class='ocr_line' id='line_1_23' title="bbox 242 2538 1990 2618; baseline -0.001 -15"><span class='ocrx_word' id='word_1_323' title='bbox 242 2540 261 2583; x_wconf 63' lang='lat'>‘⁴</span> <span class='ocrx_word' id='word_1_324' title='bbox 327 2544 386 2594; x_wconf 76' lang='lat'><strong>²0⁷·</strong></span> <span class='ocrx_word' id='word_1_325' title='bbox 423 2542 450 2593; x_wconf 82' lang='lat'>2·</span> <span class='ocrx_word' id='word_1_326' title='bbox 477 2538 559 2604; x_wconf 79' lang='lat' dir='ltr'>Quod</span> <span class='ocrx_word' id='word_1_327' title='bbox 583 2541 662 2594; x_wconf 88' lang='lat' dir='ltr'>Deus</span> <span class='ocrx_word' id='word_1_328' title='bbox 690 2541 911 2595; x_wconf 78' lang='lat' dir='ltr'>inobedientibus</span> <span class='ocrx_word' id='word_1_329' title='bbox 941 2541 1127 2595; x_wconf 86' lang='lat' dir='ltr'>comminatur</span> <span class='ocrx_word' id='word_1_330' title='bbox 1152 2544 1236 2600; x_wconf 89' lang='lat' dir='ltr'>ctiam</span> <span class='ocrx_word' id='word_1_331' title='bbox 1254 2546 1618 2618; x_wconf 81' lang='lat' dir='ltr'>proexposititiismilitant.</span> <span class='ocrx_word' id='word_1_332' title='bbox 1646 2546 1720 2611; x_wconf 87' lang='lat' dir='ltr'>Quid</span> <span class='ocrx_word' id='word_1_333' title='bbox 1732 2562 1797 2601; x_wconf 82' lang='lat' dir='ltr'>vero</span> <span class='ocrx_word' id='word_1_334' title='bbox 1811 2545 1833 2600; x_wconf 89' lang='lat' dir='ltr'>si</span> <span class='ocrx_word' id='word_1_335' title='bbox 1846 2545 1942 2600; x_wconf 89' lang='lat' dir='ltr'>addita</span> <span class='ocrx_word' id='word_1_336' title='bbox 1953 2547 1990 2602; x_wconf 88' lang='lat' dir='ltr'>sit</span> 
     </span>
    </p>

    <p class='ocr_par' dir='ltr' id='par_1_7' title="bbox 242 2625 1988 2704">
     <span class='ocr_line' id='line_1_24' title="bbox 242 2625 1988 2704; baseline 0.007 -29"><span class='ocrx_word' id='word_1_337' title='bbox 242 2661 252 2675; x_wconf 92' lang='lat'><strong>.</strong></span> <span class='ocrx_word' id='word_1_338' title='bbox 290 2625 406 2681; x_wconf 88' lang='lat' dir='ltr'>Denter.</span> <span class='ocrx_word' id='word_1_339' title='bbox 426 2630 473 2695; x_wconf 77' lang='lat'>28,</span> <span class='ocrx_word' id='word_1_340' title='bbox 492 2643 518 2681; x_wconf 87' lang='lat' dir='ltr'>v.</span> <span class='ocrx_word' id='word_1_341' title='bbox 542 2632 581 2683; x_wconf 78' lang='lat'>18.</span> <span class='ocrx_word' id='word_1_342' title='bbox 601 2627 781 2681; x_wconf 82' lang='lat' dir='ltr'>maledictum</span> <span class='ocrx_word' id='word_1_343' title='bbox 796 2629 863 2694; x_wconf 71' lang='lat' dir='ltr'>fore</span> <span class='ocrx_word' id='word_1_344' title='bbox 873 2629 1004 2696; x_wconf 84' lang='lat' dir='ltr'>fructum</span> <span class='ocrx_word' id='word_1_345' title='bbox 1024 2628 1128 2683; x_wconf 75' lang='lat' dir='ltr'>cessoris</span> <span class='ocrx_word' id='word_1_346' title='bbox 1153 2630 1286 2687; x_wconf 86' lang='lat' dir='ltr'>schedula</span> <span class='ocrx_word' id='word_1_347' title='bbox 1306 2632 1438 2688; x_wconf 84' lang='lat' dir='ltr'>infantem</span> <span class='ocrx_word' id='word_1_348' title='bbox 1456 2633 1535 2688; x_wconf 92' lang='lat' dir='ltr'>illum</span> <span class='ocrx_word' id='word_1_349' title='bbox 1552 2633 1725 2704; x_wconf 86' lang='lat' dir='ltr'>baptizatum</span> <span class='ocrx_word' id='word_1_350' title='bbox 1745 2631 1988 2688; x_wconf 82' lang='lat' dir='ltr'>essetestiflcane?</span> 
     </span>
    </p>

    <p class='ocr_par' dir='ltr' id='par_1_8' title="bbox 242 2706 2076 2784">
     <span class='ocr_line' id='line_1_25' title="bbox 242 2706 2076 2784; baseline 0.005 -21"><span class='ocrx_word' id='word_1_351' title='bbox 242 2706 277 2737; x_wconf 79' lang='lat'>&#39;⁸&#39;</span> <span class='ocrx_word' id='word_1_352' title='bbox 291 2712 426 2781; x_wconf 55' lang='lat' dir='ltr'>ursarum.</span> <span class='ocrx_word' id='word_1_353' title='bbox 463 2713 543 2782; x_wconf 79' lang='lat' dir='ltr'>Erpa</span> <span class='ocrx_word' id='word_1_354' title='bbox 569 2712 653 2767; x_wconf 83' lang='lat' dir='ltr'>liberi</span> <span class='ocrx_word' id='word_1_355' title='bbox 677 2730 773 2767; x_wconf 90' lang='lat' dir='ltr'>earum</span> <span class='ocrx_word' id='word_1_356' title='bbox 791 2732 848 2767; x_wconf 87' lang='lat' dir='ltr'>nen</span> <span class='ocrx_word' id='word_1_357' title='bbox 865 2722 947 2768; x_wconf 87' lang='lat' dir='ltr'>erunt</span> <span class='ocrx_word' id='word_1_358' title='bbox 966 2717 1008 2768; x_wconf 86' lang='lat' dir='ltr'>ad</span> <span class='ocrx_word' id='word_1_359' title='bbox 1023 2714 1128 2784; x_wconf 80' lang='lat' dir='ltr'>baptis·</span> <span class='ocrx_word' id='word_1_360' title='bbox 1153 2716 1187 2770; x_wconf 93' lang='lat' dir='ltr'>In</span> <span class='ocrx_word' id='word_1_361' title='bbox 1214 2734 1298 2774; x_wconf 87' lang='lat' dir='ltr'>eausa</span> <span class='ocrx_word' id='word_1_362' title='bbox 1327 2723 1384 2774; x_wconf 88' lang='lat' dir='ltr'>tam</span> <span class='ocrx_word' id='word_1_363' title='bbox 1407 2719 1496 2774; x_wconf 86' lang='lat' dir='ltr'>ardua</span> <span class='ocrx_word' id='word_1_364' title='bbox 1520 2718 1668 2774; x_wconf 78' lang='lat' dir='ltr'>schedulae</span> <span class='ocrx_word' id='word_1_365' title='bbox 1694 2717 1849 2774; x_wconf 85' lang='lat' dir='ltr'>testimonie</span> <span class='ocrx_word' id='word_1_366' title='bbox 1873 2734 1928 2772; x_wconf 91' lang='lat' dir='ltr'>non</span> <span class='ocrx_word' id='word_1_367' title='bbox 1947 2724 1989 2772; x_wconf 90' lang='lat' dir='ltr'>eat</span> <span class='ocrx_word' id='word_1_368' title='bbox 2070 2716 2076 2724; x_wconf 85' lang='lat'>&#39;</span> 
     </span>
    </p>

    <p class='ocr_par' dir='ltr' id='par_1_9' title="bbox 242 2797 1988 2877">
     <span class='ocr_line' id='line_1_26' title="bbox 242 2797 1988 2877; baseline 0.003 -24"><span class='ocrx_word' id='word_1_369' title='bbox 242 2817 257 2875; x_wconf 53' lang='grc' dir='ltr'>ι·</span> <span class='ocrx_word' id='word_1_370' title='bbox 291 2817 365 2853; x_wconf 83' lang='lat' dir='ltr'>nsum</span> <span class='ocrx_word' id='word_1_371' title='bbox 388 2799 566 2854; x_wconf 82' lang='lat' dir='ltr'>admittendi.</span> <span class='ocrx_word' id='word_1_372' title='bbox 606 2797 829 2870; x_wconf 81' lang='lat' dir='ltr'>Respondemus:</span> <span class='ocrx_word' id='word_1_373' title='bbox 858 2805 881 2855; x_wconf 88' lang='lat'>1.</span> <span class='ocrx_word' id='word_1_374' title='bbox 901 2798 966 2855; x_wconf 79' lang='lat' dir='ltr'>Jam</span> <span class='ocrx_word' id='word_1_375' title='bbox 992 2805 1058 2855; x_wconf 88' lang='lat' dir='ltr'>ante</span> <span class='ocrx_word' id='word_1_376' title='bbox 1082 2800 1128 2855; x_wconf 91' lang='lat' dir='ltr'>de·</span> <span class='ocrx_word' id='word_1_377' title='bbox 1153 2803 1310 2875; x_wconf 85' lang='lat' dir='ltr'>fidendum,</span> <span class='ocrx_word' id='word_1_378' title='bbox 1334 2820 1385 2860; x_wconf 88' lang='lat' dir='ltr'>nec</span> <span class='ocrx_word' id='word_1_379' title='bbox 1409 2805 1529 2862; x_wconf 87' lang='lat' dir='ltr'>infantes</span> <span class='ocrx_word' id='word_1_380' title='bbox 1555 2805 1596 2860; x_wconf 90' lang='lat' dir='ltr'>illi</span> <span class='ocrx_word' id='word_1_381' title='bbox 1622 2805 1764 2877; x_wconf 89' lang='lat' dir='ltr'>perpetuis</span> <span class='ocrx_word' id='word_1_382' title='bbox 1787 2803 1988 2860; x_wconf 90' lang='lat' dir='ltr'>tentationibus</span> 
     </span>
    </p>

    <p class='ocr_par' dir='ltr' id='par_1_10' title="bbox 247 2880 2023 4943">
     <span class='ocr_line' id='line_1_27' title="bbox 247 2880 1988 2958; baseline 0.003 -19"><span class='ocrx_word' id='word_1_383' title='bbox 247 2880 254 2892; x_wconf 86' lang='lat'><em>&#39;</em></span> <span class='ocrx_word' id='word_1_384' title='bbox 290 2885 517 2955; x_wconf 82' lang='lat' dir='ltr'>monstravimus,</span> <span class='ocrx_word' id='word_1_385' title='bbox 551 2886 653 2942; x_wconf 90' lang='lat' dir='ltr'>liberos</span> <span class='ocrx_word' id='word_1_386' title='bbox 682 2886 831 2958; x_wconf 88' lang='lat' dir='ltr'>impiorum</span> <span class='ocrx_word' id='word_1_387' title='bbox 861 2891 1009 2957; x_wconf 82' lang='lat' dir='ltr'>parentum</span> <span class='ocrx_word' id='word_1_388' title='bbox 1041 2885 1127 2942; x_wconf 81' lang='lat' dir='ltr'>imese</span> <span class='ocrx_word' id='word_1_389' title='bbox 1153 2905 1185 2943; x_wconf 85' lang='lat' dir='ltr'>nc</span> <span class='ocrx_word' id='word_1_390' title='bbox 1215 2890 1436 2946; x_wconf 82' lang='lat' dir='ltr'>dubitationibus</span> <span class='ocrx_word' id='word_1_391' title='bbox 1459 2892 1488 2946; x_wconf 94' lang='lat' dir='ltr'>in</span> <span class='ocrx_word' id='word_1_392' title='bbox 1512 2896 1605 2947; x_wconf 89' lang='lat' dir='ltr'>aetate</span> <span class='ocrx_word' id='word_1_393' title='bbox 1631 2892 1728 2947; x_wconf 73' lang='lat' dir='ltr'>admta</span> <span class='ocrx_word' id='word_1_394' title='bbox 1755 2890 1906 2947; x_wconf 88' lang='lat' dir='ltr'>certissime</span> <span class='ocrx_word' id='word_1_395' title='bbox 1934 2906 1988 2945; x_wconf 88' lang='lat' dir='ltr'>me·</span> 
     </span>
     <span class='ocr_line' id='line_1_28' title="bbox 289 2971 1988 3048; baseline 0.004 -22"><span class='ocrx_word' id='word_1_396' title='bbox 289 2972 480 3037; x_wconf 61' lang='lat' dir='ltr'>circumcisam</span> <span class='ocrx_word' id='word_1_397' title='bbox 505 2988 572 3044; x_wconf 84' lang='lat' dir='ltr'>ergo</span> <span class='ocrx_word' id='word_1_398' title='bbox 599 2990 652 3027; x_wconf 91' lang='lat' dir='ltr'>nec</span> <span class='ocrx_word' id='word_1_399' title='bbox 679 2990 696 3027; x_wconf 87' lang='lat' dir='ltr'>a</span> <span class='ocrx_word' id='word_1_400' title='bbox 721 2972 859 3043; x_wconf 89' lang='lat' dir='ltr'>baptismo</span> <span class='ocrx_word' id='word_1_401' title='bbox 885 2972 915 3026; x_wconf 92' lang='lat' dir='ltr'>in</span> <span class='ocrx_word' id='word_1_402' title='bbox 931 2971 966 3030; x_wconf 90' lang='lat' dir='ltr'>N.</span> <span class='ocrx_word' id='word_1_403' title='bbox 984 2972 1017 3026; x_wconf 83' lang='lat' dir='ltr'>T.</span> <span class='ocrx_word' id='word_1_404' title='bbox 1036 2973 1126 3044; x_wconf 89' lang='lat' dir='ltr'>prohi·</span> <span class='ocrx_word' id='word_1_405' title='bbox 1152 2975 1264 3030; x_wconf 88' lang='lat' dir='ltr'>tuendie</span> <span class='ocrx_word' id='word_1_406' title='bbox 1281 2976 1450 3046; x_wconf 86' lang='lat' dir='ltr'>exponendi,</span> <span class='ocrx_word' id='word_1_407' title='bbox 1476 2976 1550 3031; x_wconf 90' lang='lat' dir='ltr'>unde</span> <span class='ocrx_word' id='word_1_408' title='bbox 1568 2993 1643 3031; x_wconf 89' lang='lat' dir='ltr'>canc.</span> <span class='ocrx_word' id='word_1_409' title='bbox 1663 2977 1758 3033; x_wconf 84' lang='lat' dir='ltr'>Carth.</span> <span class='ocrx_word' id='word_1_410' title='bbox 1776 2977 1812 3035; x_wconf 87' lang='lat' dir='ltr'>V.</span> <span class='ocrx_word' id='word_1_411' title='bbox 1831 2976 1867 3031; x_wconf 90' lang='lat' dir='ltr'>ah</span> <span class='ocrx_word' id='word_1_412' title='bbox 1884 2976 1988 3048; x_wconf 86' lang='lat' dir='ltr'>epieco-</span> 
     </span>
     <span class='ocr_line' id='line_1_29' title="bbox 288 3058 1988 3135; baseline 0.002 -21"><span class='ocrx_word' id='word_1_413' title='bbox 288 3058 350 3114; x_wconf 90' lang='lat' dir='ltr'>beri</span> <span class='ocrx_word' id='word_1_414' title='bbox 366 3064 505 3130; x_wconf 87' lang='lat' dir='ltr'>poterunt.</span> <span class='ocrx_word' id='word_1_415' title='bbox 549 3064 573 3114; x_wconf 79' lang='lat'>2.</span> <span class='ocrx_word' id='word_1_416' title='bbox 593 3059 694 3114; x_wconf 84' lang='lat' dir='ltr'>Exstat</span> <span class='ocrx_word' id='word_1_417' title='bbox 711 3058 805 3114; x_wconf 79' lang='lat' dir='ltr'>divina</span> <span class='ocrx_word' id='word_1_418' title='bbox 822 3058 968 3131; x_wconf 88' lang='lat' dir='ltr'>promissio</span> <span class='ocrx_word' id='word_1_419' title='bbox 986 3058 1124 3115; x_wconf 82' lang='lat' dir='ltr'>Ezechiel.</span> <span class='ocrx_word' id='word_1_420' title='bbox 1152 3062 1194 3133; x_wconf 88' lang='lat' dir='ltr'>pis</span> <span class='ocrx_word' id='word_1_421' title='bbox 1222 3067 1254 3117; x_wconf 82' lang='grc'>73</span> <span class='ocrx_word' id='word_1_422' title='bbox 1277 3061 1352 3117; x_wconf 91' lang='lat' dir='ltr'>circa</span> <span class='ocrx_word' id='word_1_423' title='bbox 1375 3078 1478 3117; x_wconf 89' lang='lat' dir='ltr'>annum</span> <span class='ocrx_word' id='word_1_424' title='bbox 1504 3062 1607 3119; x_wconf 86' lang='lat' dir='ltr'>Christi</span> <span class='ocrx_word' id='word_1_425' title='bbox 1624 3067 1683 3119; x_wconf 76' lang='lat'>403.</span> <span class='ocrx_word' id='word_1_426' title='bbox 1711 3067 1911 3135; x_wconf 83' lang='lat' dir='ltr'>congregatum</span> <span class='ocrx_word' id='word_1_427' title='bbox 1933 3066 1988 3118; x_wconf 90' lang='lat' dir='ltr'>sta·</span> 
     </span>
     <span class='ocr_line' id='line_1_30' title="bbox 291 3144 2023 3221; baseline 0.002 -21"><span class='ocrx_word' id='word_1_428' title='bbox 291 3150 337 3215; x_wconf 84' lang='lat' dir='ltr'>te,</span> <span class='ocrx_word' id='word_1_429' title='bbox 357 3162 383 3202; x_wconf 83' lang='lat' dir='ltr'>r.</span> <span class='ocrx_word' id='word_1_430' title='bbox 402 3150 451 3201; x_wconf 77' lang='lat' dir='ltr'>to:</span> <span class='ocrx_word' id='word_1_431' title='bbox 480 3144 563 3209; x_wconf 80' lang='lat' dir='ltr'>Quod</span> <span class='ocrx_word' id='word_1_432' title='bbox 582 3145 659 3208; x_wconf 66' lang='lat' dir='ltr'>filisu</span> <span class='ocrx_word' id='word_1_433' title='bbox 679 3163 734 3199; x_wconf 89' lang='lat' dir='ltr'>nan</span> <span class='ocrx_word' id='word_1_434' title='bbox 752 3146 788 3199; x_wconf 86' lang='lat' dir='ltr'>sit</span> <span class='ocrx_word' id='word_1_435' title='bbox 801 3153 973 3215; x_wconf 84' lang='lat' dir='ltr'>portaturus</span> <span class='ocrx_word' id='word_1_436' title='bbox 992 3146 1125 3217; x_wconf 82' lang='lat' dir='ltr'>iniquita·</span> <span class='ocrx_word' id='word_1_437' title='bbox 1151 3147 1218 3216; x_wconf 87' lang='lat' dir='ltr'>tuit,</span> <span class='ocrx_word' id='word_1_438' title='bbox 1242 3148 1316 3219; x_wconf 90' lang='lat' dir='ltr'>quod</span> <span class='ocrx_word' id='word_1_439' title='bbox 1334 3147 1467 3214; x_wconf 83' lang='lat' dir='ltr'>infantes,</span> <span class='ocrx_word' id='word_1_440' title='bbox 1491 3149 1526 3216; x_wconf 87' lang='lat' dir='ltr'>de</span> <span class='ocrx_word' id='word_1_441' title='bbox 1544 3165 1661 3221; x_wconf 88' lang='lat' dir='ltr'>quorum</span> <span class='ocrx_word' id='word_1_442' title='bbox 1680 3148 1818 3220; x_wconf 87' lang='lat' dir='ltr'>baptismo</span> <span class='ocrx_word' id='word_1_443' title='bbox 1836 3147 1906 3202; x_wconf 92' lang='lat' dir='ltr'>nihil</span> <span class='ocrx_word' id='word_1_444' title='bbox 1924 3166 1988 3204; x_wconf 91' lang='lat' dir='ltr'>con·</span> <span class='ocrx_word' id='word_1_445' title='bbox 2019 3149 2023 3156; x_wconf 88' lang='lat'>&#39;</span> 
     </span>
     <span class='ocr_line' id='line_1_31' title="bbox 287 3231 1985 3308; baseline 0.003 -23"><span class='ocrx_word' id='word_1_446' title='bbox 287 3239 342 3285; x_wconf 88' lang='lat' dir='ltr'>tem</span> <span class='ocrx_word' id='word_1_447' title='bbox 356 3238 522 3301; x_wconf 65' lang='lat' dir='ltr'>parentum·</span> <span class='ocrx_word' id='word_1_448' title='bbox 542 3248 614 3302; x_wconf 91' lang='lat' dir='ltr'>qnae</span> <span class='ocrx_word' id='word_1_449' title='bbox 631 3248 697 3287; x_wconf 86' lang='lat' dir='ltr'>vero</span> <span class='ocrx_word' id='word_1_450' title='bbox 714 3231 802 3301; x_wconf 87' lang='lat' dir='ltr'>major</span> <span class='ocrx_word' id='word_1_451' title='bbox 814 3248 904 3302; x_wconf 84' lang='lat' dir='ltr'>poena</span> <span class='ocrx_word' id='word_1_452' title='bbox 916 3231 1013 3288; x_wconf 82' lang='lat' dir='ltr'>talium</span> <span class='ocrx_word' id='word_1_453' title='bbox 1026 3232 1125 3288; x_wconf 90' lang='lat' dir='ltr'>libero·</span> <span class='ocrx_word' id='word_1_454' title='bbox 1150 3237 1219 3303; x_wconf 88' lang='lat' dir='ltr'>stat,</span> <span class='ocrx_word' id='word_1_455' title='bbox 1245 3234 1306 3290; x_wconf 87' lang='lat' dir='ltr'>aine</span> <span class='ocrx_word' id='word_1_456' title='bbox 1328 3235 1403 3291; x_wconf 93' lang='lat' dir='ltr'>omni</span> <span class='ocrx_word' id='word_1_457' title='bbox 1426 3235 1557 3308; x_wconf 88' lang='lat' dir='ltr'>scrupulo</span> <span class='ocrx_word' id='word_1_458' title='bbox 1575 3242 1603 3291; x_wconf 91' lang='lat' dir='ltr'>et</span> <span class='ocrx_word' id='word_1_459' title='bbox 1622 3234 1803 3291; x_wconf 89' lang='lat' dir='ltr'>haesitatione</span> <span class='ocrx_word' id='word_1_460' title='bbox 1822 3233 1985 3305; x_wconf 82' lang='lat' dir='ltr'>baptizandi</span> 
     </span>
     <span class='ocr_line' id='line_1_32' title="bbox 288 3317 1987 3390; baseline -0.001 -16"><span class='ocrx_word' id='word_1_461' title='bbox 288 3335 351 3374; x_wconf 91' lang='lat' dir='ltr'>rum</span> <span class='ocrx_word' id='word_1_462' title='bbox 376 3317 528 3389; x_wconf 82' lang='lat' dir='ltr'>excogitari</span> <span class='ocrx_word' id='word_1_463' title='bbox 549 3323 656 3389; x_wconf 88' lang='lat' dir='ltr'>posset,</span> <span class='ocrx_word' id='word_1_464' title='bbox 682 3334 765 3390; x_wconf 88' lang='lat' dir='ltr'>quam</span> <span class='ocrx_word' id='word_1_465' title='bbox 785 3318 861 3389; x_wconf 88' lang='lat' dir='ltr'>quod</span> <span class='ocrx_word' id='word_1_466' title='bbox 879 3319 908 3374; x_wconf 90' lang='lat' dir='ltr'>in</span> <span class='ocrx_word' id='word_1_467' title='bbox 928 3319 1047 3375; x_wconf 87' lang='lat' dir='ltr'>ecclesia</span> <span class='ocrx_word' id='word_1_468' title='bbox 1066 3320 1123 3375; x_wconf 90' lang='lat' dir='ltr'>nati</span> <span class='ocrx_word' id='word_1_469' title='bbox 1150 3319 1214 3374; x_wconf 80' lang='lat' dir='ltr'>sint.</span> <span class='ocrx_word' id='word_1_470' title='bbox 1256 3320 1351 3378; x_wconf 86' lang='lat' dir='ltr'>Verba</span> <span class='ocrx_word' id='word_1_471' title='bbox 1382 3337 1442 3379; x_wconf 91' lang='lat' dir='ltr'>can.</span> <span class='ocrx_word' id='word_1_472' title='bbox 1470 3327 1494 3378; x_wconf 82' lang='grc'>6.</span> <span class='ocrx_word' id='word_1_473' title='bbox 1525 3320 1594 3377; x_wconf 88' lang='lat' dir='ltr'>haec</span> <span class='ocrx_word' id='word_1_474' title='bbox 1624 3326 1701 3375; x_wconf 89' lang='lat' dir='ltr'>sunt:</span> <span class='ocrx_word' id='word_1_475' title='bbox 1737 3321 1853 3375; x_wconf 80' lang='lat' dir='ltr'>Placuit</span> <span class='ocrx_word' id='word_1_476' title='bbox 1883 3321 1919 3375; x_wconf 81' lang='lat' dir='ltr'>de</span> <span class='ocrx_word' id='word_1_477' title='bbox 1944 3320 1987 3373; x_wconf 84' lang='lat' dir='ltr'>in-</span> 
     </span>
     <span class='ocr_line' id='line_1_33' title="bbox 288 3403 1986 3477; baseline -0.001 -17"><span class='ocrx_word' id='word_1_478' title='bbox 288 3410 496 3460; x_wconf 86' lang='lat' dir='ltr'>asaaramento</span> <span class='ocrx_word' id='word_1_479' title='bbox 514 3403 648 3475; x_wconf 84' lang='lat' dir='ltr'>baptismi</span> <span class='ocrx_word' id='word_1_480' title='bbox 665 3411 758 3461; x_wconf 90' lang='lat' dir='ltr'>essent</span> <span class='ocrx_word' id='word_1_481' title='bbox 774 3404 897 3460; x_wconf 83' lang='lat' dir='ltr'>exclusit</span> <span class='ocrx_word' id='word_1_482' title='bbox 929 3411 952 3463; x_wconf 85' lang='lat'>3.</span> <span class='ocrx_word' id='word_1_483' title='bbox 972 3405 1001 3462; x_wconf 84' lang='lat' dir='ltr'>Si</span> <span class='ocrx_word' id='word_1_484' title='bbox 1018 3405 1124 3462; x_wconf 85' lang='lat' dir='ltr'>isthaec</span> <span class='ocrx_word' id='word_1_485' title='bbox 1143 3406 1291 3474; x_wconf 81' lang='lat' dir='ltr'>sentibus,</span> <span class='ocrx_word' id='word_1_486' title='bbox 1316 3408 1424 3477; x_wconf 77' lang='lat' dir='ltr'>qsmties</span> <span class='ocrx_word' id='word_1_487' title='bbox 1448 3425 1505 3461; x_wconf 88' lang='lat' dir='ltr'>non</span> <span class='ocrx_word' id='word_1_488' title='bbox 1528 3407 1707 3462; x_wconf 83' lang='lat' dir='ltr'>inueniuntur</span> <span class='ocrx_word' id='word_1_489' title='bbox 1727 3406 1877 3461; x_wconf 61' lang='lat' dir='ltr'>artissimi</span> <span class='ocrx_word' id='word_1_490' title='bbox 1895 3412 1986 3468; x_wconf 69' lang='lat' dir='ltr'>tates,</span> 
     </span>
     <span class='ocr_line' id='line_1_34' title="bbox 287 3490 1986 3564; baseline -0.001 -16"><span class='ocrx_word' id='word_1_491' title='bbox 287 3490 465 3548; x_wconf 88' lang='lat' dir='ltr'>comminatio</span> <span class='ocrx_word' id='word_1_492' title='bbox 484 3490 519 3545; x_wconf 90' lang='lat' dir='ltr'>de</span> <span class='ocrx_word' id='word_1_493' title='bbox 537 3496 649 3545; x_wconf 86' lang='lat' dir='ltr'>aeterna</span> <span class='ocrx_word' id='word_1_494' title='bbox 667 3490 860 3546; x_wconf 90' lang='lat' dir='ltr'>maledictione</span> <span class='ocrx_word' id='word_1_495' title='bbox 879 3491 1042 3562; x_wconf 86' lang='lat' dir='ltr'>accipendc‚</span> <span class='ocrx_word' id='word_1_496' title='bbox 1061 3508 1125 3547; x_wconf 89' lang='lat' dir='ltr'>con·</span> <span class='ocrx_word' id='word_1_497' title='bbox 1151 3494 1201 3562; x_wconf 77' lang='lat' dir='ltr'>qai</span> <span class='ocrx_word' id='word_1_498' title='bbox 1225 3509 1272 3547; x_wconf 84' lang='lat' dir='ltr'>eos</span> <span class='ocrx_word' id='word_1_499' title='bbox 1299 3494 1454 3564; x_wconf 80' lang='lat' dir='ltr'>bapts&#39;satos</span> <span class='ocrx_word' id='word_1_500' title='bbox 1482 3510 1540 3548; x_wconf 83' lang='lat' dir='ltr'>esse</span> <span class='ocrx_word' id='word_1_501' title='bbox 1563 3495 1625 3548; x_wconf 85' lang='lat' dir='ltr'>sine</span> <span class='ocrx_word' id='word_1_502' title='bbox 1649 3494 1823 3548; x_wconf 68' lang='lat' dir='ltr'>dubimione</span> <span class='ocrx_word' id='word_1_503' title='bbox 1844 3500 1986 3563; x_wconf 70' lang='lat' dir='ltr'>testentur,</span> 
     </span>
     <span class='ocr_line' id='line_1_35' title="bbox 288 3566 1990 3650; baseline 0.001 -19"><span class='ocrx_word' id='word_1_504' title='bbox 288 3593 407 3648; x_wconf 89' lang='lat' dir='ltr'>sequens</span> <span class='ocrx_word' id='word_1_505' title='bbox 441 3566 526 3645; x_wconf 83' lang='lat' dir='ltr'>foret,</span> <span class='ocrx_word' id='word_1_506' title='bbox 564 3592 658 3631; x_wconf 83' lang='lat' dir='ltr'>omncs</span> <span class='ocrx_word' id='word_1_507' title='bbox 686 3576 832 3647; x_wconf 87' lang='lat' dir='ltr'>impiorum</span> <span class='ocrx_word' id='word_1_508' title='bbox 861 3576 964 3633; x_wconf 89' lang='lat' dir='ltr'>liberos</span> <span class='ocrx_word' id='word_1_509' title='bbox 995 3581 1124 3634; x_wconf 83' lang='lat' dir='ltr'>aeternae</span> <span class='ocrx_word' id='word_1_510' title='bbox 1149 3597 1237 3649; x_wconf 77' lang='lat' dir='ltr'>neque</span> <span class='ocrx_word' id='word_1_511' title='bbox 1256 3579 1315 3650; x_wconf 86' lang='lat' dir='ltr'>ipsi</span> <span class='ocrx_word' id='word_1_512' title='bbox 1331 3589 1395 3635; x_wconf 87' lang='lat' dir='ltr'>sunt</span> <span class='ocrx_word' id='word_1_513' title='bbox 1416 3598 1470 3650; x_wconf 85' lang='lat' dir='ltr'>per</span> <span class='ocrx_word' id='word_1_514' title='bbox 1489 3588 1607 3636; x_wconf 79' lang='lat' dir='ltr'>aetatem</span> <span class='ocrx_word' id='word_1_515' title='bbox 1628 3580 1726 3636; x_wconf 74' lang='grc' dir='ltr'><strong><em>ι’ἅοιιιι·</em></strong></span> <span class='ocrx_word' id='word_1_516' title='bbox 1744 3582 1780 3634; x_wconf 84' lang='lat' dir='ltr'>de</span> <span class='ocrx_word' id='word_1_517' title='bbox 1800 3579 1915 3633; x_wconf 84' lang='lat' dir='ltr'>traditis</span> <span class='ocrx_word' id='word_1_518' title='bbox 1933 3579 1990 3633; x_wconf 81' lang='lat' dir='ltr'>sibi</span> 
     </span>
     <span class='ocr_line' id='line_1_36' title="bbox 273 3662 1989 3738; baseline 0.002 -21"><span class='ocrx_word' id='word_1_519' title='bbox 273 3662 477 3718; x_wconf 86' lang='lat' dir='ltr'>&#39;maledictioni</span> <span class='ocrx_word' id='word_1_520' title='bbox 501 3678 562 3717; x_wconf 89' lang='lat' dir='ltr'>esse</span> <span class='ocrx_word' id='word_1_521' title='bbox 589 3662 737 3729; x_wconf 84' lang='lat' dir='ltr'>obnoxios,</span> <span class='ocrx_word' id='word_1_522' title='bbox 764 3680 827 3717; x_wconf 89' lang='lat' dir='ltr'>cum</span> <span class='ocrx_word' id='word_1_523' title='bbox 853 3663 891 3717; x_wconf 90' lang='lat' dir='ltr'>sit</span> <span class='ocrx_word' id='word_1_524' title='bbox 916 3664 1054 3736; x_wconf 86' lang='lat' dir='ltr'>generalis</span> <span class='ocrx_word' id='word_1_525' title='bbox 1076 3665 1126 3720; x_wconf 88' lang='lat' dir='ltr'>illa</span> <span class='ocrx_word' id='word_1_526' title='bbox 1151 3667 1335 3721; x_wconf 84' lang='lat' dir='ltr'>sacramentis</span> <span class='ocrx_word' id='word_1_527' title='bbox 1358 3669 1542 3738; x_wconf 81' lang='lat' dir='ltr'>respondere,</span> <span class='ocrx_word' id='word_1_528' title='bbox 1567 3668 1670 3737; x_wconf 81' lang='lat' dir='ltr'>absque</span> <span class='ocrx_word' id='word_1_529' title='bbox 1694 3666 1755 3722; x_wconf 82' lang='lat' dir='ltr'>ullo</span> <span class='ocrx_word' id='word_1_530' title='bbox 1774 3666 1909 3736; x_wconf 72' lang='lat' dir='ltr'>amputo</span> <span class='ocrx_word' id='word_1_531' title='bbox 1927 3682 1989 3721; x_wconf 85' lang='lat' dir='ltr'>esse</span> 
     </span>
     <span class='ocr_line' id='line_1_37' title="bbox 287 3749 1989 3823; baseline 0.001 -19"><span class='ocrx_word' id='word_1_532' title='bbox 287 3749 466 3805; x_wconf 87' lang='lat' dir='ltr'>comminatio</span> <span class='ocrx_word' id='word_1_533' title='bbox 494 3765 589 3803; x_wconf 85' lang='lat' dir='ltr'>omnes</span> <span class='ocrx_word' id='word_1_534' title='bbox 616 3749 726 3803; x_wconf 92' lang='lat' dir='ltr'>omnino</span> <span class='ocrx_word' id='word_1_535' title='bbox 745 3750 946 3819; x_wconf 88' lang='lat' dir='ltr'>complectens,</span> <span class='ocrx_word' id='word_1_536' title='bbox 973 3751 1040 3823; x_wconf 87' lang='lat' dir='ltr'>quid</span> <span class='ocrx_word' id='word_1_537' title='bbox 1060 3767 1125 3807; x_wconf 86' lang='lat' dir='ltr'>vero</span> <span class='ocrx_word' id='word_1_538' title='bbox 1152 3753 1349 3822; x_wconf 78' lang='lat' dir='ltr'>baptizandos,</span> <span class='ocrx_word' id='word_1_539' title='bbox 1376 3769 1410 3807; x_wconf 88' lang='lat' dir='ltr'>ne</span> <span class='ocrx_word' id='word_1_540' title='bbox 1442 3753 1499 3806; x_wconf 78' lang='lat' dir='ltr'>ista</span> <span class='ocrx_word' id='word_1_541' title='bbox 1525 3754 1681 3822; x_wconf 78' lang='lat' dir='ltr'>trepidatio</span> <span class='ocrx_word' id='word_1_542' title='bbox 1707 3769 1753 3807; x_wconf 85' lang='lat' dir='ltr'>eos</span> <span class='ocrx_word' id='word_1_543' title='bbox 1769 3753 1870 3821; x_wconf 84' lang='lat' dir='ltr'>saciat</span> <span class='ocrx_word' id='word_1_544' title='bbox 1892 3769 1989 3805; x_wconf 73' lang='lat' dir='ltr'>sana·</span> 
     </span>
     <span class='ocr_line' id='line_1_38' title="bbox 287 3834 1987 3911; baseline -0.001 -20"><span class='ocrx_word' id='word_1_545' title='bbox 287 3835 337 3892; x_wconf 87' lang='lat' dir='ltr'>fiet</span> <span class='ocrx_word' id='word_1_546' title='bbox 363 3835 399 3890; x_wconf 88' lang='lat' dir='ltr'>de</span> <span class='ocrx_word' id='word_1_547' title='bbox 424 3835 478 3906; x_wconf 87' lang='lat' dir='ltr'>piis</span> <span class='ocrx_word' id='word_1_548' title='bbox 505 3835 653 3907; x_wconf 90' lang='lat' dir='ltr'>impiorum</span> <span class='ocrx_word' id='word_1_549' title='bbox 680 3841 827 3907; x_wconf 85' lang='lat' dir='ltr'>parentum</span> <span class='ocrx_word' id='word_1_550' title='bbox 851 3834 966 3889; x_wconf 82' lang='lat' dir='ltr'>liberie?</span> <span class='ocrx_word' id='word_1_551' title='bbox 996 3841 1066 3906; x_wconf 88' lang='lat' dir='ltr'>puta</span> <span class='ocrx_word' id='word_1_552' title='bbox 1091 3837 1126 3892; x_wconf 92' lang='lat' dir='ltr'>de</span> <span class='ocrx_word' id='word_1_553' title='bbox 1151 3847 1306 3893; x_wconf 82' lang='lat' dir='ltr'>mentorum</span> <span class='ocrx_word' id='word_1_554' title='bbox 1331 3838 1506 3909; x_wconf 72' lang='lat' dir='ltr'>perpetiere</span> <span class='ocrx_word' id='word_1_555' title='bbox 1533 3838 1657 3911; x_wconf 79' lang='lat' dir='ltr'>privari.</span> <span class='ocrx_word' id='word_1_556' title='bbox 1705 3837 1858 3910; x_wconf 83' lang='lat' dir='ltr'>Gregorius</span> <span class='ocrx_word' id='word_1_557' title='bbox 1884 3838 1931 3893; x_wconf 85' lang='lat' dir='ltr'>lib.</span> <span class='ocrx_word' id='word_1_558' title='bbox 1962 3843 1987 3894; x_wconf 82' lang='lat'>3.</span> 
     </span>
     <span class='ocr_line' id='line_1_39' title="bbox 287 3920 1984 3997; baseline -0.001 -19"><span class='ocrx_word' id='word_1_559' title='bbox 287 3922 364 3978; x_wconf 85' lang='lat' dir='ltr'>Abia</span> <span class='ocrx_word' id='word_1_560' title='bbox 392 3920 565 3987; x_wconf 83' lang='lat' dir='ltr'>Jerobeami‚</span> <span class='ocrx_word' id='word_1_561' title='bbox 600 3922 696 3978; x_wconf 86' lang='lat' dir='ltr'>Hiecia</span> <span class='ocrx_word' id='word_1_562' title='bbox 720 3921 845 3992; x_wconf 86' lang='lat' dir='ltr'>Achabi,</span> <span class='ocrx_word' id='word_1_563' title='bbox 876 3922 956 3977; x_wconf 86' lang='lat' dir='ltr'>Jesia</span> <span class='ocrx_word' id='word_1_564' title='bbox 981 3923 1125 3979; x_wconf 87' lang='lat' dir='ltr'>Ammonis</span> <span class='ocrx_word' id='word_1_565' title='bbox 1151 3926 1231 3997; x_wconf 84' lang='lat' dir='ltr'>epist</span> <span class='ocrx_word' id='word_1_566' title='bbox 1251 3931 1275 3981; x_wconf 83' lang='lat' dir='ltr'>t.</span> <span class='ocrx_word' id='word_1_567' title='bbox 1302 3925 1338 3979; x_wconf 93' lang='lat' dir='ltr'>ad</span> <span class='ocrx_word' id='word_1_568' title='bbox 1356 3922 1984 3993; x_wconf 76' lang='lat' dir='ltr'>Bonifacethabetms.psrvu10sdista</span> 
     </span>
     <span class='ocr_line' id='line_1_40' title="bbox 288 4007 1989 4097; baseline -0.001 -32"><span class='ocrx_word' id='word_1_569' title='bbox 288 4010 347 4065; x_wconf 84' lang='lat' dir='ltr'>filio</span> <span class='ocrx_word' id='word_1_570' title='bbox 369 4016 422 4064; x_wconf 89' lang='lat' dir='ltr'>etc.</span> <span class='ocrx_word' id='word_1_571' title='bbox 468 4016 491 4065; x_wconf 81' lang='lat' dir='ltr'>l.</span> <span class='ocrx_word' id='word_1_572' title='bbox 509 4008 584 4081; x_wconf 80' lang='lat' dir='ltr'>Erga</span> <span class='ocrx_word' id='word_1_573' title='bbox 607 4014 639 4063; x_wconf 91' lang='lat' dir='ltr'>ut</span> <span class='ocrx_word' id='word_1_574' title='bbox 664 4008 841 4063; x_wconf 90' lang='lat' dir='ltr'>comminatio</span> <span class='ocrx_word' id='word_1_575' title='bbox 858 4007 920 4077; x_wconf 90' lang='lat' dir='ltr'>illa,</span> <span class='ocrx_word' id='word_1_576' title='bbox 945 4024 1017 4097; x_wconf 75' lang='lat' dir='ltr'>quae</span> <span class='ocrx_word' id='word_1_577' title='bbox 1036 4014 1126 4064; x_wconf 83' lang='lat' dir='ltr'>exstat</span> <span class='ocrx_word' id='word_1_578' title='bbox 1152 4010 1186 4065; x_wconf 92' lang='lat' dir='ltr'>de</span> <span class='ocrx_word' id='word_1_579' title='bbox 1212 4019 1375 4066; x_wconf 85' lang='lat' dir='ltr'>consecrat:</span> <span class='ocrx_word' id='word_1_580' title='bbox 1403 4010 1558 4080; x_wconf 78' lang='lat' dir='ltr'>Panmlos,</span> <span class='ocrx_word' id='word_1_581' title='bbox 1586 4010 1637 4079; x_wconf 76' lang='lat' dir='ltr'>pai</span> <span class='ocrx_word' id='word_1_582' title='bbox 1657 4009 1826 4080; x_wconf 78' lang='lat' dir='ltr'>parentibus</span> <span class='ocrx_word' id='word_1_583' title='bbox 1852 4009 1989 4063; x_wconf 84' lang='lat' dir='ltr'>subtracti</span> 
     </span>
     <span class='ocr_line' id='line_1_41' title="bbox 287 4094 1987 4169; baseline -0.002 -18"><span class='ocrx_word' id='word_1_584' title='bbox 287 4095 376 4152; x_wconf 85' lang='lat' dir='ltr'>Exod.</span> <span class='ocrx_word' id='word_1_585' title='bbox 399 4100 446 4164; x_wconf 79' lang='lat'>20,</span> <span class='ocrx_word' id='word_1_586' title='bbox 470 4112 496 4148; x_wconf 86' lang='lat' dir='ltr'>v.</span> <span class='ocrx_word' id='word_1_587' title='bbox 516 4102 544 4150; x_wconf 82' lang='lat'>5:</span> <span class='ocrx_word' id='word_1_588' title='bbox 575 4095 701 4149; x_wconf 81' lang='lat' dir='ltr'>Visitalm</span> <span class='ocrx_word' id='word_1_589' title='bbox 730 4094 908 4163; x_wconf 77' lang='lat' dir='ltr'>iniquitatem</span> <span class='ocrx_word' id='word_1_590' title='bbox 926 4103 1079 4164; x_wconf 82' lang='lat' dir='ltr'>parentum</span> <span class='ocrx_word' id='word_1_591' title='bbox 1096 4096 1125 4149; x_wconf 81' lang='lat' dir='ltr'>in</span> <span class='ocrx_word' id='word_1_592' title='bbox 1151 4106 1216 4151; x_wconf 84' lang='lat' dir='ltr'>sunt</span> <span class='ocrx_word' id='word_1_593' title='bbox 1233 4106 1267 4168; x_wconf 85' lang='lat' dir='ltr'>et,</span> <span class='ocrx_word' id='word_1_594' title='bbox 1286 4115 1325 4151; x_wconf 88' lang='lat' dir='ltr'>an</span> <span class='ocrx_word' id='word_1_595' title='bbox 1343 4098 1478 4169; x_wconf 77' lang='lat' dir='ltr'>baptisati</span> <span class='ocrx_word' id='word_1_596' title='bbox 1495 4099 1559 4166; x_wconf 85' lang='lat' dir='ltr'>sint,</span> <span class='ocrx_word' id='word_1_597' title='bbox 1578 4098 1718 4165; x_wconf 69' lang='lat' dir='ltr'>ianoe-ant,</span> <span class='ocrx_word' id='word_1_598' title='bbox 1736 4095 1786 4147; x_wconf 76' lang='lat' dir='ltr'>lios</span> <span class='ocrx_word' id='word_1_599' title='bbox 1804 4094 1987 4164; x_wconf 71' lang='lat' dir='ltr'>rebaptizare</span> 
     </span>
     <span class='ocr_line' id='line_1_42' title="bbox 288 4182 1987 4254; baseline -0.001 -16"><span class='ocrx_word' id='word_1_600' title='bbox 288 4183 386 4238; x_wconf 79' lang='lat' dir='ltr'>liberie</span> <span class='ocrx_word' id='word_1_601' title='bbox 405 4183 434 4236; x_wconf 86' lang='lat' dir='ltr'>in</span> <span class='ocrx_word' id='word_1_602' title='bbox 453 4183 566 4236; x_wconf 88' lang='lat' dir='ltr'>tertiam</span> <span class='ocrx_word' id='word_1_603' title='bbox 583 4189 607 4235; x_wconf 87' lang='lat' dir='ltr'>at</span> <span class='ocrx_word' id='word_1_604' title='bbox 626 4188 757 4251; x_wconf 73' lang='lat' dir='ltr'>assartum</span> <span class='ocrx_word' id='word_1_605' title='bbox 774 4182 995 4249; x_wconf 64' lang='lat' dir='ltr'>uenerationem,</span> <span class='ocrx_word' id='word_1_606' title='bbox 1019 4182 1124 4253; x_wconf 91' lang='lat' dir='ltr'>duplici</span> <span class='ocrx_word' id='word_1_607' title='bbox 1152 4185 1255 4238; x_wconf 80' lang='lat' dir='ltr'>debeas</span> <span class='ocrx_word' id='word_1_608' title='bbox 1274 4187 1425 4238; x_wconf 85' lang='lat' dir='ltr'>secundam</span> <span class='ocrx_word' id='word_1_609' title='bbox 1441 4192 1560 4254; x_wconf 86' lang='lat' dir='ltr'>patrum</span> <span class='ocrx_word' id='word_1_610' title='bbox 1574 4182 1764 4248; x_wconf 78' lang='lat' dir='ltr'>traditionem,</span> <span class='ocrx_word' id='word_1_611' title='bbox 1781 4182 1808 4234; x_wconf 89' lang='lat' dir='ltr'>si</span> <span class='ocrx_word' id='word_1_612' title='bbox 1820 4182 1987 4248; x_wconf 75' lang='lat' dir='ltr'>confuerit,</span> 
     </span>
     <span class='ocr_line' id='line_1_43' title="bbox 289 4266 1987 4340; baseline -0.002 -13"><span class='ocrx_word' id='word_1_613' title='bbox 289 4268 449 4327; x_wconf 89' lang='lat' dir='ltr'>conditione</span> <span class='ocrx_word' id='word_1_614' title='bbox 474 4268 637 4339; x_wconf 86' lang='lat' dir='ltr'>accipienda</span> <span class='ocrx_word' id='word_1_615' title='bbox 661 4271 716 4337; x_wconf 90' lang='lat' dir='ltr'>eet,</span> <span class='ocrx_word' id='word_1_616' title='bbox 741 4266 975 4338; x_wconf 88' lang='lat' dir='ltr'>primoquidem,</span> <span class='ocrx_word' id='word_1_617' title='bbox 1002 4268 1024 4321; x_wconf 90' lang='lat' dir='ltr'>si</span> <span class='ocrx_word' id='word_1_618' title='bbox 1045 4268 1125 4323; x_wconf 88' lang='lat' dir='ltr'>liberi</span> <span class='ocrx_word' id='word_1_619' title='bbox 1151 4270 1203 4339; x_wconf 74' lang='lat' dir='ltr'>aui</span> <span class='ocrx_word' id='word_1_620' title='bbox 1228 4272 1402 4338; x_wconf 77' lang='lat' dir='ltr'>testificetur,</span> <span class='ocrx_word' id='word_1_621' title='bbox 1428 4271 1503 4325; x_wconf 83' lang='lat' dir='ltr'>ratio</span> <span class='ocrx_word' id='word_1_622' title='bbox 1520 4270 1623 4340; x_wconf 82' lang='lat' dir='ltr'>poscit.</span> <span class='ocrx_word' id='word_1_623' title='bbox 1659 4267 1718 4323; x_wconf 93' lang='lat' dir='ltr'>Leo</span> <span class='ocrx_word' id='word_1_624' title='bbox 1743 4266 1823 4338; x_wconf 90' lang='lat' dir='ltr'>epist.</span> <span class='ocrx_word' id='word_1_625' title='bbox 1844 4272 1891 4323; x_wconf 85' lang='lat'>³5:</span> <span class='ocrx_word' id='word_1_626' title='bbox 1921 4270 1987 4323; x_wconf 87' lang='lat' dir='ltr'>Non</span> 
     </span>
     <span class='ocr_line' id='line_1_44' title="bbox 289 4352 1985 4427; baseline -0.002 -14"><span class='ocrx_word' id='word_1_627' title='bbox 289 4356 420 4413; x_wconf 87' lang='lat' dir='ltr'>insistant</span> <span class='ocrx_word' id='word_1_628' title='bbox 441 4354 493 4409; x_wconf 84' lang='lat' dir='ltr'>riis</span> <span class='ocrx_word' id='word_1_629' title='bbox 519 4359 682 4427; x_wconf 84' lang='lat' dir='ltr'>parentum,</span> <span class='ocrx_word' id='word_1_630' title='bbox 709 4353 830 4409; x_wconf 90' lang='lat' dir='ltr'>seeundo</span> <span class='ocrx_word' id='word_1_631' title='bbox 857 4370 921 4407; x_wconf 89' lang='lat' dir='ltr'>cnm</span> <span class='ocrx_word' id='word_1_632' title='bbox 948 4352 1125 4409; x_wconf 89' lang='lat' dir='ltr'>distinctione</span> <span class='ocrx_word' id='word_1_633' title='bbox 1150 4364 1243 4426; x_wconf 86' lang='lat' dir='ltr'>potest</span> <span class='ocrx_word' id='word_1_634' title='bbox 1266 4358 1295 4411; x_wconf 91' lang='lat' dir='ltr'>in</span> <span class='ocrx_word' id='word_1_635' title='bbox 1319 4357 1477 4414; x_wconf 85' lang='lat' dir='ltr'>iterationis</span> <span class='ocrx_word' id='word_1_636' title='bbox 1502 4357 1607 4410; x_wconf 83' lang='lat' dir='ltr'>crimen</span> <span class='ocrx_word' id='word_1_637' title='bbox 1631 4355 1738 4417; x_wconf 81' lang='lat' dir='ltr'>uenire,</span> <span class='ocrx_word' id='word_1_638' title='bbox 1768 4356 1845 4424; x_wconf 74' lang='lat' dir='ltr'>quod</span> <span class='ocrx_word' id='word_1_639' title='bbox 1874 4354 1985 4410; x_wconf 87' lang='lat' dir='ltr'>omnino</span> 
     </span>
     <span class='ocr_line' id='line_1_45' title="bbox 289 4440 1984 4513; baseline -0.002 -14"><span class='ocrx_word' id='word_1_640' title='bbox 289 4444 362 4499; x_wconf 89' lang='lat' dir='ltr'>inter</span> <span class='ocrx_word' id='word_1_641' title='bbox 390 4457 495 4513; x_wconf 85' lang='lat' dir='ltr'>paenas</span> <span class='ocrx_word' id='word_1_642' title='bbox 524 4441 692 4512; x_wconf 85' lang='lat' dir='ltr'>temporales</span> <span class='ocrx_word' id='word_1_643' title='bbox 722 4446 751 4496; x_wconf 92' lang='lat' dir='ltr'>et</span> <span class='ocrx_word' id='word_1_644' title='bbox 777 4446 920 4509; x_wconf 78' lang='lat' dir='ltr'>aetemas3</span> <span class='ocrx_word' id='word_1_645' title='bbox 949 4440 990 4495; x_wconf 85' lang='lat' dir='ltr'>its</span> <span class='ocrx_word' id='word_1_646' title='bbox 1015 4458 1125 4512; x_wconf 87' lang='lat' dir='ltr'>quoque</span> <span class='ocrx_word' id='word_1_647' title='bbox 1150 4445 1259 4508; x_wconf 76' lang='lat' dir='ltr'>sactum</span> <span class='ocrx_word' id='word_1_648' title='bbox 1284 4460 1343 4498; x_wconf 85' lang='lat' dir='ltr'>csse</span> <span class='ocrx_word' id='word_1_649' title='bbox 1358 4444 1498 4513; x_wconf 66' lang='lat' dir='ltr'>amciter,</span> <span class='ocrx_word' id='word_1_650' title='bbox 1524 4451 1607 4513; x_wconf 76' lang='lat' dir='ltr'>atque</span> <span class='ocrx_word' id='word_1_651' title='bbox 1625 4442 1690 4495; x_wconf 83' lang='lat' dir='ltr'>ideo</span> <span class='ocrx_word' id='word_1_652' title='bbox 1710 4440 1816 4511; x_wconf 77' lang='lat' dir='ltr'>quoties</span> <span class='ocrx_word' id='word_1_653' title='bbox 1835 4440 1903 4494; x_wconf 82' lang='lat' dir='ltr'>talis</span> <span class='ocrx_word' id='word_1_654' title='bbox 1917 4458 1984 4512; x_wconf 86' lang='lat' dir='ltr'>per-</span> 
     </span>
     <span class='ocr_line' id='line_1_46' title="bbox 289 4526 1984 4599; baseline -0.002 -14"><span class='ocrx_word' id='word_1_655' title='bbox 289 4530 387 4586; x_wconf 88' lang='lat' dir='ltr'>iisdem</span> <span class='ocrx_word' id='word_1_656' title='bbox 412 4528 617 4584; x_wconf 90' lang='lat' dir='ltr'>conditionibus</span> <span class='ocrx_word' id='word_1_657' title='bbox 646 4527 823 4584; x_wconf 85' lang='lat' dir='ltr'>comminutio</span> <span class='ocrx_word' id='word_1_658' title='bbox 852 4528 881 4582; x_wconf 91' lang='lat' dir='ltr'>in</span> <span class='ocrx_word' id='word_1_659' title='bbox 907 4526 1123 4583; x_wconf 86' lang='lat' dir='ltr'>Deuteronomio</span> <span class='ocrx_word' id='word_1_660' title='bbox 1151 4547 1221 4583; x_wconf 90' lang='lat' dir='ltr'>sana</span> <span class='ocrx_word' id='word_1_661' title='bbox 1237 4530 1378 4599; x_wconf 82' lang='lat' dir='ltr'>inciderit,</span> <span class='ocrx_word' id='word_1_662' title='bbox 1398 4529 1661 4599; x_wconf 66' lang='lat' dir='ltr'>sollicitarer-imum</span> <span class='ocrx_word' id='word_1_663' title='bbox 1673 4527 1879 4581; x_wconf 73' lang='lat' dir='ltr'>examinatione</span> <span class='ocrx_word' id='word_1_664' title='bbox 1893 4527 1984 4581; x_wconf 78' lang='lat' dir='ltr'>diecu-</span> 
     </span>
     <span class='ocr_line' id='line_1_47' title="bbox 289 4612 1985 4689; baseline -0.003 -17"><span class='ocrx_word' id='word_1_665' title='bbox 289 4615 452 4687; x_wconf 88' lang='lat' dir='ltr'>accipienda</span> <span class='ocrx_word' id='word_1_666' title='bbox 470 4617 534 4685; x_wconf 89' lang='lat' dir='ltr'>erit,</span> <span class='ocrx_word' id='word_1_667' title='bbox 559 4615 635 4689; x_wconf 92' lang='lat' dir='ltr'>quod</span> <span class='ocrx_word' id='word_1_668' title='bbox 653 4615 758 4671; x_wconf 89' lang='lat' dir='ltr'>scilicet</span> <span class='ocrx_word' id='word_1_669' title='bbox 775 4615 846 4670; x_wconf 87' lang='lat' dir='ltr'>tales</span> <span class='ocrx_word' id='word_1_670' title='bbox 867 4614 948 4671; x_wconf 87' lang='lat' dir='ltr'>liberi</span> <span class='ocrx_word' id='word_1_671' title='bbox 966 4614 1053 4669; x_wconf 88' lang='lat' dir='ltr'>futuri</span> <span class='ocrx_word' id='word_1_672' title='bbox 1070 4614 1126 4670; x_wconf 89' lang='lat' dir='ltr'>sint</span> <span class='ocrx_word' id='word_1_673' title='bbox 1152 4616 1221 4669; x_wconf 82' lang='lat' dir='ltr'>titur</span> <span class='ocrx_word' id='word_1_674' title='bbox 1247 4624 1273 4670; x_wconf 87' lang='lat' dir='ltr'>el</span> <span class='ocrx_word' id='word_1_675' title='bbox 1299 4617 1383 4686; x_wconf 81' lang='lat' dir='ltr'>lonpo</span> <span class='ocrx_word' id='word_1_676' title='bbox 1409 4624 1534 4684; x_wconf 83' lang='lat' dir='ltr'>tempore</span> <span class='ocrx_word' id='word_1_677' title='bbox 1561 4615 1637 4683; x_wconf 87' lang='lat' dir='ltr'>(nisi</span> <span class='ocrx_word' id='word_1_678' title='bbox 1657 4617 1734 4678; x_wconf 83' lang='lat' dir='ltr'>forte</span> <span class='ocrx_word' id='word_1_679' title='bbox 1757 4631 1904 4683; x_wconf 80' lang='lat' dir='ltr'>supremae</span> <span class='ocrx_word' id='word_1_680' title='bbox 1920 4612 1985 4679; x_wconf 72' lang='lat' dir='ltr'>finis</span> 
     </span>
     <span class='ocr_line' id='line_1_48' title="bbox 290 4699 1988 4774; baseline -0.004 -15"><span class='ocrx_word' id='word_1_681' title='bbox 290 4703 411 4767; x_wconf 78' lang='lat' dir='ltr'>steriles,</span> <span class='ocrx_word' id='word_1_682' title='bbox 435 4702 509 4774; x_wconf 89' lang='lat' dir='ltr'>quod</span> <span class='ocrx_word' id='word_1_683' title='bbox 535 4701 565 4755; x_wconf 91' lang='lat' dir='ltr'>in</span> <span class='ocrx_word' id='word_1_684' title='bbox 582 4702 686 4774; x_wconf 88' lang='lat' dir='ltr'>populo</span> <span class='ocrx_word' id='word_1_685' title='bbox 703 4700 857 4755; x_wconf 79' lang='lat' dir='ltr'>Israiilitico</span> <span class='ocrx_word' id='word_1_686' title='bbox 877 4701 1078 4757; x_wconf 83' lang='lat' dir='ltr'>maledictionis</span> <span class='ocrx_word' id='word_1_687' title='bbox 1097 4707 1126 4757; x_wconf 89' lang='lat' dir='ltr'>et</span> <span class='ocrx_word' id='word_1_688' title='bbox 1152 4702 1313 4771; x_wconf 80' lang='lat' dir='ltr'>immineat)</span> <span class='ocrx_word' id='word_1_689' title='bbox 1339 4702 1506 4770; x_wconf 66' lang='lat' dir='ltr'>induentur,</span> <span class='ocrx_word' id='word_1_690' title='bbox 1527 4708 1621 4755; x_wconf 70' lang='lat' dir='ltr'>aarum</span> <span class='ocrx_word' id='word_1_691' title='bbox 1640 4717 1720 4753; x_wconf 87' lang='lat' dir='ltr'>nemo</span> <span class='ocrx_word' id='word_1_692' title='bbox 1736 4701 1851 4770; x_wconf 79' lang='lat' dir='ltr'>penitus</span> <span class='ocrx_word' id='word_1_693' title='bbox 1868 4700 1918 4765; x_wconf 83' lang='lat' dir='ltr'>sit,</span> <span class='ocrx_word' id='word_1_694' title='bbox 1938 4699 1988 4768; x_wconf 77' lang='lat' dir='ltr'>qui</span> 
     </span>
     <span class='ocr_line' id='line_1_49' title="bbox 290 4786 1987 4862; baseline -0.004 -16"><span class='ocrx_word' id='word_1_695' title='bbox 290 4788 431 4862; x_wconf 88' lang='lat' dir='ltr'>opprobrii</span> <span class='ocrx_word' id='word_1_696' title='bbox 458 4789 518 4844; x_wconf 93' lang='lat' dir='ltr'>loco</span> <span class='ocrx_word' id='word_1_697' title='bbox 549 4787 742 4856; x_wconf 88' lang='lat' dir='ltr'>habebuntur,</span> <span class='ocrx_word' id='word_1_698' title='bbox 771 4786 815 4842; x_wconf 87' lang='lat' dir='ltr'>vel</span> <span class='ocrx_word' id='word_1_699' title='bbox 845 4788 920 4860; x_wconf 92' lang='lat' dir='ltr'>quod</span> <span class='ocrx_word' id='word_1_700' title='bbox 946 4788 1014 4843; x_wconf 85' lang='lat' dir='ltr'>alins</span> <span class='ocrx_word' id='word_1_701' title='bbox 1040 4788 1125 4845; x_wconf 85' lang='lat' dir='ltr'>vitam</span> <span class='ocrx_word' id='word_1_702' title='bbox 1152 4790 1307 4844; x_wconf 84' lang='lat' dir='ltr'>testimonio</span> <span class='ocrx_word' id='word_1_703' title='bbox 1331 4807 1382 4842; x_wconf 85' lang='lat' dir='ltr'>sao</span> <span class='ocrx_word' id='word_1_704' title='bbox 1400 4790 1506 4858; x_wconf 82' lang='lat' dir='ltr'>jurare</span> <span class='ocrx_word' id='word_1_705' title='bbox 1522 4789 1616 4858; x_wconf 81' lang='lat' dir='ltr'>possit</span> <span class='ocrx_word' id='word_1_706' title='bbox 1636 4787 1828 4855; x_wconf 80' lang='lat' dir='ltr'>ipnorants&#39;arn</span> <span class='ocrx_word' id='word_1_707' title='bbox 1846 4786 1987 4840; x_wconf 83' lang='lat' dir='ltr'>nascentis</span> 
     </span>
     <span class='ocr_line' id='line_1_50' title="bbox 290 4872 1986 4943; baseline -0.004 -10"><span class='ocrx_word' id='word_1_708' title='bbox 290 4892 481 4933; x_wconf 86' lang='lat' dir='ltr'>aerumnosam</span> <span class='ocrx_word' id='word_1_709' title='bbox 500 4882 528 4931; x_wconf 89' lang='lat' dir='ltr'>et</span> <span class='ocrx_word' id='word_1_710' title='bbox 544 4873 683 4931; x_wconf 83' lang='lat' dir='ltr'>infelicem</span> <span class='ocrx_word' id='word_1_711' title='bbox 700 4874 756 4928; x_wconf 91' lang='lat' dir='ltr'>sint</span> <span class='ocrx_word' id='word_1_712' title='bbox 775 4873 871 4930; x_wconf 87' lang='lat' dir='ltr'>acturi.</span> <span class='ocrx_word' id='word_1_713' title='bbox 1151 4883 1178 4931; x_wconf 86' lang='lat' dir='ltr'>et</span> <span class='ocrx_word' id='word_1_714' title='bbox 1197 4894 1259 4930; x_wconf 86' lang='lat' dir='ltr'>aum</span> <span class='ocrx_word' id='word_1_715' title='bbox 1277 4875 1439 4943; x_wconf 66' lang='lat' dir='ltr'>tentaterit,</span> <span class='ocrx_word' id='word_1_716' title='bbox 1457 4874 1538 4943; x_wconf 80' lang='lat' dir='ltr'>tunc,</span> <span class='ocrx_word' id='word_1_717' title='bbox 1555 4873 1607 4942; x_wconf 77' lang='lat' dir='ltr'>qui</span> <span class='ocrx_word' id='word_1_718' title='bbox 1625 4872 1801 4942; x_wconf 82' lang='lat' dir='ltr'>baptismatis</span> <span class='ocrx_word' id='word_1_719' title='bbox 1820 4872 1927 4940; x_wconf 78' lang='lat' dir='ltr'>indipet</span> <span class='ocrx_word' id='word_1_720' title='bbox 1941 4890 1986 4927; x_wconf 86' lang='lat' dir='ltr'>sa-</span> 
     </span>
    </p>

    <p class='ocr_par' dir='ltr' id='par_1_11' title="bbox 242 4957 1985 5030">
     <span class='ocr_line' id='line_1_51' title="bbox 242 4957 1985 5030; baseline -0.003 -13"><span class='ocrx_word' id='word_1_721' title='bbox 242 4982 262 5024; x_wconf 69' lang='grc' dir='ltr'>ιιι</span> <span class='ocrx_word' id='word_1_722' title='bbox 326 4970 383 5020; x_wconf 78' lang='lat'>208.</span> <span class='ocrx_word' id='word_1_723' title='bbox 421 4967 448 5015; x_wconf 74' lang='lat'>3.</span> <span class='ocrx_word' id='word_1_724' title='bbox 480 4962 562 5025; x_wconf 77' lang='lat' dir='ltr'>Qstod</span> <span class='ocrx_word' id='word_1_725' title='bbox 594 4963 629 5016; x_wconf 85' lang='lat' dir='ltr'>de</span> <span class='ocrx_word' id='word_1_726' title='bbox 660 4961 758 5017; x_wconf 79' lang='lat' dir='ltr'>liberis</span> <span class='ocrx_word' id='word_1_727' title='bbox 791 4961 987 5015; x_wconf 64' lang='lat' dir='ltr'>contererem</span> <span class='ocrx_word' id='word_1_728' title='bbox 1021 4963 1125 5016; x_wconf 81' lang='lat' dir='ltr'>dicitur</span> <span class='ocrx_word' id='word_1_729' title='bbox 1151 4970 1310 5030; x_wconf 84' lang='lat' dir='ltr'>crarntnto,</span> <span class='ocrx_word' id='word_1_730' title='bbox 1331 4961 1393 5016; x_wconf 87' lang='lat' dir='ltr'>sola</span> <span class='ocrx_word' id='word_1_731' title='bbox 1412 4960 1535 5014; x_wconf 83' lang='lat' dir='ltr'>inaniter</span> <span class='ocrx_word' id='word_1_732' title='bbox 1553 4958 1711 5028; x_wconf 78' lang='lat' dir='ltr'>suspicione</span> <span class='ocrx_word' id='word_1_733' title='bbox 1723 4957 1886 5028; x_wconf 77' lang='lat' dir='ltr'>prohiberi,</span> <span class='ocrx_word' id='word_1_734' title='bbox 1909 4973 1985 5012; x_wconf 85' lang='lat' dir='ltr'>aoce-</span> 
     </span>
    </p>

    <p class='ocr_par' dir='ltr' id='par_1_12' title="bbox 242 5035 1987 5127">
     <span class='ocr_line' id='line_1_52' title="bbox 242 5035 1987 5127; baseline -0.005 -20"><span class='ocrx_word' id='word_1_735' title='bbox 242 5035 260 5127; x_wconf 49' lang='grc' dir='ltr'>ζ’</span> <span class='ocrx_word' id='word_1_736' title='bbox 291 5050 414 5121; x_wconf 81' lang='lat' dir='ltr'>Sapient.</span> <span class='ocrx_word' id='word_1_737' title='bbox 433 5054 457 5114; x_wconf 83' lang='lat'>3,</span> <span class='ocrx_word' id='word_1_738' title='bbox 476 5066 502 5105; x_wconf 81' lang='grc' dir='ltr'>ν.</span> <span class='ocrx_word' id='word_1_739' title='bbox 525 5054 568 5104; x_wconf 80' lang='lat' dir='ltr'>lo:</span> <span class='ocrx_word' id='word_1_740' title='bbox 588 5047 624 5102; x_wconf 79' lang='lat' dir='ltr'>si</span> <span class='ocrx_word' id='word_1_741' title='bbox 640 5047 758 5103; x_wconf 83' lang='lat' dir='ltr'>celerius</span> <span class='ocrx_word' id='word_1_742' title='bbox 777 5048 906 5113; x_wconf 83' lang='lat' dir='ltr'>defuncti</span> <span class='ocrx_word' id='word_1_743' title='bbox 921 5048 1043 5112; x_wconf 80' lang='lat' dir='ltr'>suerint,</span> <span class='ocrx_word' id='word_1_744' title='bbox 1069 5067 1125 5103; x_wconf 91' lang='lat' dir='ltr'>non</span> <span class='ocrx_word' id='word_1_745' title='bbox 1152 5052 1204 5103; x_wconf 81' lang='lat' dir='ltr'>dat</span> <span class='ocrx_word' id='word_1_746' title='bbox 1221 5048 1380 5118; x_wconf 79' lang='lat' dir='ltr'>intrepidus</span> <span class='ocrx_word' id='word_1_747' title='bbox 1398 5050 1439 5101; x_wconf 84' lang='lat' dir='ltr'>ad</span> <span class='ocrx_word' id='word_1_748' title='bbox 1456 5047 1679 5115; x_wconf 70' lang='lat' dir='ltr'>consequendam</span> <span class='ocrx_word' id='word_1_749' title='bbox 1696 5044 1834 5115; x_wconf 70' lang='lat' dir='ltr'>qratiam,</span> <span class='ocrx_word' id='word_1_750' title='bbox 1857 5044 1938 5113; x_wconf 83' lang='lat' dir='ltr'>cujus</span> <span class='ocrx_word' id='word_1_751' title='bbox 1957 5045 1987 5099; x_wconf 86' lang='lat' dir='ltr'>in</span> 
     </span>
    </p>

    <p class='ocr_par' dir='ltr' id='par_1_13' title="bbox 242 5131 1986 5206">
     <span class='ocr_line' id='line_1_53' title="bbox 242 5131 1986 5206; baseline -0.003 -14"><span class='ocrx_word' id='word_1_752' title='bbox 242 5137 276 5179; x_wconf 66' lang='grc' dir='ltr'>Μ·</span> <span class='ocrx_word' id='word_1_753' title='bbox 290 5138 427 5192; x_wconf 77' lang='lat' dir='ltr'>habebunt</span> <span class='ocrx_word' id='word_1_754' title='bbox 450 5152 541 5206; x_wconf 81' lang='lat' dir='ltr'>spem,</span> <span class='ocrx_word' id='word_1_755' title='bbox 567 5152 617 5189; x_wconf 88' lang='lat' dir='ltr'>nec</span> <span class='ocrx_word' id='word_1_756' title='bbox 646 5136 675 5189; x_wconf 85' lang='lat' dir='ltr'>in</span> <span class='ocrx_word' id='word_1_757' title='bbox 697 5136 745 5189; x_wconf 84' lang='lat' dir='ltr'>die</span> <span class='ocrx_word' id='word_1_758' title='bbox 770 5133 939 5204; x_wconf 75' lang='lat' dir='ltr'>capnitionis</span> <span class='ocrx_word' id='word_1_759' title='bbox 958 5135 1124 5189; x_wconf 81' lang='lat' dir='ltr'>consolatio·</span> <span class='ocrx_word' id='word_1_760' title='bbox 1151 5152 1180 5189; x_wconf 86' lang='lat' dir='ltr'>se</span> <span class='ocrx_word' id='word_1_761' title='bbox 1206 5135 1315 5190; x_wconf 86' lang='lat' dir='ltr'>nullum</span> <span class='ocrx_word' id='word_1_762' title='bbox 1342 5134 1395 5187; x_wconf 81' lang='lat' dir='ltr'>ecit</span> <span class='ocrx_word' id='word_1_763' title='bbox 1422 5150 1480 5187; x_wconf 86' lang='lat' dir='ltr'>esse</span> <span class='ocrx_word' id='word_1_764' title='bbox 1503 5132 1663 5200; x_wconf 80' lang='lat' dir='ltr'>vestipium,</span> <span class='ocrx_word' id='word_1_765' title='bbox 1691 5146 1741 5183; x_wconf 88' lang='lat' dir='ltr'>nee</span> <span class='ocrx_word' id='word_1_766' title='bbox 1759 5147 1905 5184; x_wconf 68' lang='lat' dir='ltr'>roeeamur</span> <span class='ocrx_word' id='word_1_767' title='bbox 1922 5131 1986 5186; x_wconf 80' lang='lat' dir='ltr'>huic</span> 
     </span>
    </p>

    <p class='ocr_par' dir='ltr' id='par_1_14' title="bbox 242 5219 1986 5293">
     <span class='ocr_line' id='line_1_54' title="bbox 242 5219 1986 5293; baseline -0.002 -16"><span class='ocrx_word' id='word_1_768' title='bbox 242 5253 266 5283; x_wconf 80' lang='lat' dir='ltr'>e·</span> <span class='ocrx_word' id='word_1_769' title='bbox 289 5240 371 5293; x_wconf 88' lang='lat' dir='ltr'>nem;</span> <span class='ocrx_word' id='word_1_770' title='bbox 394 5240 419 5276; x_wconf 87' lang='lat' dir='ltr'>v.</span> <span class='ocrx_word' id='word_1_771' title='bbox 441 5228 484 5279; x_wconf 80' lang='lat' dir='ltr'>te:</span> <span class='ocrx_word' id='word_1_772' title='bbox 509 5222 632 5276; x_wconf 85' lang='lat' dir='ltr'>nationis</span> <span class='ocrx_word' id='word_1_773' title='bbox 650 5221 722 5275; x_wconf 89' lang='lat' dir='ltr'>enim</span> <span class='ocrx_word' id='word_1_774' title='bbox 746 5221 860 5291; x_wconf 76' lang='lat' dir='ltr'>iniquae</span> <span class='ocrx_word' id='word_1_775' title='bbox 876 5221 959 5276; x_wconf 80' lang='lat' dir='ltr'>dirae</span> <span class='ocrx_word' id='word_1_776' title='bbox 975 5229 1040 5275; x_wconf 88' lang='lat' dir='ltr'>sant</span> <span class='ocrx_word' id='word_1_777' title='bbox 1060 5240 1123 5276; x_wconf 87' lang='lat' dir='ltr'>can·</span> <span class='ocrx_word' id='word_1_778' title='bbox 1151 5222 1253 5276; x_wconf 82' lang='lat' dir='ltr'>salutis</span> <span class='ocrx_word' id='word_1_779' title='bbox 1271 5222 1394 5290; x_wconf 82' lang='lat' dir='ltr'>januam</span> <span class='ocrx_word' id='word_1_780' title='bbox 1412 5219 1540 5289; x_wconf 85' lang='lat' dir='ltr'>aperire,</span> <span class='ocrx_word' id='word_1_781' title='bbox 1564 5235 1648 5289; x_wconf 67' lang='lat' dir='ltr'>auam</span> <span class='ocrx_word' id='word_1_782' title='bbox 1664 5234 1805 5287; x_wconf 80' lang='lat' dir='ltr'>nunquam</span> <span class='ocrx_word' id='word_1_783' title='bbox 1824 5225 1888 5271; x_wconf 87' lang='lat' dir='ltr'>ante</span> <span class='ocrx_word' id='word_1_784' title='bbox 1907 5219 1986 5273; x_wconf 85' lang='lat' dir='ltr'>alace-</span> 
     </span>
    </p>

    <p class='ocr_par' dir='ltr' id='par_1_15' title="bbox 243 5301 2089 5728">
     <span class='ocr_line' id='line_1_55' title="bbox 243 5301 1985 5378; baseline -0.005 -12"><span class='ocrx_word' id='word_1_785' title='bbox 243 5304 276 5336; x_wconf 78' lang='lat'>⁸¹&#39;</span> <span class='ocrx_word' id='word_1_786' title='bbox 289 5312 495 5366; x_wconf 77' lang='lat' dir='ltr'>commotiones.</span> <span class='ocrx_word' id='word_1_787' title='bbox 538 5311 618 5377; x_wconf 79' lang='lat' dir='ltr'>Erpa</span> <span class='ocrx_word' id='word_1_788' title='bbox 633 5311 834 5377; x_wconf 81' lang='lat' dir='ltr'>frustraneum</span> <span class='ocrx_word' id='word_1_789' title='bbox 850 5308 946 5375; x_wconf 82' lang='lat' dir='ltr'>faerit</span> <span class='ocrx_word' id='word_1_790' title='bbox 968 5324 1015 5361; x_wconf 84' lang='lat' dir='ltr'>eoa</span> <span class='ocrx_word' id='word_1_791' title='bbox 1037 5309 1124 5378; x_wconf 82' lang='lat' dir='ltr'>bapti·</span> <span class='ocrx_word' id='word_1_792' title='bbox 1151 5316 1196 5362; x_wconf 84' lang='lat' dir='ltr'>tur</span> <span class='ocrx_word' id='word_1_793' title='bbox 1214 5307 1365 5376; x_wconf 75' lang='lat' dir='ltr'>inpressas.</span> <span class='ocrx_word' id='word_1_794' title='bbox 1400 5303 1575 5360; x_wconf 87' lang='lat' dir='ltr'>Lombardua</span> <span class='ocrx_word' id='word_1_795' title='bbox 1586 5303 1634 5360; x_wconf 86' lang='lat' dir='ltr'>lib.</span> <span class='ocrx_word' id='word_1_796' title='bbox 1647 5309 1671 5358; x_wconf 83' lang='lat' dir='ltr'>t.</span> <span class='ocrx_word' id='word_1_797' title='bbox 1684 5308 1753 5358; x_wconf 87' lang='lat' dir='ltr'>sent.</span> <span class='ocrx_word' id='word_1_798' title='bbox 1766 5301 1830 5359; x_wconf 88' lang='lat' dir='ltr'>dist.</span> <span class='ocrx_word' id='word_1_799' title='bbox 1842 5307 1866 5359; x_wconf 82' lang='lat'>6.</span> <span class='ocrx_word' id='word_1_800' title='bbox 1877 5309 1942 5359; x_wconf 83' lang='lat' dir='ltr'>sect.</span> <span class='ocrx_word' id='word_1_801' title='bbox 1956 5310 1985 5360; x_wconf 84' lang='lat' dir='ltr'>t:</span> 
     </span>
     <span class='ocr_line' id='line_1_56' title="bbox 288 5376 1984 5468; baseline -0.005 -16"><span class='ocrx_word' id='word_1_802' title='bbox 288 5414 362 5455; x_wconf 78' lang='lat' dir='ltr'>tare.</span> <span class='ocrx_word' id='word_1_803' title='bbox 397 5395 621 5468; x_wconf 90' lang='lat' dir='ltr'>Respondemus:</span> <span class='ocrx_word' id='word_1_804' title='bbox 646 5399 665 5448; x_wconf 85' lang='lat'>1.</span> <span class='ocrx_word' id='word_1_805' title='bbox 684 5393 770 5448; x_wconf 91' lang='lat' dir='ltr'>Liber</span> <span class='ocrx_word' id='word_1_806' title='bbox 788 5392 946 5464; x_wconf 85' lang='lat' dir='ltr'>Sapientiae</span> <span class='ocrx_word' id='word_1_807' title='bbox 963 5411 1019 5449; x_wconf 91' lang='lat' dir='ltr'>non</span> <span class='ocrx_word' id='word_1_808' title='bbox 1037 5402 1079 5450; x_wconf 88' lang='lat' dir='ltr'>est</span> <span class='ocrx_word' id='word_1_809' title='bbox 1095 5376 1138 5459; x_wconf 78' lang='lat' dir='ltr'>ini</span> <span class='ocrx_word' id='word_1_810' title='bbox 1152 5396 1317 5459; x_wconf 81' lang='lat' dir='ltr'>Sciendum,</span> <span class='ocrx_word' id='word_1_811' title='bbox 1339 5394 1417 5463; x_wconf 76' lang='lat' dir='ltr'>quael</span> <span class='ocrx_word' id='word_1_812' title='bbox 1436 5391 1496 5461; x_wconf 78' lang='lat' dir='ltr'>oti,</span> <span class='ocrx_word' id='word_1_813' title='bbox 1514 5393 1550 5445; x_wconf 85' lang='lat' dir='ltr'>de</span> <span class='ocrx_word' id='word_1_814' title='bbox 1569 5390 1665 5461; x_wconf 70' lang='lat' dir='ltr'>quibas</span> <span class='ocrx_word' id='word_1_815' title='bbox 1685 5389 1765 5442; x_wconf 87' lang='lat' dir='ltr'>nulla</span> <span class='ocrx_word' id='word_1_816' title='bbox 1783 5397 1891 5444; x_wconf 78' lang='lat' dir='ltr'>castam</span> <span class='ocrx_word' id='word_1_817' title='bbox 1910 5390 1984 5444; x_wconf 81' lang='lat' dir='ltr'>indi·</span> 
     </span>
     <span class='ocr_line' id='line_1_57' title="bbox 288 5462 1985 5555; baseline -0.005 -15"><span class='ocrx_word' id='word_1_818' title='bbox 288 5499 402 5540; x_wconf 90' lang='lat' dir='ltr'>canone.</span> <span class='ocrx_word' id='word_1_819' title='bbox 439 5487 461 5538; x_wconf 84' lang='lat'>2.</span> <span class='ocrx_word' id='word_1_820' title='bbox 482 5482 590 5537; x_wconf 84' lang='lat' dir='ltr'>Auctor</span> <span class='ocrx_word' id='word_1_821' title='bbox 613 5481 695 5552; x_wconf 90' lang='lat' dir='ltr'>hujus</span> <span class='ocrx_word' id='word_1_822' title='bbox 719 5480 785 5535; x_wconf 90' lang='lat' dir='ltr'>libri</span> <span class='ocrx_word' id='word_1_823' title='bbox 809 5497 865 5535; x_wconf 92' lang='lat' dir='ltr'>non</span> <span class='ocrx_word' id='word_1_824' title='bbox 891 5480 1004 5536; x_wconf 87' lang='lat' dir='ltr'>damnat</span> <span class='ocrx_word' id='word_1_825' title='bbox 1027 5481 1056 5536; x_wconf 92' lang='lat' dir='ltr'>in</span> <span class='ocrx_word' id='word_1_826' title='bbox 1075 5501 1123 5555; x_wconf 85' lang='lat' dir='ltr'>ge·</span> <span class='ocrx_word' id='word_1_827' title='bbox 1135 5462 1138 5537; x_wconf 83' lang='lat' dir='ltr'>i</span> <span class='ocrx_word' id='word_1_828' title='bbox 1151 5484 1196 5537; x_wconf 84' lang='lat' dir='ltr'>cia</span> <span class='ocrx_word' id='word_1_829' title='bbox 1214 5482 1287 5535; x_wconf 82' lang='lat' dir='ltr'>inter</span> <span class='ocrx_word' id='word_1_830' title='bbox 1303 5480 1495 5550; x_wconf 77' lang='lat' dir='ltr'>propinquos,</span> <span class='ocrx_word' id='word_1_831' title='bbox 1520 5475 1758 5544; x_wconf 58' lang='lat' dir='ltr'>calciamentum,</span> <span class='ocrx_word' id='word_1_832' title='bbox 1777 5476 1820 5530; x_wconf 87' lang='lat' dir='ltr'>acl</span> <span class='ocrx_word' id='word_1_833' title='bbox 1839 5476 1946 5531; x_wconf 84' lang='lat' dir='ltr'>ricinos</span> <span class='ocrx_word' id='word_1_834' title='bbox 1966 5494 1985 5531; x_wconf 90' lang='lat' dir='ltr'>a</span> 
     </span>
     <span class='ocr_line' id='line_1_58' title="bbox 288 5564 1986 5640; baseline -0.005 -15"><span class='ocrx_word' id='word_1_835' title='bbox 288 5588 355 5627; x_wconf 90' lang='lat' dir='ltr'>nere</span> <span class='ocrx_word' id='word_1_836' title='bbox 381 5586 475 5625; x_wconf 87' lang='lat' dir='ltr'>omnes</span> <span class='ocrx_word' id='word_1_837' title='bbox 504 5568 652 5640; x_wconf 87' lang='lat' dir='ltr'>impiorum</span> <span class='ocrx_word' id='word_1_838' title='bbox 678 5584 711 5622; x_wconf 91' lang='lat' dir='ltr'>ac</span> <span class='ocrx_word' id='word_1_839' title='bbox 741 5573 924 5623; x_wconf 71' lang='lat' dir='ltr'>scanciarum</span> <span class='ocrx_word' id='word_1_840' title='bbox 948 5568 1062 5635; x_wconf 85' lang='lat' dir='ltr'>liberos,</span> <span class='ocrx_word' id='word_1_841' title='bbox 1094 5567 1249 5640; x_wconf 76' lang='lat' dir='ltr'>id⁵qcihas</span> <span class='ocrx_word' id='word_1_842' title='bbox 1272 5565 1408 5635; x_wconf 81' lang='lat' dir='ltr'>baptizati</span> <span class='ocrx_word' id='word_1_843' title='bbox 1430 5564 1522 5630; x_wconf 83' lang='lat' dir='ltr'>faisse</span> <span class='ocrx_word' id='word_1_844' title='bbox 1543 5565 1710 5631; x_wconf 66' lang='lat' dir='ltr'>merantur,</span> <span class='ocrx_word' id='word_1_845' title='bbox 1737 5564 1876 5632; x_wconf 61' lang='lat' dir='ltr'>anensium</span> <span class='ocrx_word' id='word_1_846' title='bbox 1896 5571 1937 5616; x_wconf 89' lang='lat' dir='ltr'>eet</span> <span class='ocrx_word' id='word_1_847' title='bbox 1955 5572 1986 5617; x_wconf 88' lang='lat' dir='ltr'>at</span> 
     </span>
     <span class='ocr_line' id='line_1_59' title="bbox 287 5648 2089 5728; baseline -0.006 -15"><span class='ocrx_word' id='word_1_848' title='bbox 287 5658 361 5713; x_wconf 89' lang='lat' dir='ltr'>enim</span> <span class='ocrx_word' id='word_1_849' title='bbox 386 5662 554 5727; x_wconf 80' lang='lat' dir='ltr'>repugnaret</span> <span class='ocrx_word' id='word_1_850' title='bbox 581 5653 713 5725; x_wconf 84' lang='lat' dir='ltr'>exemplis</span> <span class='ocrx_word' id='word_1_851' title='bbox 741 5653 862 5726; x_wconf 85' lang='lat' dir='ltr'>Jephtae</span> <span class='ocrx_word' id='word_1_852' title='bbox 886 5653 1038 5709; x_wconf 81' lang='lat' dir='ltr'>aliorumve</span> <span class='ocrx_word' id='word_1_853' title='bbox 1063 5656 1122 5728; x_wconf 92' lang='lat' dir='ltr'>pio·</span> <span class='ocrx_word' id='word_1_854' title='bbox 1149 5661 1344 5721; x_wconf 84' lang='lat' dir='ltr'>renascantur,</span> <span class='ocrx_word' id='word_1_855' title='bbox 1364 5668 1398 5706; x_wconf 87' lang='lat' dir='ltr'>ne</span> <span class='ocrx_word' id='word_1_856' title='bbox 1412 5658 1540 5721; x_wconf 83' lang='lat' dir='ltr'>pereant,</span> <span class='ocrx_word' id='word_1_857' title='bbox 1561 5650 1590 5702; x_wconf 86' lang='lat' dir='ltr'>in</span> <span class='ocrx_word' id='word_1_858' title='bbox 1609 5648 1707 5721; x_wconf 76' lang='lat' dir='ltr'>quibus</span> <span class='ocrx_word' id='word_1_859' title='bbox 1725 5650 1802 5718; x_wconf 77' lang='lat' dir='ltr'>qttod</span> <span class='ocrx_word' id='word_1_860' title='bbox 1819 5666 1874 5702; x_wconf 87' lang='lat' dir='ltr'>non</span> <span class='ocrx_word' id='word_1_861' title='bbox 1893 5650 1984 5703; x_wconf 83' lang='lat' dir='ltr'>aredi·</span> <span class='ocrx_word' id='word_1_862' title='bbox 2085 5656 2089 5668; x_wconf 87' lang='grc'><em>“</em></span> 
     </span>
    </p>

    <p class='ocr_par' dir='ltr' id='par_1_16' title="bbox 242 5735 1983 5815">
     <span class='ocr_line' id='line_1_60' title="bbox 242 5735 1983 5815; baseline -0.005 -14"><span class='ocrx_word' id='word_1_863' title='bbox 242 5747 272 5790; x_wconf 70' lang='lat'>⁵⁶·</span> <span class='ocrx_word' id='word_1_864' title='bbox 286 5761 363 5813; x_wconf 74' lang='lat' dir='ltr'>rm,</span> <span class='ocrx_word' id='word_1_865' title='bbox 394 5742 445 5799; x_wconf 87' lang='lat' dir='ltr'>sed</span> <span class='ocrx_word' id='word_1_866' title='bbox 472 5742 585 5815; x_wconf 90' lang='lat' dir='ltr'>impiam</span> <span class='ocrx_word' id='word_1_867' title='bbox 612 5740 758 5812; x_wconf 89' lang='lat' dir='ltr'>impiorum</span> <span class='ocrx_word' id='word_1_868' title='bbox 784 5740 973 5812; x_wconf 86' lang='lat' dir='ltr'>posteritatem</span> <span class='ocrx_word' id='word_1_869' title='bbox 1001 5741 1122 5811; x_wconf 71' lang='lat' dir='ltr'>demum,</span> <span class='ocrx_word' id='word_1_870' title='bbox 1148 5751 1195 5798; x_wconf 84' lang='lat' dir='ltr'>tur</span> <span class='ocrx_word' id='word_1_871' title='bbox 1222 5749 1345 5812; x_wconf 70' lang='lat' dir='ltr'>aestum,</span> <span class='ocrx_word' id='word_1_872' title='bbox 1372 5739 1448 5794; x_wconf 86' lang='lat' dir='ltr'>ratio</span> <span class='ocrx_word' id='word_1_873' title='bbox 1476 5756 1531 5793; x_wconf 89' lang='lat' dir='ltr'>non</span> <span class='ocrx_word' id='word_1_874' title='bbox 1548 5737 1629 5807; x_wconf 86' lang='lat' dir='ltr'>sinit,</span> <span class='ocrx_word' id='word_1_875' title='bbox 1646 5742 1676 5789; x_wconf 87' lang='lat' dir='ltr'>ut</span> <span class='ocrx_word' id='word_1_876' title='bbox 1694 5735 1825 5791; x_wconf 84' lang='lat' dir='ltr'>videatur</span> <span class='ocrx_word' id='word_1_877' title='bbox 1845 5736 1983 5792; x_wconf 85' lang='lat' dir='ltr'>iteratum.</span> 
     </span>
    </p>
   </div>
   <div class='ocr_carea' id='block_1_3' title="bbox 285 5823 1984 5903">
    <p class='ocr_par' dir='ltr' id='par_1_17' title="bbox 285 5823 1984 5903">
     <span class='ocr_line' id='line_1_61' title="bbox 285 5823 1984 5903; baseline -0.004 -17"><span class='ocrx_word' id='word_1_878' title='bbox 285 5831 335 5887; x_wconf 91' lang='lat' dir='ltr'>nbi</span> <span class='ocrx_word' id='word_1_879' title='bbox 360 5830 465 5887; x_wconf 90' lang='lat' dir='ltr'>scilicet</span> <span class='ocrx_word' id='word_1_880' title='bbox 490 5829 593 5903; x_wconf 91' lang='lat' dir='ltr'>posteri</span> <span class='ocrx_word' id='word_1_881' title='bbox 615 5830 758 5888; x_wconf 83' lang='lat' dir='ltr'>iniuntur</span> <span class='ocrx_word' id='word_1_882' title='bbox 781 5829 918 5901; x_wconf 75' lang='lat' dir='ltr'>maiorum</span> <span class='ocrx_word' id='word_1_883' title='bbox 941 5844 1053 5886; x_wconf 86' lang='lat' dir='ltr'>suorum</span> <span class='ocrx_word' id='word_1_884' title='bbox 1069 5829 1118 5886; x_wconf 91' lang='lat' dir='ltr'>im-</span> <span class='ocrx_word' id='word_1_885' title='bbox 1149 5830 1359 5898; x_wconf 67' lang='lat' dir='ltr'>eonferendum</span> <span class='ocrx_word' id='word_1_886' title='bbox 1394 5827 1434 5883; x_wconf 88' lang='lat' dir='ltr'>eis</span> <span class='ocrx_word' id='word_1_887' title='bbox 1464 5826 1589 5895; x_wconf 76' lang='grc' dir='ltr'><strong><em>ιιίῑιιιιι,</em></strong></span> <span class='ocrx_word' id='word_1_888' title='bbox 1628 5825 1705 5895; x_wconf 81' lang='lat' dir='ltr'>qstod</span> <span class='ocrx_word' id='word_1_889' title='bbox 1733 5823 1899 5880; x_wconf 68' lang='lat' dir='ltr'>codetanum</span> <span class='ocrx_word' id='word_1_890' title='bbox 1927 5840 1984 5880; x_wconf 87' lang='lat' dir='ltr'>esse</span> 
     </span>
    </p>
   </div>
   <div class='ocr_carea' id='block_1_4' title="bbox 0 0 2404 6659">
    <p class='ocr_par' dir='ltr' id='par_1_18' title="bbox 0 0 2404 6659">
     <span class='ocr_line' id='line_1_62' title="bbox 0 0 2404 6659; baseline 0 0"><span class='ocrx_word' id='word_1_891' title='bbox 0 0 2404 6659; x_wconf 95' lang='lat' dir='ltr'> </span> 
     </span>
    </p>
   </div>
  </div>
 </body>
</html>
