4800 6659
983 745 1037 803 nn
1056 744 1333 806 sscasuuuma
1945 757 2003 817 ιιι
2092 721 2094 726 ’

299 904 491 961 ecclesiastico
509 911 684 962 sacramenta
702 904 943 967 administrantur,
964 903 991 958 ri
1009 902 1140 970 mandati,
1166 902 1336 966 firmitatem.
1372 905 1406 960 In
1434 913 1455 963 1,
1473 907 1545 964 Tim¹
1570 926 1593 963 e,
1614 914 1645 964 2:
1678 909 1744 961 Nou
1768 914 1903 977 possunt,
1934 920 2005 974 quae

299 992 491 1063 promissionis
517 998 545 1048 st
574 990 755 1048 institutionis
779 1008 846 1046 suae
869 989 950 1047 adest
973 996 1000 1044 et
1023 1005 1073 1060 per
1097 1005 1138 1042 sa·
1167 989 1247 1042 Deus
1270 990 1330 1059 ipsc
1355 993 1493 1064 leretur,
1519 995 1606 1048 vetuti
1629 993 1804 1048 scandolati
1824 991 1924 1045 virtuts
1941 1005 2004 1058 per-

298 1084 444 1135 cramenta
468 1078 609 1134 distribuit
630 1078 704 1134 bona
728 1076 870 1145 coelestia,
899 1075 946 1147 qui
967 1081 1060 1130 tamen
1084 1091 1139 1128 nou
1164 1075 1227 1143 fici,
1242 1078 1337 1130 omnia
1354 1081 1459 1149 qnippe
1475 1100 1546 1135 sana
1564 1084 1676 1137 divinae
1694 1082 1818 1151 pretias,
1842 1079 2005 1147 cujusne

298 1164 369 1220 facit
387 1164 559 1233 immediate,
578 1166 627 1221 sed
646 1165 766 1220 mediate
784 1181 835 1235 per
851 1163 990 1235 legitimos
1007 1159 1140 1217 ecclesiae
1165 1168 1221 1214 tum
1247 1181 1345 1216 manses
1369 1173 1409 1220 est
1437 1167 1552 1237 aperire
1575 1187 1622 1236 as,
1652 1176 1771 1223 ceterum
1797 1167 1877 1220 Dens
1904 1170 2004 1217 canna

299 1250 457 1316 ministros,
488 1252 535 1323 qui
563 1258 629 1305 suut
658 1266 743 1307 causa
761 1247 992 1312 instrumentalis,
1020 1263 1091 1319 quse
1111 1246 1138 1300 in
1167 1256 1308 1316 operatur.
1351 1257 1376 1308 4.
1395 1252 1448 1321 At,
1474 1253 1784 1324 inquitBellarminus,
1807 1252 1891 1306 uerba
1907 1266 2004 1304 sacra·

297 1337 410 1406 agendo
429 1355 539 1409 semper
558 1337 671 1409 respicit
688 1336 888 1409 principalem,
906 1334 942 1389 ab
961 1351 995 1389 ea
1012 1330 1139 1388 determi·
1166 1335 1301 1387 mantelia
1324 1355 1378 1390 non
1403 1339 1503 1393 tabem
1525 1341 1653 1394 uirtutem
1679 1348 1705 1393 ιι
1721 1340 1845 1410 proinde
1869 1356 1924 1390 nen
1941 1342 2006 1388 sant

297 1432 382 1480 natur
412 1432 441 1480 et
466 1424 569 1495 agendi
594 1425 649 1479 rim
671 1423 792 1479 sortitur.
831 1419 1070 1499 Quemadmodum
1094 1435 1139 1472 ex·
1165 1424 1400 1492 sacramentalia,
1428 1426 1616 1497 nisifquando
1635 1435 1778 1480 mouentur
1795 1444 1815 1478 a
1834 1427 1897 1479 Deo
1916 1431 1947 1476 nt
1963 1423 2004 1476 isi·

298 1521 379 1568 terna
397 1511 478 1566 verbi
495 1510 666 1582 praedicatio
685 1528 740 1565 nou
759 1525 814 1582 qua
833 1515 875 1563 est
893 1496 1139 1577 aetiopi'sedieau·
1165 1514 1335 1575 commenta·
1357 1529 1412 1564 nen
1439 1519 1531 1564 eutem
1554 1520 1698 1566 monentur
1720 1532 1739 1565 a
1759 1514 1822 1567 Deo
1848 1519 1877 1563 ut
1904 1509 2005 1562 instru-

299 1599 349 1662 tis,
373 1597 512 1657 convertit
533 1597 684 1665 hominem,
708 1596 758 1654 sed
783 1603 920 1667 quatenus
941 1592 1060 1664 Spiritus
1079 1607 1140 1644 san·
1167 1600 1272 1661 retenta,
1300 1595 1359 1648 nisi
1383 1599 1497 1666 quande
1515 1598 1741 1667 pronuntiantur
1762 1599 1798 1650 ab
1816 1616 1862 1665 eo,
1881 1597 1928 1648 cui
1945 1596 2004 1663 ι’ριι

299 1694 362 1742 etrus
381 1703 432 1755 per
451 1701 513 1740 eam
535 1688 673 1755 operatur,
706 1689 727 1738 l.
746 1681 809 1738 Cor.
830 1688 853 1749 3,
871 1699 896 1735 v.
917 1686 942 1735 5.
974 1677 1140 1734 cathedram
1167 1680 1318 1749 commisit,·
1337 1699 1426 1751 qnare
1446 1701 1555 1753 semper
1572 1683 1668 1752 atiquo
1686 1685 1770 1736 morlo
1784 1681 2005 1752 pendentvesde

300 1773 331 1827 in
356 1771 436 1826 coelo
452 1771 552 1836 habet,
571 1770 618 1842 qui
638 1771 711 1825 intus
738 1769 834 1837 doeet3
858 1767 898 1821 ita
915 1758 1028 1839 quo'que
1045 1764 1139 1818 verbo-
1167 1768 1388 1821 sacramentalia
1423 1788 1441 1822 a
1475 1770 1599 1822 ministri
1627 1777 1768 1838 potestate
1802 1777 1827 1822 et
1858 1769 2006 1821 voluntate.

301 1877 363 1914 rum
390 1857 632 1914 sacramentalium
658 1856 699 1910 vis
723 1861 751 1911 et
769 1854 906 1923 efficacia,
929 1858 960 1907 ιιι
978 1868 1027 1921 per
1045 1867 1079 1905 ea
1097 1865 1140 1903 res
1166 1850 1391 1923 Respondemus:
1410 1861 1484 1911 recte
1503 1855 1611 1920 dieitur,
1630 1856 1716 1911 verbs
1730 1855 2007 1911 sacramentaliauon

301 1954 429 2002 terrenae
453 1943 525 1999 fiant
543 1959 648 2011 organa
667 1949 695 1998 et
713 1940 840 2014 ὀχήματα
859 1957 950 1995 rerum
972 1936 1141 2001 coelestium,
1167 1938 1269 1994 habere
1294 1941 1424 1995 virtutem
1448 1947 1477 1996 et
1499 1942 1616 2013 proinde
1633 1961 1688 1998 nou
1708 1959 1768 1998 esse
1787 1939 2006 2002 sacramentalia,

301 2048 357 2086 non
391 2030 497 2102 pendet
522 2028 672 2085 efficienter
699 2029 735 2085 ab
759 2027 911 2082 intentione
936 2023 981 2077 uel
1004 2026 1141 2094 potestate
1167 2023 1220 2077 nisi
1239 2026 1350 2095 quando
1366 2035 1512 2083 mouentur
1531 2028 1622 2084 aDeo
1643 2036 1674 2083 ut
1693 2028 1875 2083 instrumenta
1895 2030 1938 2092 (ex
1951 2042 2006 2096 quo

303 2117 437 2183 ministri,
460 2132 512 2172 uec
534 2115 629 2171 haeret
651 2115 804 2186 subjective
825 2114 853 2167 in
873 2110 1029 2183 quantitate
1048 2108 1141 2163 litera·
1167 2110 1325 2166 immediate
1352 2113 1490 2183 sequitur,
1520 2115 1574 2169 vim
1598 2115 1674 2169 illam
1697 2114 1925 2169 sacramentalem
1950 2129 2006 2168 noa

302 2221 364 2259 rum
395 2220 429 2260 ac
454 2201 641 2274 syllabarum,
669 2201 713 2254 vel
730 2201 811 2256 etiam
831 2216 898 2253 sono
919 2196 1075 2261 verborum,
1094 2191 1141 2247 sed
1167 2197 1310 2253 inhaerere
1335 2199 1402 2270 ipsis
1426 2201 1514 2255 literis
1534 2219 1566 2256 ac
1585 2202 1702 2273 syllabis
1721 2202 1867 2257 ueletiam
1887 2218 2006 2271 pronun·

216 2297 288 2341 tna
301 2289 454 2344 insolidum
478 2286 581 2359 pendet
609 2287 644 2341 ab
665 2286 851 2353 institutione,
870 2281 1056 2348 ordinatione,
1079 2297 1141 2350 pro·
1168 2283 1276 2337 tiotioni
1309 2283 1406 2339 horum
1438 2287 1597 2349 verborum,
1627 2288 1676 2342 sed
1707 2289 1742 2344 ab
1772 2287 1946 2342 institutione
1978 2290 2007 2341 st

302 2375 436 2430 missione
458 2381 487 2428 et
512 2373 622 2428 actione
646 2370 761 2436 Cluisti,
791 2369 924 2426 ecclesiae
948 2385 1014 2423 snae
1046 2383 1142 2437 perpe·
1168 2369 1340 2427 ordinatione
1364 2371 1467 2427 Christi
1491 2375 1637 2444 pendere);
1668 2381 1743 2429 recte
1772 2375 1855 2429 etism
1885 2372 2006 2439 addimur,

303 2471 351 2516 tuo
378 2459 532 2532 praesentis
551 2467 579 2514 et
596 2477 646 2531 per
662 2458 803 2514 ministros
821 2455 954 2524 docentis,
973 2452 1142 2509 absolventis
1169 2473 1224 2510 non
1247 2458 1350 2513 moveri
1377 2458 1473 2514 aDeo
1501 2459 1549 2513 illa
1576 2460 1662 2515 verbs
1686 2464 1719 2513 ut
1735 2459 1931 2524 instrumenta,
1953 2456 2007 2513 nisi

303 2554 332 2603 et
348 2552 525 2602 sacramenta
550 2545 753 2614 distribuentis,
777 2550 806 2599 et
828 2544 881 2598 hoc
905 2547 961 2611 est,
984 2540 1059 2611 quod
1083 2538 1142 2593 An·
1170 2542 1282 2612 quando
1299 2530 1515 2613 pronuntiantur
1537 2546 1573 2601 ab
1592 2562 1634 2614 eo,
1652 2546 1697 2600 cui
1716 2545 1775 2616 ipse
1793 2543 1939 2610 commisit,
1954 2541 2008 2598 hoc

303 2634 433 2705 gustinus
456 2633 525 2687 dicit
548 2632 596 2688 lib.
614 2637 639 2688 3.
667 2636 764 2687 conus
781 2630 920 2686 Donatist.
939 2646 962 2683 c.
984 2634 1023 2682 14.
1045 2643 1140 2679 ιαιιι-
1168 2635 1211 2684 ιιι
1239 2627 1269 2682 in
1293 2629 1531 2686 administratione
1553 2639 1787 2688 sacramentorum
1814 2631 1917 2702 requiri
1943 2646 2004 2701 pro·

303 2729 398 2774 menta
427 2720 528 2786 conjici
552 2737 608 2773 non
627 2721 690 2787 fide
714 2717 816 2771 atomis
839 2717 883 2770 vel
908 2713 1142 2779 administrantis,
1168 2714 1370 2771 nuntiationem
1389 2717 1534 2772 verborum
1553 2724 1582 2772 et
1597 2718 1789 2789 repetitionem
1806 2715 2005 2783 institutionis,

302 2809 356 2863 sesi
378 2806 469 2864 serbis
494 2807 625 2860 auctoris.
668 2811 692 2862 3.
712 2803 898 2859 Bellarminus
921 2801 1040 2864 fatetur,
1069 2800 1142 2853 duca
1169 2800 1218 2855 sed
1236 2801 1326 2855 minus
1347 2809 1421 2858 recte
1440 2803 1572 2872 infertur,
1597 2804 1742 2860 verborum
1762 2803 2028 2859 sacramentalium·

302 2894 454 2949 ducimus
477 2894 513 2947 ds
531 2892 631 2947 uirtute
652 2891 799 2961 operativa
817 2888 963 2951 uerbosum
981 2902 1141 2939 sacramen·
1168 2887 1297 2942 virtmem
1322 2905 1339 2942 a
1364 2888 1481 2944 ministri
1504 2897 1641 2959 potestate
1660 2897 1688 2946 et
1708 2891 1863 2956 voluntate,
1892 2889 1944 2944 hoc
1964 2893 2007 2945 est

302 2980 404 3034 talium
432 2979 506 3033 inter
533 2978 723 3033 Sitolasticos
747 2984 772 3030 et
795 2974 964 3029 recentiores
991 2973 1143 3041 scriptores
1170 2973 1322 3029 intentione
1351 2975 1446 3045 aliquo
1478 2976 1559 3031 modo
1590 2978 1720 3048 pendere.
1770 2976 1902 3040 Quamvis
1933 2975 2007 3030 eninr

303 3066 413 3136 cydari
430 3066 582 3135 opim’ancs.
613 3064 708 3136 Aliqui
728 3062 808 3130 euim,
827 3060 1020 3131 utCajetanus
1033 3063 1142 3134 parti.
1168 3058 1214 3113 vix
1238 3058 1297 3114 fieri
1321 3077 1404 3131 posse
1427 3062 1599 3133 judicemus,
1624 3069 1657 3118 ut
1678 3063 1962 3129 ministerconsecret
1978 3066 2008 3116 et

305 3171 329 3223 q.
355 3157 397 3208 64.
426 3156 478 3209 art.
500 3157 520 3207 l.
558 3150 642 3205 Sotus
661 3156 685 3205 4.
709 3148 772 3206 dist.
796 3154 815 3201 l.
838 3164 864 3217 q.
887 3152 909 3200 5.
928 3151 979 3198 art.
1003 3149 1022 3199 1.
1045 3150 1074 3198 ιι
1091 3142 1143 3201 Ls-
1171 3146 1346 3202 administret
1369 3155 1572 3204 sacramentum
1590 3149 1697 3222 absque
1716 3149 1827 3204 virtuali
1847 3147 1895 3202 ills
1912 3152 2006 3218 (quam

305 3237 428 3294 desmius
447 3236 553 3292 ibidem
570 3240 681 3292 volunt:
702 3235 731 3289 in
751 3235 813 3303 apso
832 3232 918 3286 etiam
937 3231 1065 3284 ministro
1085 3247 1144 3282 esse
1170 3233 1354 3299 Bellarminus
1371 3235 1410 3289 ita
1428 3239 1516 3302 vocat)
1535 3236 1696 3298 intentione,
1716 3240 1749 3290 ut
1765 3239 1908 3290 externum
1927 3233 2007 3289 illum

303 3324 431 3380 uirtutem
456 3325 630 3394 manticem
656 3322 812 3386 efficienter
837 3327 862 3372 et
887 3317 1143 3382 instrumentaliter,
1170 3318 1333 3374 conficiendi
1351 3329 1443 3375 actum
1461 3338 1516 3376 non
1534 3321 1670 3389 intendat,
1689 3319 1735 3376 vel
1754 3320 1782 3374 in
1803 3320 1864 3390 ipso
1881 3327 1946 3374 actu
1962 3317 2007 3374 rei

303 3419 332 3465 ιιι
351 3419 391 3465 ιιι
409 3410 439 3464 s'n
452 3418 636 3475 sacramenta.
671 3408 729 3462 Alii
747 3421 812 3460 vero
831 3404 969 3460 sentiunt:
987 3403 1143 3455 ministrum
1168 3405 1254 3476 paulo
1271 3415 1335 3461 ante
1350 3413 1458 3471 actum,
1476 3415 1568 3462 tamen
1588 3407 1611 3461 si
1631 3407 1793 3463 observetur
1810 3405 1947 3463 institutio
1966 3404 2006 3460 di·

303 3514 361 3551 acn
386 3497 490 3552 batere
517 3497 547 3549 in
572 3513 600 3549 se
628 3495 717 3549 adam
744 3493 800 3548 aim
826 3491 993 3558 efficientem
1016 3496 1143 3557 respecta
1169 3492 1236 3547 vina
1260 3499 1287 3548 et
1314 3492 1509 3548 substantialia
1533 3495 1669 3564 quusque
1687 3493 1853 3548 sacramenti
1871 3491 2007 3563 requisita

298 3582 526 3653 justificationis,
548 3584 600 3635 sed
624 3598 684 3635 eam
710 3579 799 3633 solum
822 3594 880 3630 csse
904 3578 934 3630 in
958 3583 1142 3640 sacramento,
1170 3578 1277 3644 adsint,
1302 3579 1439 3651 integrum
1458 3584 1500 3635 est
1519 3585 1737 3644 sacramentum,
1762 3578 1869 3635 etiamsi
1890 3577 2007 3633 ministri

304 3670 463 3723 ministrum
487 3675 578 3722 autem
601 3668 690 3722 solam
717 3680 882 3720 concurrere
904 3663 1077 3733 applicando
1097 3679 1142 3713 su·
1169 3665 1285 3720 intentio
1305 3683 1361 3721 non
1380 3665 1462 3734 adsit,
1488 3665 1562 3720 unde
1588 3665 1751 3721 Paludanus
1774 3666 1871 3721 scribit
1892 3673 1915 3722 4.
1936 3671 2005 3721 seut

302 3745 463 3818 eramenta,
498 3753 595 3809 Thom.
619 3771 647 3824 p.
673 3758 696 3809 3.
723 3769 749 3822 q.
771 3757 812 3808 94.
836 3755 887 3807 art.
909 3756 930 3805 1.
957 3748 1142 3804 Bellarminus
1170 3751 1234 3806 dist.
1253 3758 1277 3809 6.
1303 3771 1330 3823 q.
1352 3758 1375 3808 2.
1406 3768 1489 3822 posse
1514 3753 1660 3816 sustineri,
1685 3755 1763 3823 qaod
1780 3754 1844 3809 sola
1861 3753 2005 3806 uerborum

302 3842 425 3912 priorem
446 3839 610 3897 seutentiam
625 3838 735 3910 judicat
751 3836 974 3909 probabiliorem,
994 3851 1076 3907 quam
1092 3850 1141 3888 nos
1169 3841 1309 3908 eepressio
1333 3837 1475 3907 sufficiat,
1503 3854 1537 3892 ac
1556 3836 1678 3892 Thomas
1701 3857 1729 3909 p.
1748 3844 1771 3894 3.
1796 3856 1822 3911 q.
1849 3844 1889 3894 64.
1909 3846 1959 3893 ιιι.
1982 3842 2005 3893 a

304 3927 423 3982 dicimus
445 3943 463 3980 a
479 3927 595 3983 varitate
613 3925 701 3997 magis
719 3925 862 3993 recedere,
880 3922 954 3978 solus
972 3921 1045 3978 enim
1065 3921 1141 3977 Deus
1167 3923 1278 3980 statuit:
1298 3925 1475 3978 intentionem
1495 3924 1615 3994 caprimi
1629 3942 1685 3993 per
1703 3925 1801 3993 uerba,
1822 3942 1892 3994 qrsae
1912 3924 1943 3976 in
1961 3940 2006 3977 sa·

304 4012 478 4085 spiritualem
505 4013 623 4084 matiam
641 4029 691 4082 per
716 4011 831 4066 verbum
849 4016 878 4065 et
896 4015 1069 4064 sacramenta
1087 4007 1140 4062 dis·
1167 4011 1316 4064 cramentis
1335 4011 1475 4064 dicuntur.

294 4100 417 4169 tribuit,
441 4099 568 4153 minister
590 4098 704 4169 plantat
722 4106 748 4151 et
766 4098 860 4164 ripat,
884 4097 965 4149 Deus
984 4096 1034 4149 dat
1052 4094 1140 4147 incre·

304 4194 435 4240 mentum.
483 4183 640 4255 Cyprianus
670 4183 705 4239 de
735 4182 812 4253 bapt.
842 4179 957 4236 Christi:
992 4180 1140 4234 Vereor-me
1202 4188 1244 4238 41.
1279 4188 1304 4238 4,
1323 4183 1460 4236 Absurde
1484 4199 1516 4236 ea
1541 4200 1573 4236 ιο
1591 4190 1755 4252 sequuntur,
1778 4184 1805 4236 si
1823 4183 1947 4236 ministri
1962 4183 2148 4237 iussurum

302 4271 461 4327 ιοὶιιιιιὶιιιι
487 4279 513 4325 ιι
539 4271 618 4324 sacri
641 4270 781 4326 invocatio
807 4267 928 4321 nominis
951 4274 978 4319 et
999 4266 1082 4334 siqua
1100 4265 1140 4317 in·
1168 4269 1254 4322 tentio
1272 4287 1327 4322 nen
1340 4269 1493 4337 judicatur
1512 4271 1673 4323 necessaria
1694 4271 1735 4321 aei
1752 4269 1941 4338 inteqritatsm
1960 4285 2004 4322 sa·
2017 4256 2118 4340 ζζξᾞ

302 4357 496 4412 namnetem
512 4359 677 4428 apostolicis
693 4357 871 4410 sacerdotum
888 4353 1043 4406 ministerio
1060 4353 1141 4405 attri-
1169 4355 1309 4411 crementi.
1353 4353 1387 4408 ss·
1411 4355 1484 4408 enim
1508 4374 1617 4426 parens
1647 4355 1869 4424 aliquisfilium
1891 4357 1922 4408 in
1945 4353 2003 4408 tet
2017 4350 2133 4408 uma&

304 4446 372 4499 buta
387 4444 499 4499 ossibile
516 4445 656 4498 adebrant
672 4448 887 4506 sacramentum,
904 4455 963 4492 rem
973 4454 1039 4491 vero
1051 4437 1141 4509 ipsam
1168 4456 1249 4494 neum
1273 4442 1386 4495 duecrct
1414 4449 1441 4494 ιι
1469 4444 1535 4494 dum
1557 4458 1675 4510 puerum
1699 4441 1874 4508 immerserat
1893 4438 2128 4528 dicessum&-

305 4530 435 4601 Spsritus
453 4538 566 4584 sanctas
584 4531 694 4594 format
706 4536 733 4581 ct
745 4526 842 4597 efficit.
873 4524 1037 4579 Ambrosius
1055 4523 1103 4581 lib.
1116 4530 1142 4581 4.
1168 4529 1247 4582 Laco
1272 4536 1297 4580 te
1320 4529 1350 4581 in
1368 4530 1478 4583 nomine
1497 4530 1611 4594 Patris,
1631 4528 1705 4582 Filii
1720 4536 1745 4581 et
1765 4527 1891 4598 Spiritus
1907 4527 2005 4595 soracti,
2018 4539 2145 4585 naussu-

303 4618 599 4674 denarrantur:
620 4616 682 4670 Hoc
699 4614 785 4682 initur
804 4613 997 4693 adstruamus,
1010 4611 1057 4664 ubi
1069 4612 1142 4666 aeni·
1169 4614 1301 4668 nimirum
1320 4615 1452 4670 innocens
1471 4617 1573 4678 Deam,
1591 4622 1622 4666 ut
1638 4614 1703 4668 benc
1723 4615 1805 4667 cedat
1824 4612 1905 4679 totta,
1921 4619 1948 4665 st
1962 4611 2006 4666 ni·
2017 4591 2093 4631 ’Μ

303 4713 360 4767 tur,
377 4710 410 4756 ut
428 4701 602 4769 conficiatur
617 4699 997 4759 venerabiiesacramentnm,
1009 4698 1074 4766 jam
1087 4715 1142 4750 non
1169 4701 1211 4754 tit
1239 4702 1274 4754 de
1297 4702 1436 4770 baptismo
1461 4699 1605 4768 coenans,
1630 4707 1694 4752 asne
1715 4715 1789 4769 puer
1818 4699 1927 4753 deberet
1946 4697 2007 4751 dici

301 4790 364 4843 sssis
391 4788 565 4842 sermonibus
595 4788 744 4854 sacerdes,
775 4787 827 4839 sed
853 4784 942 4838 utitur
971 4785 1143 4837 sermonibus
1170 4788 1334 4857 baptisatus.
1374 4787 1408 4841 Si
1423 4789 1557 4842 sacerdos
1571 4785 1602 4839 in
1612 4785 1821 4852 msnsalcaeret
1833 4782 2006 4852 evaapcliam

303 4873 419 4931 canati
455 4876 536 4943 Erpa
554 4891 645 4928 sermo
665 4872 772 4926 Cisristi
789 4872 840 4925 tos
857 4871 967 4940 conficit
985 4888 1142 4924 sacramen·
1169 4881 1195 4926 ct
1222 4873 1355 4926 recitaret
1376 4873 1430 4926 itte
1450 4874 1553 4926 acrba:
1582 4872 1634 4925 iras
1657 4878 1698 4926 cst
1722 4888 1825 4940 cerpus
1849 4886 1938 4922 meum
1954 4874 2005 4924 eto

303 4969 371 5017 tum.
416 4958 629 5030 Chrysostomus
660 4958 732 5014 hom.
765 4965 789 5016 t.
815 4956 850 5011 de
879 4973 965 5028 pass:
998 4959 1037 5011 Et
1069 4976 1141 5011 nrsnc
1169 4959 1214 5012 tie
1240 4966 1280 5012 est
1305 4958 1422 5025 sanquis
1438 4975 1528 5024 meus,
1540 4959 1607 5027 jam
1620 4964 1694 5010 totns
1707 4956 1797 5026 panis
1815 4963 1945 5009 ettotam
1965 4953 2005 5007 si·

299 5053 481 5118 pressisset
497 5045 633 5111 Christus,
652 5045 703 5113 qui
717 5043 799 5097 sitnm
820 5043 930 5097 ornavit
942 5059 1073 5111 mensam,
1091 5044 1142 5096 iste
1169 5063 1235 5098 num
1260 5052 1330 5099 esset
1354 5051 1552 5098 consecratum.
1598 5044 1643 5109 Si,
1667 5061 1728 5096 eum
1746 5041 1851 5110 alimus
1869 5041 2005 5094 ancillam

303 5136 400 5204 ipsam
412 5147 522 5202 qaoque
536 5139 689 5195 consecrat,
708 5130 849 5184 nonenim
862 5130 943 5183 tomo
957 5137 1005 5195 cst,
1019 5130 1142 5199 quipse·
1169 5131 1314 5190 conducit,
1338 5130 1458 5183 diceret:
1484 5128 1594 5196 accipio
1618 5135 1644 5181 tc
1667 5130 1697 5181 in
1715 5144 1804 5181 meam
1824 5126 2006 5196 (inteilipsns,

299 5221 400 5293 posita
411 5235 514 5288 panem
528 5226 552 5271 et
563 5220 657 5271 vinnm
669 5235 771 5286 corpses
785 5216 893 5270 Cirrssti
906 5217 981 5282 facit
993 5223 1018 5270 ιι
1030 5217 1143 5286 sanqui-
1169 5219 1288 5271 sednon
1299 5214 1473 5284 exprimens)
1488 5214 1633 5281 arsciltam,
1651 5223 1678 5269 ιι
1690 5214 1745 5268 illa
1760 5215 1883 5276 dicerstr,
1895 5209 2005 5281 accipio

302 5323 376 5369 nem,
394 5306 449 5359 sed
465 5305 516 5359 stis
535 5306 584 5373 qui
601 5303 749 5368 crucifixum
769 5311 809 5356 est
822 5319 879 5372 pro
901 5303 980 5356 netis
999 5302 1143 5367 Christus,-
1170 5310 1196 5355 te
1215 5305 1245 5355 in
1263 5320 1351 5355 mcum
1370 5300 1557 5370 (intellipens,
1574 5303 1699 5355 sednon
1712 5300 1868 5369 exprimens
1869 5300 1886 5367 )
1901 5298 2007 5366 imm,

302 5391 464 5446 sacerdotis
488 5406 536 5443 ore
559 5389 644 5442 verba
669 5391 870 5458 proferuntur,
895 5389 948 5440 sed
967 5388 1025 5442 Dei
1041 5388 1142 5442 uirtute
1169 5389 1231 5456 jam
1253 5387 1301 5440 illi
1323 5395 1411 5441 essent
1436 5388 1589 5456 conjugati.
1623 5384 1847 5455 Respondemus:
1872 5390 1892 5439 l.
1911 5383 2006 5440 Sacra·

305 5484 518 5534 ιοιιιιοιαιιιιιι.
553 5474 632 5531 Idem
656 5474 749 5531 homil.
774 5474 809 5529 de
831 5473 933 5544 prodit.
957 5473 1036 5529 Jud:
1066 5474 1144 5528 Sient
1157 5479 1266 5532 ,menta
1288 5477 1354 5528 sunt
1371 5472 1493 5528 actiones
1512 5489 1606 5527 sacrae
1625 5478 1653 5526 et
1670 5471 1796 5525 solennes
1815 5469 1947 5524 divinitus
1966 5470 2006 5526 iu·

303 5564 360 5618 iila
386 5581 441 5618 aaa
461 5561 584 5617 Crescite
610 5571 637 5615 et
660 5559 904 5630 multiplicamini,
930 5561 1014 5614 semet
1032 5542 1299 5630 quidemistitutae,
1327 5559 1355 5613 iu
1386 5576 1438 5612 usu
1467 5558 1652 5614 ecclesiastico
1671 5556 1764 5612 debita
1783 5557 1938 5611 reverentia
1959 5556 2006 5611 sd·

303 5649 383 5705 dicta
405 5657 461 5716 est,
485 5650 537 5702 scd
559 5649 775 5717 omnitempore
794 5646 877 5699 sentit
895 5648 1021 5716 effectum
1040 5649 1082 5701 art
1099 5639 1382 5715 peiministrandae,
1407 5644 1565 5714 ubicunque
1595 5660 1661 5713 ergo
1687 5659 1742 5696 non
1770 5641 1933 5696 obser-vatur
1959 5641 2008 5697 ills

302 5738 480 5792 minoem
507 5741 641 5804 operante
665 5741 785 5800 natura,
811 5732 852 5785 ita
877 5739 903 5785 ιι
927 5750 979 5785 voc
999 5733 1066 5801 sita,
1092 5722 1307 5801 trasfinstitntio
1339 5729 1454 5790 Christi,
1490 5746 1545 5783 non
1573 5733 1667 5797 potest
1694 5733 1929 5782 sacramentorum
1959 5728 2008 5783 ad·

302 5829 347 5878 est
362 5839 469 5893 carpas
493 5839 581 5875 mcum
605 5826 655 5876 ete.
691 5819 775 5874 semel
799 5818 912 5889 quidem
934 5819 1012 5873 dicta
1030 5827 1077 5888 est,
1094 5816 1335 5899 sesi,ministrstio
1357 5816 1428 5884 dici,
1452 5814 1586 5886 quioquid
1603 5813 1724 5882 mimice,
1739 5814 1901 5884 joculariter
1918 5821 1946 5869 et
1966 5812 2006 5869 lu·

296 5926 358 5983 per
380 5925 478 5966 omnes
498 5925 611 5963 messes
633 5906 769 5961 eccloeias
795 5922 882 5975 nsqsss
909 5906 951 5958 ast
979 5905 1144 5960 hodiernum
1170 5903 1247 5959 dicre
1268 5903 1381 5976 geritur.
1426 5908 1450 5957 ι.
1473 5901 1539 5972 Ipse
1560 5905 1641 5955 sctas
1666 5901 1784 5957 exterior
1806 5900 1918 5956 lotionis
1933 5898 2007 5954 illins

301 5995 380 6053 di·
392 6002 432 6051 st
449 6010 538 6064 usqne
554 5994 597 6049 ed
612 5993 675 6062 sius
691 5993 838 6047 αιιιιιιιιιιιι
852 5998 984 6063 praestat
1000 5991 1142 6062 samficio
1170 5989 1207 6045 ab
1229 5989 1339 6046 homine
1357 5988 1466 6062 pn'rstn
1486 5980 1565 6044 eras
1582 6001 1681 6045 casnm
1696 5987 1871 6049 necenitstis
1887 5986 1917 6044 iu
1935 6001 2007 6043 son·
