4800 6659
414 678 454 739 92
793 741 796 746 Α
1012 671 1529 731 accusaremussuermrus

414 827 457 882 ios
487 844 554 883 suos
583 844 609 881 r.
643 832 666 884 t.
722 827 889 884 [avertimus
927 828 1015 901 igitur
1049 835 1251 901 argumentum.
1279 830 1336 884 mia
1359 828 1521 884 essentialia
1540 833 1568 884 et
1587 826 1789 883 accidentalia?
1819 826 1930 883 illorum
1947 827 2060 884 nomine
2078 827 2119 884 in·

414 913 652 979 Quemadmodum
685 915 815 971 sementis
843 932 900 971 neu
930 922 975 971 est
1001 932 1086 971 causa
1113 915 1253 971 meritoria
1278 916 1410 988 tellignnt
1438 916 1527 985 ipsam
1557 915 1644 969 sitam
1668 920 1808 969 aeternam
1829 913 1858 968 in
1881 913 1988 970 risione
2010 914 2066 971 Dei
2090 920 2119 971 ct

412 1000 524 1066 messis,
556 1000 604 1056 sed
627 1001 683 1056 Dei
706 1000 902 1057 benedictione
926 1001 1003 1056 illam
1021 1002 1089 1057 haec
1107 1002 1251 1074 consequi·
1279 1003 1368 1057 salute
1393 1003 1546 1056 animarum
1571 1002 1782 1062 consistentem
1809 1000 1906 1056 berum
1932 1018 1998 1057 vero
2019 1000 2116 1073 appel-

412 1091 473 1155 tur;
500 1086 540 1141 ita
556 1087 631 1143 bona
648 1105 733 1158 opera
751 1103 807 1142 non
825 1094 892 1142 suut
909 1104 995 1143 cansa
1012 1089 1154 1144 meritoria
1172 1106 1251 1159 prae·
1278 1089 1380 1143 latione
1406 1089 1628 1158 complectuntur
1647 1086 1791 1142 distinctos
1812 1087 1917 1159 gloriae
1934 1094 1964 1143 et
1980 1086 2116 1143 claritatis

412 1172 530 1229 nriorum
562 1173 736 1243 coelestium,
767 1155 819 1229 sed
842 1173 897 1229 Dei
923 1174 1118 1231 benedictione
1143 1175 1180 1229 ad
1203 1176 1252 1230 illa
1278 1175 1398 1245 gradus,
1416 1174 1571 1246 dequibus
1590 1174 1660 1229 alius
1680 1173 1732 1228 erit
1751 1174 1904 1229 disserendi
1923 1174 2010 1228 locus.
2049 1173 2118 1230 Vita

411 1257 481 1313 baec
500 1265 713 1331 consequuntur.
750 1258 781 1315 si
798 1267 893 1314 nostro
912 1259 1029 1315 arbitrio
1042 1260 1250 1316 similitudinem
1278 1265 1391 1315 aeterna
1414 1265 1457 1315 est
1483 1261 1587 1315 donum
1606 1259 1660 1315 Dei
1682 1260 1711 1314 in
1730 1259 1854 1328 Cbristo;
1878 1260 1983 1331 gradus
2010 1259 2117 1332 gloriae

280 1353 340 1395 vm.
354 1352 398 1396 ist
411 1343 484 1401 banc
504 1346 602 1401 liceret
620 1346 836 1410 accommodare,
854 1346 932 1401 varia
948 1347 1072 1402 absurda
1089 1364 1122 1401 ex
1141 1365 1175 1403 ea
1188 1365 1251 1417 pos·
1279 1353 1344 1401 suut
1369 1346 1504 1402 bonorum
1527 1363 1642 1417 operum
1666 1346 1802 1417 praemia,
1820 1346 1992 1402 diversorum
2010 1347 2117 1403 scilicet

413 1439 476 1487 seut
503 1432 608 1488 inferri.
651 1432 889 1498 Quemadmodum
917 1450 1010 1489 semen
1038 1450 1094 1487 nou
1116 1433 1172 1488 fert
1194 1433 1251 1488 fru-
1278 1432 1395 1488 diversa
1436 1437 1460 1487 4.
1485 1434 1579 1488 Mulie
1601 1434 1733 1503 operibm
1754 1434 1871 1486 debetne
1890 1452 1966 1487 mors
1988 1442 2114 1489 mersu.

415 1526 500 1589 ctum,
521 1519 575 1574 nisi
592 1520 670 1591 prius
689 1519 1187 1583 uoniueritmortuumdoh.12‚v.
1209 1526 1250 1575 st.
1278 1520 1357 1586 Erpo
1376 1526 1404 1573 ct
1420 1519 1499 1573 bouis
1520 1520 1650 1588 operibm
1667 1520 1726 1572 vita
1747 1527 1863 1572 aeter-m
1886 1536 1919 1573 ec
1943 1520 2037 1574 moun
2062 1521 2116 1575 erit

412 1605 453 1661 ita
470 1606 544 1661 bona
561 1622 647 1677 opera
665 1624 720 1662 non
732 1612 941 1677 consequuntur
954 1606 1088 1677 praemia,
1105 1606 1158 1660 nisi
1173 1606 1251 1677 prius
1277 1608 1434 1663 reddenda.
1469 1606 1693 1677 Respondemus:
1714 1605 1789 1661 mala
1806 1622 1891 1676 opera
1908 1611 1973 1661 sunt
1991 1606 2115 1676 perfecte

412 1690 516 1747 luerint
542 1699 664 1750 mortua:
693 1693 733 1747 At
756 1691 925 1747 contrarium
951 1692 1053 1747 docent
1076 1691 1250 1757 Scholastici,
1278 1692 1363 1760 mals,
1388 1692 1463 1749 bona
1485 1710 1551 1748 vero
1578 1699 1643 1747 suut
1668 1692 1829 1762 imperfecte
1847 1692 1935 1760 bona3
1959 1692 2009 1747 illa
2027 1693 2115 1765 igitur

412 1776 543 1833 videlicet
559 1795 645 1850 opera
661 1778 737 1842 riva,
756 1796 812 1834 nou
831 1784 925 1835 autem
944 1784 1054 1834 mortua
1071 1778 1116 1833 vel
1136 1778 1249 1833 mortifi·
1276 1794 1341 1833 vere
1358 1783 1387 1832 et
1400 1780 1511 1849 proprie
1525 1785 1591 1834 sunt
1604 1785 1778 1834 aeternarum
1792 1796 1942 1850 poenarum
1958 1778 2114 1849 meritoria3

412 1870 477 1919 cata
500 1865 630 1937 praemiis
655 1864 739 1920 uilici.
776 1864 1015 1930 Quemadmodum
1040 1882 1118 1935 spem
1143 1864 1249 1936 egrico·
1276 1864 1345 1918 baec
1369 1881 1435 1919 vero
1459 1864 1627 1935 nequidem
1647 1865 1874 1932 accidentalium,
1900 1865 2002 1921 nedum
2022 1880 2115 1920 essen

413 1950 502 2006 larum
520 1953 631 2025 saepius
650 1960 808 2023 exspectata
829 1969 908 2022 sepes
925 1952 1008 2006 aaa&
1030 1953 1113 2006 elusit
1133 1952 1249 2020 uristr's5
1275 1950 1384 2004 tiulium
1405 1966 1471 2006 rere
1490 1956 1519 2005 et
1537 1950 1647 2021 proprie
1664 1968 1697 2005 er
1715 1950 1855 2023 condigno
1874 1956 1941 2005 sunt
1961 1950 2111 2006 meritoria

412 2036 453 2093 ita
474 2037 582 2094 incerta
604 2046 671 2095 sunt
686 2040 822 2096 bonorum
839 2055 955 2110 operum
973 2036 1109 2109 praemia3
1133 2044 1162 2092 at
1185 2054 1249 2092 cen·
1275 2034 1370 2100 Quid?
1399 2053 1466 2090 uum
1493 2042 1523 2090 et
1543 2035 1595 2091 boc
1622 2037 1705 2092 modo
1729 2036 1999 2108 argumentabimur:
2034 2036 2113 2093 Deus

393 2122 525 2178 'barium
549 2123 631 2180 docet
655 2125 812 2196 apostolus,
840 2126 941 2179 donum
961 2125 1108 2192 facientes
1135 2123 1248 2194 (iuquit)
1274 2139 1330 2177 uon
1355 2123 1437 2194 punit
1460 2122 1534 2177 mala
1557 2139 1642 2193 opera
1660 2123 1733 2177 ultra
1752 2123 1930 2195 condignum.
1965 2122 2042 2195 Frgo
2061 2140 2114 2179 nec

410 2228 466 2265 sorr
484 2212 656 2280 deficiemus,
675 2219 798 2281 tempore
815 2210 889 2266 crim
907 2229 959 2265 suo
977 2219 1107 2264 meterem
1125 2229 1181 2265 sou
1199 2211 1247 2265 de·
1275 2209 1349 2264 bona
1373 2214 1566 2264 remuneratur
1590 2209 1665 2264 ultra
1690 2209 1878 2280 condignum?
1908 2208 2032 2281 Negabit
2052 2209 2113 2280 ipse

410 2297 533 2361 ficientes
559 2314 586 2351 r.
610 2302 635 2353 9.
670 2297 764 2369 Atque
792 2295 861 2352 baec
889 2295 1058 2352 Bellarmiuo
1085 2300 1246 2368 responderi
1273 2294 1466 2349 Bellarminus.
1510 2301 1536 2351 5.
1566 2296 1600 2350 si
1628 2297 1687 2350 vita
1714 2304 1832 2350 aaronis
1860 2312 1916 2349 rora
1941 2297 2112 2350 redderetis

410 2382 527 2450 debent,
551 2382 598 2455 qui
624 2384 715 2439 locum
739 2384 857 2455 apostoli
876 2384 912 2438 de
930 2382 1064 2454 gradibus
1082 2383 1188 2454 gloriae
1206 2386 1246 2440 in·
1273 2381 1417 2450 operibus,
1444 2383 1500 2436 uisi
1517 2390 1548 2436 ut
1567 2384 1623 2437 sint
1639 2384 1722 2450 siqua
1735 2382 1823 2451 fidei,
1840 2390 1987 2435 porrecte
2006 2382 2112 2437 dica-d

409 2475 590 2540 terpretatur,
616 2470 666 2524 sed
695 2469 852 2524 enimcum
876 2469 978 2524 diserte
1003 2469 1079 2523 dicat
1095 2470 1244 2539 apostolus.
1277 2468 1440 2538 Smptsrru,
1466 2470 1534 2524 dari
1551 2470 1712 2539 praemium
1731 2469 1808 2522 illud
1824 2470 1975 2522 secuudum
1988 2486 2112 2539 propor-

410 2572 457 2610 coa
475 2556 525 2625 qui
542 2556 572 2609 irs
590 2557 695 2625 spiritu
711 2558 860 2624 seminarit,
876 2556 962 2609 vitam
982 2564 1126 2609 ueternum
1145 2574 1246 2610 messu-
1274 2556 1376 2610 tionem
1404 2556 1511 2611 laboris
1544 2567 1571 2611 ct
1597 2558 1691 2627 operis
1716 2558 1946 2626 uuiuscujusque,
1975 2573 2026 2610 uec
2052 2556 2114 2611 dici

325 2707 332 2717 ι
409 2660 458 2696 ros
476 2658 550 2712 csse,·
566 2641 630 2697 ideo
649 2640 773 2706 dicimus,
794 2642 912 2714 proponi
932 2641 962 2696 in
978 2640 1031 2696 boc
1051 2641 1126 2696 dicto
1146 2642 1246 2698 descri·
1270 2643 1376 2713 possit,
1404 2645 1473 2698 duri
1500 2646 1653 2699 secuudum
1679 2643 1890 2713 proportionem
1917 2643 2039 2711 majoris
2068 2644 2113 2699 csl

409 2726 533 2799 pdouem
563 2727 700 2798 subjecti,
738 2744 796 2782 non
826 2732 921 2783 autem
949 2744 1051 2783 causae
1083 2729 1247 2785 meritoriae.
1274 2730 1392 2783 miuors's
1418 2731 1493 2795 fidei.
1537 2730 1762 2800 Respondemus:
1797 2728 1932 2783 Collectio
1958 2734 2002 2785 est
2026 2728 2112 2784 reris-

410 2813 613 2869 Describuntur
631 2813 688 2879 illi,
708 2816 758 2884 qur'
775 2822 890 2881 motem,
909 2813 962 2868 hoc
981 2820 1023 2868 est
1043 2819 1248 2886 consequentur
1274 2818 1355 2887 sima,
1380 2817 1429 2873 sed
1452 2817 1677 2873 demostraudum
1698 2821 1758 2872 erat
1775 2822 1942 2884 assumtum,
1963 2815 2038 2885 quod
2059 2815 2112 2871 sci·

409 2901 496 2955 vitam
522 2907 677 2966 aeternam,
705 2900 780 2972 quod
806 2901 912 2955 scilicet
930 2901 1067 2955 seminant
1087 2901 1117 2954 ir
1135 2903 1247 2971 spiritu,
1274 2903 1340 2959 licet
1364 2903 1422 2958 rita
1446 2910 1558 2958 aeterua
1582 2902 1716 2957 reddatur
1734 2902 1887 2957 secuudum
1904 2901 2112 2972 proportionem

412 2986 516 3052 idest,
549 2987 623 3058 quod
643 2987 700 3043 sint
715 3005 766 3059 per
784 2987 919 3060 Spiritum
936 2994 1062 3042 sanctum
1081 2988 1199 3060 regeniti
1219 2994 1248 3043 et
1274 2988 1389 3054 laboris,
1419 2989 1449 3043 id
1478 2990 1551 3043 enim
1583 2988 1711 3057 nuspiam
1742 2987 1885 3057 Scriptura
1913 2988 2025 3051 asserit;
2061 2988 2112 3043 sed

412 3090 446 3129 ex
472 3073 528 3130 fide
553 3073 625 3130 bene
651 3081 816 3145 operentur3
843 3091 1020 3147 nequaquam
1042 3092 1107 3130 vero
1134 3082 1248 3146 propter
1274 3075 1459 3131 accidentalia
1474 3075 1606 3146 praemia,
1624 3080 1707 3144 prout
1725 3074 1788 3144 quis
1808 3074 1851 3128 rel
1868 3073 1940 3145 plns,
1959 3074 2004 3128 vel
2018 3074 2112 3129 minus

412 3159 577 3232 dignitatem
594 3159 640 3216 vel
657 3162 785 3217 meritum
803 3179 933 3234 operum,
955 3150 1058 3217 sedux
1078 3161 1169 3234 gratia
1186 3167 1246 3216 tan·
1274 3161 1425 3232 labcrarit,
1451 3179 1485 3217 cx
1508 3161 1632 3233 grutuita
1651 3161 1704 3218 Dei
1727 3160 1908 3232 promissione
1931 3161 1977 3215 vel
1994 3161 2112 3232 majora,

411 3263 495 3317 quam
519 3246 571 3301 filii
589 3246 742 3304 hereditate
763 3254 970 3320 consequuntur
990 3248 1076 3303 vitam
1097 3256 1247 3312 aeternam,
1273 3248 1318 3303 rel
1341 3248 1449 3303 minora
1465 3249 1525 3303 fore
1543 3247 1672 3302 ostendit.
1708 3248 1768 3304 Nec
1785 3246 1937 3304 secundum
1955 3247 2111 3318 proportio-

411 3348 491 3404 quas'
508 3333 591 3388 simul
615 3334 772 3405 largissima
797 3342 840 3389 est
857 3334 1048 3405 compensatio
1065 3335 1188 3389 omnium
1207 3334 1245 3389 la·
1273 3352 1335 3390 nem
1362 3334 1474 3406 majoris
1500 3335 1545 3389 vel
1571 3333 1684 3389 minoris
1702 3334 1768 3389 fidei
1786 3334 1870 3389 vitam
1887 3340 2029 3390 aeoernmn
2048 3333 2111 3388 dau’

409 3418 508 3473 borum
535 3424 620 3491 atque
648 3436 855 3489 aerumnarum,
882 3437 952 3492 quaa
976 3420 1006 3474 in
1031 3419 1083 3473 bac
1104 3420 1162 3475 vita
1183 3438 1245 3490 pro
1273 3420 1403 3490 dicimus,
1428 3437 1491 3475 cunr
1516 3419 1613 3488 fidem,
1639 3437 1696 3475 nou
1718 3427 1752 3475 ut
1771 3426 1813 3475 est
1832 3420 1951 3491 qualitas
1966 3418 2047 3474 firma
2064 3419 2153 3475 selu

408 3510 472 3575 pter
498 3503 638 3559 Christum
668 3505 866 3562 sustinuerunt.
911 3507 949 3544 ’ὓ
957 3504 1143 3576 Hieronymus
1169 3512 1246 3561 recte
1272 3505 1394 3571 infirma,
1421 3506 1471 3562 sed
1496 3514 1529 3562 ut
1550 3506 1666 3563 relative
1689 3506 1873 3578 apprehendit
1897 3505 2053 3574 Christum,
2080 3511 2111 3560 et

408 3596 517 3661 monet,
553 3593 711 3661 apostolum
748 3610 803 3646 uon
840 3593 947 3657 dicere,
984 3594 1061 3662 quod
1098 3609 1131 3645 sc
1166 3592 1245 3646 bouis
1268 3592 1424 3664 justificare
1440 3600 1469 3649 et
1485 3593 1593 3648 salvus
1612 3593 1767 3649 doceamus.
1797 3596 1822 3646 6.
1840 3592 1991 3661 Scriptura
2009 3593 2110 3645 eudem

410 3678 514 3731 uostris
539 3678 683 3747 operibus,
706 3681 759 3733 sed
781 3681 857 3749 quod
881 3697 914 3734 ea
931 3679 1035 3749 spiritu
1050 3679 1137 3732 vitum
1156 3687 1245 3733 ceter·
1270 3680 1372 3749 phrasi
1395 3679 1520 3749 loquitur
1542 3681 1578 3733 dc
1599 3679 1678 3733 bouis
1703 3687 1728 3731 ct
1756 3680 1841 3733 mulis
1864 3680 2010 3747 operimur
2033 3686 2065 3731 ut
2083 3678 2112 3730 si

409 3782 475 3817 uum
498 3765 618 3819 mawrr‘
640 3766 736 3819 umus.
773 3765 858 3821 Illud
883 3766 996 3837 (iuquit)
1016 3766 1128 3835 pariter
1154 3766 1245 3819 obser
1272 3767 1351 3820 bousb
1379 3767 1510 3836 operibus
1534 3784 1590 3819 nors
1614 3765 1747 3818 redditur
1767 3766 1942 3834 proemium,
1965 3765 2024 3817 sisi
2040 3762 2110 3834 qus'a

355 3865 367 3878 ‘
409 3852 545 3919 eandm,
569 3852 649 3921 quod
670 3852 721 3921 qui
743 3853 862 3906 seminat
878 3854 909 3907 iu
928 3869 1026 3917 curus,
1051 3870 1112 3906 cum
1130 3852 1245 3906 additu·
1271 3860 1337 3906 aaut
1361 3853 1445 3917 siqua
1464 3852 1551 3922 fidei,
1581 3859 1655 3905 certe
1681 3851 1765 3904 ctiam
1789 3851 1873 3905 mulis
1896 3851 2027 3919 operibus
2053 3870 2111 3906 uon

409 3946 502 3992 muto
526 3955 594 3992 suus
618 3940 715 3993 curuis
735 3940 862 4010 ponitur.
901 3938 955 4001 Qus
972 3946 1063 3992 autem
1081 3939 1199 3993 nminat
1216 3940 1245 3992 ir
1266 3940 1409 3993 'reddetur
1428 3954 1539 4008 posue,
1562 3937 1621 3991 uisi
1637 3938 1704 4006 quic
1723 3945 1787 3989 sunt
1804 3938 1887 4006 siqua
1903 3938 2047 4005 perfidias
2065 3939 2112 3993 usi

409 4023 529 4093 spiritu,
553 4043 610 4079 stoa
638 4026 744 4080 dicitur
767 4026 797 4079 iu
819 4025 924 4094 spiritu
946 4042 1013 4087 suo,
1040 4027 1092 4079 aed
1111 4026 1246 4095 simplici·
1272 4026 1414 4081 absentius
1430 4041 1513 4079 verae
1529 4026 1606 4087 fidei.
1641 4026 1682 4078 Ar
1699 4025 1762 4094 quia
1781 4024 1957 4078 Cbrisduuus
1973 4026 2007 4076 id
2025 4027 2111 4094 astir-

409 4118 452 4165 tcr
468 4112 498 4164 iu
517 4113 627 4182 spiritu
666 4112 722 4176 Qui
739 4114 812 4166 crim
829 4113 902 4166 bonu
920 4112 1046 4174 seminat,
1072 4130 1129 4166 non
1147 4113 1177 4165 irs
1194 4130 1246 4166 suo
1272 4130 1350 4167 mure
1366 4114 1481 4180 audeat,
1496 4112 1660 4180 homicidio,
1676 4113 1831 4181 adulterio,
1843 4112 1977 4182 perjurio
1997 4120 2024 4165 et
2042 4112 2111 4167 aiit's

410 4198 565 4267 qrubpium,
588 4201 641 4252 ssd
658 4199 688 4252 in
707 4200 767 4253 Dei
789 4200 892 4269 spiritu
917 4200 1050 4265 seminat,
1076 4200 1112 4251 de
1136 4210 1195 4269 'quo
1222 4208 1247 4252 st
1274 4200 1307 4252 id
1329 4215 1416 4267 penus
1439 4199 1589 4252 sceleribus
1612 4215 1669 4253 rou
1690 4197 1788 4250 deberi
1809 4198 1979 4267 supplicium
1997 4215 2054 4267 pcr
2070 4215 2111 4267 ss,

409 4283 496 4337 mum
522 4292 561 4337 est
580 4301 721 4338 messurus
743 4285 940 4340 ueterucmff*
979 4284 1084 4350 Quodsi
1103 4284 1247 4339 Bellarmi·
1274 4304 1330 4355 qua
1357 4287 1431 4339 tuiis
1456 4285 1563 4340 sesima
1590 4291 1667 4353 suut,
1695 4286 1749 4338 red
1770 4285 1862 4338 solum
1887 4292 2024 4352 prutenus
2044 4293 2113 4339 sicat

410 4386 463 4423 nus
481 4370 525 4425 vel
544 4369 616 4424 alius
634 4369 772 4442 quispiam
792 4371 831 4426 ita
848 4370 916 4425 velit
933 4369 1046 4426 inferre:
1065 4375 1098 4424 ut
1115 4387 1145 4425 se
1163 4369 1248 4426 habet
1273 4374 1356 4439 upra
1374 4372 1517 4442 perfidiae
1540 4371 1585 4424 usi
1606 4371 1750 4424 absentiae
1774 4387 1856 4422 verae
1871 4372 1949 4434 fidei.
1984 4368 2111 4441 Respon-

410 4473 504 4512 semen
523 4457 560 4511 ad
577 4456 680 4528 fruges,
699 4458 740 4512 ita
757 4474 787 4513 se
806 4456 910 4511 babent
929 4457 1004 4512 buna
1017 4458 1246 4527 operaadritam
1274 4458 1385 4513 demus:
1410 4456 1551 4513 Counexio
1575 4456 1688 4527 majoris
1711 4472 1766 4509 non
1790 4462 1833 4510 cst
1855 4454 1922 4510 satis
1945 4454 2024 4510 firma
2046 4472 2112 4526 pro-

410 4550 560 4599 aeteruam.
607 4542 662 4599 Sed
693 4560 786 4599 semen
819 4550 862 4599 est
891 4560 977 4598 cansa
1004 4544 1124 4616 frugum.
1172 4543 1247 4616 Ergo
1274 4552 1337 4614 ptcr
1365 4544 1520 4599 evidentem
1548 4542 1737 4613 disparitatem
1764 4541 1898 4597 bonorum
1921 4548 1950 4598 et
1974 4541 2112 4596 malorum

411 4630 495 4685 etiam
521 4630 595 4685 bona
623 4647 708 4702 opera
735 4635 801 4684 sunt
828 4646 913 4684 cansa
938 4629 1012 4685 ritae
1038 4637 1179 4693 aeternam
1206 4648 1247 4685 re·
1275 4646 1390 4700 operum
1413 4630 1441 4684 in
1469 4628 1682 4700 comparationis
1709 4627 1798 4682 tertio.
1834 4627 1914 4682 Bona
1935 4643 2021 4698 opera
2046 4634 2113 4683 sunt

410 4716 604 4788 responsiones
628 4717 784 4790 superiores
802 4724 884 4772 erunt
902 4718 1083 4787 repetendae,
1104 4717 1178 4788 quod
1197 4718 1248 4771 sci·
1275 4716 1435 4787 imperfecte
1462 4717 1547 4779 bona,
1574 4716 1648 4769 mala
1676 4731 1761 4784 opera
1787 4721 1852 4769 suut
1874 4713 1997 4783 perfecte
2021 4715 2112 4784 mala;

411 4802 479 4859 licet
504 4802 698 4859 similitudines
723 4820 779 4858 non
799 4803 856 4858 siut
876 4803 1066 4859 extendendae
1084 4803 1158 4858 ultra
1175 4820 1248 4856 com·
1275 4802 1318 4857 bis
1342 4819 1409 4873 ergo
1435 4802 1507 4857 inest
1530 4802 1653 4873 dignitas
1680 4800 1716 4854 ad
1745 4805 1859 4855 aeterua
1882 4798 2033 4870 supplicia,
2055 4799 2113 4855 illis

411 4890 564 4961 parationis
589 4890 714 4954 tertium,
741 4888 817 4961 quod
841 4905 898 4944 non
915 4889 1049 4960 probent,
1074 4890 1124 4943 sed
1141 4896 1248 4944 tantum
1275 4906 1341 4946 vero
1367 4905 1422 4943 non
1444 4889 1519 4944 inest
1541 4887 1664 4959 dignitas
1679 4886 1717 4941 ad
1732 4892 1846 4941 aeterna
1863 4887 1995 4958 praemia.
2030 4885 2114 4951 Quod

412 4974 564 5041 illustrent,
592 4982 643 5030 etc.
689 4975 805 5031 Possem
831 4974 905 5028 enim
933 4992 966 5031 ex
990 4974 1044 5029 bac
1070 4974 1250 5031 similitudine
1276 4977 1312 5032 ad
1330 4977 1464 5031 minorem
1483 4976 1597 5041 attinet,
1622 4974 1792 5030 ostendimus
1810 4990 1861 5030 suo
1878 4974 1955 5040 loco,
1972 4972 2114 5029 Christum

412 5061 496 5116 etiam
520 5062 559 5116 sic
581 5060 699 5115 inferre:
737 5053 971 5132 quemadmodum
994 5061 1139 5132 quodlibet
1156 5078 1250 5117 semen
1277 5061 1444 5118 satisfecisse
1464 5079 1515 5132 pro
1533 5060 1660 5117 omnibus
1677 5060 1800 5116 omniurn
1817 5058 1959 5116 hominum
1976 5060 2114 5130 peresum

316 5206 320 5213 ,
412 5147 580 5216 peculiarem
608 5146 714 5218 profert
733 5145 870 5216 fructum,
896 5146 936 5201 ita
955 5148 1100 5219 quodlibet
1115 5165 1185 5218 opus
1203 5165 1250 5203 re·
1276 5167 1310 5205 ex
1338 5166 1394 5220 quo
1421 5149 1534 5203 immote
1561 5148 1700 5219 sequitur,
1730 5145 2060 5202 causam-immediatam
2085 5155 2115 5201 et

414 5231 466 5286 luti
492 5232 712 5300 misericordiae,
734 5232 886 5302 patientiae
906 5239 956 5289 etc
977 5234 1145 5304 peculiarem
1163 5251 1250 5290 mere·
1277 5236 1461 5308 adaequatam
1495 5234 1680 5289 damnationis
1709 5250 1765 5288 neu
1795 5250 1855 5288 esse
1885 5239 2001 5302 peccata
2032 5231 2114 5298 (alias

415 5322 460 5371 tur
477 5319 561 5372 vitam
577 5326 732 5382 aeteruum
762 5318 997 5389 quemadmodum
1015 5336 1117 5389 semen,
1137 5322 1160 5374 si
1179 5339 1249 5376 mor·
1276 5337 1371 5376 ornnes
1397 5321 1522 5377 homiues
1552 5321 1772 5389 damnarentur),
1802 5319 1852 5373 sed
1878 5317 2113 5387 incredulitatem,

414 5410 492 5457 tuum
513 5404 612 5475 fuerit,
638 5404 756 5459 multum
775 5405 896 5459 t’ructum
917 5404 999 5460 affert
1015 5405 1080 5463 Joh.
1103 5412 1142 5475 12,
1162 5425 1187 5463 r.
1208 5413 1249 5462 24.
1276 5425 1349 5480 quae
1371 5406 1588 5462 satisfactionem
1610 5422 1627 5460 a
1649 5405 1760 5460 Christo
1784 5405 1947 5474 praestitam
1969 5404 2114 5474 repudiat;

414 5488 455 5543 ita
477 5489 550 5544 bona
575 5507 661 5562 opera
685 5490 830 5547 siluerint
849 5499 970 5555 mortua,
998 5494 1113 5548 multam
1133 5493 1253 5550 afferent
1276 5495 1418 5550 verissime
1429 5493 1515 5565 igitur
1526 5492 1636 5561 dicitur,
1647 5491 1722 5565 quod
1734 5490 1980 5546 solaincredulitas
1990 5490 2114 5561 damnet,

415 5574 500 5628 vitam
527 5582 669 5632 aeternam
693 5585 744 5634 etc.
788 5582 813 5634 3.
840 5578 997 5647 Erptr'carc
1024 5580 1124 5633 debeat
1150 5582 1250 5635 adver·
1275 5599 1331 5637 uon
1355 5581 1430 5652 quod
1453 5580 1560 5652 reliqua
1580 5586 1699 5650 peccata
1717 5579 1746 5633 in
1765 5593 1796 5631 se
1814 5594 1848 5632 ac
1865 5594 1916 5647 per
1933 5593 1963 5630 se
1981 5595 2038 5632 nou
2056 5578 2114 5632 sint

414 5662 490 5716 surii
513 5661 564 5730 (ait
582 5662 795 5732 Bellarminns),
826 5681 896 5734 quus
928 5666 985 5718 siut
1007 5666 1142 5734 proemia
1172 5666 1524 5735 bmbtdamnabilianed
1539 5665 1671 5737 quiafide
1686 5663 2001 5720 inchristumomnium
2013 5681 2113 5734 pecca·

416 5747 547 5818 operibss
571 5748 602 5802 in
627 5751 686 5803 vitu
705 5753 814 5818 futura
833 5751 995 5814 reddenda,
1021 5751 1048 5804 si
1071 5754 1114 5805 ud
1137 5769 1172 5807 cc
1194 5771 1251 5807 uos
1275 5759 1367 5807 torum
1391 5753 1516 5808 remissio
1538 5751 1691 5824 contingit3
1715 5768 1806 5822 neque
1828 5758 1921 5806 tamen
1940 5765 1974 5805 ex
1992 5767 2026 5805 eo
2044 5750 2112 5806 infe

412 5834 535 5904 pertinet
550 5834 610 5888 rita
627 5844 751 5890 ueterum
773 5836 1010 5908 Respondemus:
1030 5837 1137 5894 adeone
1154 5838 1253 5911 ignota
1276 5838 1406 5905 rendum,
1429 5840 1504 5912 quod
1530 5838 1598 5896 fides
1621 5856 1685 5895 cum
1709 5837 1830 5910 peccatis
1855 5842 1953 5892 conus
1969 5836 2112 5894 consciam

417 5925 460 5978 est
476 5918 647 5977 Bellarmino
670 5920 812 5978 distinctio
830 5922 1065 5981 scholasticorum
1082 5924 1156 5982 inter
1171 5940 1251 5996 prae-
1276 5924 1345 5982 tiam
1364 5924 1505 5995 combtat,
1524 5930 1557 5982 ut
1572 5942 1625 5982 suo
1645 5924 1708 5982 ioco
1724 5921 1902 5980 munaum
1917 5921 2047 5980 iacimus.
