4800 6659
1023 685 1074 741 DE
1093 684 1207 741 BONIS
1227 682 1422 741 ornamus.
1510 703 1513 712 ·
2029 691 2068 751 8'l

374 839 447 895 illam
473 839 596 912 padue,
628 840 677 895 sed
704 841 776 895 bane
798 838 885 894 debiti
912 840 1067 896 mercedem
1085 838 1205 909 respicit.
1235 839 1292 901 brie,
1311 840 1383 893 sieut
1401 840 1546 894 hereditas
1562 841 1673 904 liberis,
1689 845 1808 910 propter
1825 840 1902 906 prod
1919 856 1973 893 non
1989 838 2071 894 lsabst

373 926 490 992 Quando
518 942 584 996 ergo
614 925 799 980 Bellarminus
827 927 963 997 disputat,
999 928 1153 980 nsercedem
1181 933 1206 978 et
1233 925 1370 980 rationem
1395 928 1542 983 mmeedis.
1578 925 1651 990 Quid
1670 926 1744 997 quod
1762 925 1821 995 ipse
1842 923 2020 994 Stspletonus
2037 925 2069 981 in

371 1014 499 1067 uerbum
518 1029 576 1066 esse
593 1013 723 1082 relatiua,
737 1015 990 1068 mercedemresicli
999 1012 1207 1080 meritsb,sieut
1233 1012 1348 1066 antidot
1394 1011 1494 1067 Matth.
1516 1019 1540 1069 5.
1575 1030 1604 1083 p.
1630 1018 1671 1067 45.
1709 1010 1912 1082 quodammodo
1940 1010 2067 1081 agnoscit

370 1100 465 1168 pratia
492 1099 586 1169 protis
612 1101 713 1163 datur,
743 1108 810 1154 tunc
839 1100 967 1170 procedit
995 1115 1012 1152 a
1036 1098 1207 1169 proprietate
1233 1098 1395 1167 mercedem,
1416 1115 1489 1168 quae
1507 1098 1586 1153 bonis
1604 1102 1761 1153 renatorum
1776 1096 1910 1163 redditur,
1930 1113 1990 1152 esse
2003 1113 2067 1167 grs-

371 1184 452 1241 uuius
482 1184 586 1255 speciei
617 1186 654 1241 ad
682 1186 879 1255 proprietatem
907 1184 1032 1256 generis,
1065 1183 1139 1255 quod
1164 1188 1207 1236 est
1232 1183 1345 1252 tuitsm,
1372 1201 1423 1239 nec
1441 1185 1493 1239 nisi
1512 1183 1701 1255 promissionis
1722 1190 1851 1253 respectu
1870 1181 1994 1237 debitam
2011 1181 2068 1239 dici

369 1269 579 1340 ἀσυλλόγιστον.
614 1271 713 1342 Neque
731 1271 805 1326 enim
823 1272 972 1342 sequitnrz-
985 1270 1121 1341 qnaedam
1136 1286 1206 1323 mer·
1232 1287 1320 1339 posse.
1357 1272 1411 1325 Eu
1429 1271 1541 1341 quidem
1559 1270 1670 1341 (inquit)
1684 1269 1837 1339 promissio
1855 1268 1916 1322 Dei
1931 1268 2066 1336 pratuita,

370 1375 414 1414 ces
450 1357 565 1427 respicit
602 1357 748 1413 meritum:
793 1375 859 1427 ergo
895 1357 983 1412 omnis
1022 1373 1127 1411 merces
1164 1372 1205 1409 re·
1228 1358 1415 1426 promissione
1440 1366 1531 1411 autern
1557 1357 1642 1411 semel
1665 1359 1750 1421 faeta
1774 1355 1920 1409 retributio
1945 1371 2002 1407 non
2027 1362 2068 1408 est

369 1443 453 1516 spicit
470 1444 614 1512 meritum3
638 1444 754 1514 perinde
773 1450 875 1499 utnon
893 1444 959 1498 lieet
978 1442 1093 1510 inferre3
1119 1439 1205 1511 quod·
1232 1445 1368 1513 praecito,
1392 1446 1446 1497 sed
1467 1442 1621 1510 bebdoria,
1650 1460 1707 1496 non
1732 1441 1799 1510 quia
1818 1443 1896 1495 Deus
1914 1441 1994 1494 nobie
2010 1440 2065 1493 eli·

370 1530 433 1585 dam
470 1528 575 1584 ammai
611 1535 654 1584 est
689 1530 832 1585 rationale.
881 1530 957 1600 Ergo
988 1545 1069 1584 omne
1102 1526 1205 1582 animal
1233 1530 1303 1598 quid
1319 1531 1414 1598 debu,
1437 1533 1489 1584 sed
1508 1531 1668 1600 quincius,
1688 1531 1766 1599 puori
1786 1528 1910 1596 prutuim
1929 1527 2066 1596 promisit,

369 1623 411 1672 est
427 1616 573 1671 rationale.
608 1623 631 1672 t.
648 1616 827 1671 Probaudum
846 1634 912 1672 vero
931 1616 1030 1682 luerit,
1051 1614 1205 1669 mercedem
1233 1617 1342 1670 debitor
1355 1618 1453 1681 faetus
1472 1625 1512 1670 est
1532 1625 1558 1670 et
1575 1633 1604 1670 se
1620 1617 1712 1686 ipsum
1730 1632 1834 1683 nepare
1848 1630 1902 1667 non
1918 1621 2021 1682 potest.

369 1701 476 1774 petius
494 1701 705 1772 intelligendam
726 1719 800 1769 esse,
829 1703 941 1775 quando
968 1701 1048 1757 bonis
1076 1699 1206 1770 operibus
1270 1708 1326 1757 114.
1364 1702 1493 1758 Ceterum
1513 1721 1576 1759 cnm
1594 1703 1623 1757 in
1640 1702 1775 1773 parabola
1792 1700 1894 1758 Christi
1908 1699 2005 1755 Matth.
2021 1704 2065 1756 26.
2079 1697 2190 1789 genter·

368 1795 527 1844 renatorum
556 1805 659 1842 merces
687 1789 858 1858 promittitur
883 1788 928 1844 vel
957 1788 1053 1856 datur3
1084 1785 1113 1839 id
1140 1800 1205 1839 rero
1232 1788 1267 1843 de
1293 1790 1426 1859 operariis
1446 1789 1475 1843 in
1494 1791 1575 1843 vinea
1592 1806 1724 1859 magnum
1745 1787 1902 1859 argumenti
1920 1785 1963 1840 sui
1982 1785 2067 1840 robur
2080 1759 2182 1840 finilia

370 1873 520 1944 probamus
538 1889 570 1928 ex
590 1874 721 1945 analogia
738 1874 818 1943 fidei,
839 1892 911 1946 quae
930 1875 1020 1941 docet,
1037 1872 1111 1927 bona
1126 1886 1205 1926 rena·
1231 1875 1411 1928 coustitutum
1443 1876 1580 1931 existimet
1610 1875 1812 1940 Bellarminus,
1845 1873 2010 1944 opponimus
2040 1853 2195 1947 silim„

370 1967 460 2016 torum
474 1974 562 2029 opera
579 1976 640 2015 esse
655 1961 715 2031 jam
735 1966 802 2016 ante
819 1961 914 2015 multis
932 1958 1089 2015 nominibus
1102 1955 1205 2021 debita,
1232 1960 1301 2015 haec
1319 1960 1517 2016 fundamenta:
1546 1968 1568 2016 l.
1587 1961 1629 2015 Ex
1646 1960 1787 2031 parabolis
1805 1977 1862 2014 non
1881 1966 1923 2014 est
1936 1959 2065 2030 judican-

369 2063 430 2104 esse
448 2046 613 2117 imperfecta
633 2052 661 2103 et
678 2047 742 2102 labe
760 2047 869 2117 peccati
887 2047 917 2101 in
935 2049 1204 2115 eunepeccatorum
1232 2046 1298 2101 dum
1315 2047 1351 2102 de
1368 2048 1492 2103 articulis
1510 2047 1591 2111 fidei,
1618 2048 1668 2103 sed
1686 2054 1784 2102 contra
1801 2048 1893 2116 potius
1913 2062 1947 2101 ex
1965 2047 2067 2102 articu-

368 2132 460 2189 udbuc
479 2133 619 2189 haerentis
638 2133 839 2201 contaminata,
866 2150 899 2187 ac
919 2133 1034 2204 proinde
1050 2148 1106 2186 non
1124 2147 1205 2200 posse
1232 2133 1265 2186 lis
1294 2132 1361 2187 fidei
1392 2138 1436 2203 (ex
1468 2133 1600 2204 analogia
1626 2132 1692 2188 fidei
1716 2132 1835 2203 propriis
1859 2139 1888 2187 et
1913 2131 2066 2203 perspicuis

368 2218 459 2274 Deum
483 2219 656 2290 obstringere
679 2221 714 2274 ud
741 2220 895 2274 mercedem
914 2237 948 2274 ex
971 2217 1065 2273 debito
1079 2216 1205 2287 justitiae
1232 2219 1323 2274 verbis
1349 2219 1378 2274 in
1406 2219 1556 2289 Scripturis
1583 2219 1737 2291 proposita)
1762 2219 1946 2290 judicandum
1972 2227 2015 2275 est
2030 2220 2067 2278 de

367 2305 545 2361 reddendam.
581 2306 651 2361 Item
676 2305 780 2360 nullam
807 2323 867 2361 essu
893 2305 1097 2376 proportionem
1121 2310 1205 2372 atque
1233 2304 1379 2374 parabolis.
1415 2304 1547 2361 irenaeus
1571 2306 1619 2360 lib.
1640 2312 1662 2361 2.
1686 2305 1820 2359 adversus
1843 2303 1948 2360 haeres.
1972 2322 1997 2360 c.
2016 2312 2067 2363 sa:

367 2391 564 2463 aequanimam
581 2392 654 2447 inter
672 2408 756 2462 opera
776 2398 804 2445 at
824 2390 933 2446 illorum
948 2390 1080 2462 praemia,
1098 2406 1131 2443 ac
1143 2404 1205 2457 pro·
1234 2390 1307 2452 Quia
1329 2393 1486 2460 parabolas
1504 2392 1606 2445 multas
1623 2392 1749 2460 recipere
1770 2398 1889 2460 possunt
1912 2392 2065 2446 absolutio·

367 2478 432 2533 inde
454 2494 511 2532 non
530 2493 612 2547 posse
635 2477 691 2531 dici
710 2477 865 2545 meritoria3
892 2494 925 2531 ex
945 2476 1069 2548 gratuita
1090 2474 1204 2545 prornis-
1232 2494 1281 2530 nes
1299 2495 1332 2531 ea
1349 2479 1427 2548 spese,
1446 2480 1482 2531 de
1502 2478 1680 2547 inquinatione
1698 2477 1759 2530 Dei
1775 2477 1924 2546 affirmare
1941 2478 2066 2533 derelin-

368 2563 443 2620 sione
464 2562 525 2617 dari
551 2564 630 2619 bonis
652 2562 784 2633 operibns
809 2562 942 2633 praemia.
977 2563 1052 2635 Ergo
1070 2580 1125 2617 nou
1143 2577 1205 2630 pro·
1233 2572 1344 2631 qucum
1374 2567 1453 2634 quod
1478 2574 1597 2627 eertum,
1632 2563 1818 2616 indubitatum
1847 2570 1874 2615 et
1899 2579 1994 2617 verum
2018 2568 2067 2631 eet,

333 2679 344 2708 a
368 2657 429 2722 pter
445 2650 611 2721 dignitatem
630 2649 752 2719 aliquam
768 2667 801 2704 ac
821 2649 949 2705 meritum
968 2665 1071 2704 eorum.
1101 2648 1160 2705 Col.
1180 2653 1205 2709 3,
1233 2651 1314 2704 auide
1337 2651 1591 2720 praecipitantium
1616 2666 1646 2703 sr-
1674 2650 1705 2702 in
1726 2648 1885 2717 perieulum
1909 2656 1934 2702 et
1952 2648 2068 2705 irratio·

368 2754 393 2790 r.
414 2742 455 2792 tr.
472 2736 607 2806 >praemia
635 2736 769 2790 bonorum
796 2752 910 2806 operum
929 2742 1063 2790 vocantur
1082 2733 1205 2790 irruati-
1234 2738 1370 2791 nubilium
1387 2754 1458 2804 esse,
1476 2739 1540 2806 puris
1558 2755 1614 2791 nan
1633 2736 2067 2804 amantiumoeritatemeonfits·

370 2824 448 2884 boam
463 2824 510 2889 τῆς
527 2825 721 2894 κληρονομίας,
737 2822 884 2875 retributio
903 2822 1074 2877 hereditatis.
1104 2820 1205 2885 Quem·
1233 2825 1328 2878 tnnrt
1346 2823 1521 2879 Chemnicius
1541 2823 1570 2879 in
1588 2823 1656 2879 locis
1675 2839 1735 2892 esp.
1755 2822 1790 2877 de
1806 2820 1855 2876 lib.
1873 2821 1954 2876 arbit
1967 2839 1995 2893 p.
2008 2827 2068 2880 662.

270 2912 361 2956 Willi-
371 2908 519 2964 admodum
537 2907 610 2961 tilius
630 2908 754 2962 nascitur
774 2906 869 2974 heres,
889 2924 940 2962 nec
961 2909 1092 2978 oporibus
1111 2908 1141 2962 id
1160 2908 1206 2962 de·
1234 2909 1339 2981 allegat
1356 2926 1390 2965 ex
1407 2909 1591 2979 Hieronymo:
1612 2910 1764 2978 Nunquam
1777 2908 1937 2978 parobolae
1956 2910 1998 2963 ael
2018 2909 2068 2962 siu·

372 3012 445 3050 mum
470 2994 620 3065 promereri
638 3009 750 3048 necesse
775 2994 875 3059 habet;
903 2994 941 3048 sie
960 2994 999 3063 pii
1019 3011 1051 3049 er
1070 2993 1131 3047 Deo
1148 2993 1206 3047 uati
1234 2998 1280 3049 bia
1303 2997 1465 3064 ‹lapmatum
1490 2995 1677 3063 intellipentia
1699 3003 1794 3065 potest
1816 2995 1858 3048 ud
1875 2993 2069 3049 unumunurn

372 3088 434 3137 sunt
452 3081 482 3136 in
502 3080 611 3137 Christo
629 3079 724 3134 dilecti
743 3079 796 3135 Dei
813 3079 878 3148 filii,
907 3080 1005 3151 quodsi
1024 3080 1085 3148 filii,
1111 3079 1208 3151 utique
1234 3084 1394 3148 ‹lopmatum
1416 3082 1564 3150 proficere.
1600 3081 1684 3136 2.1n
1702 3080 1853 3149 parabolis
1870 3098 1920 3134 nee
1944 3088 2069 3149 possunt,

371 3170 452 3224 men
476 3166 605 3233 beredes3
631 3165 742 3221 interim
763 3173 856 3221 tamen
875 3165 1108 3239 quemadmodum
1128 3166 1207 3238 larga
1233 3169 1390 3224 audebant
1407 3168 1521 3236 sinpnla
1536 3167 1657 3221 membra
1673 3168 1780 3234 urperi,
1798 3168 1978 3235 sedsrrssieit,
1987 3166 2069 3237 prin·

372 3252 510 3310 hereditas
536 3252 618 3308 simul
648 3257 690 3307 est
718 3253 872 3322 praemium
899 3251 992 3308 filialis
1018 3252 1208 3319 obedientiam
1234 3256 1353 3324 upalem
1370 3272 1467 3309 eornm
1479 3254 1570 3308 teceri
1580 3271 1702 3323 scopum,
1724 3270 1796 3324 quaa
1814 3259 1857 3308 est
1870 3252 1969 3324 regula
1980 3252 2069 3324 Chry·

372 3342 410 3397 its
441 3355 554 3411 quoquc
583 3338 711 3394 coelestis
739 3338 813 3393 vitae
840 3339 963 3409 praemia
992 3339 1147 3410 largissime
1179 3348 1208 3394 et
1233 3340 1346 3395 sostomi
1369 3339 1463 3395 homil.
1491 3344 1533 3397 65.
1562 3338 1591 3393 in
1616 3356 1639 3393 u
1660 3344 1702 3394 26.
1729 3338 1828 3393 Matth.
1856 3356 1940 3410 quam
1967 3340 2069 3411 repetit

372 3427 453 3498 louge
475 3425 550 3480 ultra
573 3424 744 3496 condignum
767 3425 875 3495 piorum
893 3441 978 3496 opera
995 3431 1024 3479 et
1040 3424 1206 3480 afflictiones
1233 3426 1459 3497 Theophylactus
1478 3425 1507 3481 in
1524 3442 1549 3483 c.
1569 3430 1608 3482 lb.
1626 3424 1695 3479 Luc.
1714 3424 1758 3479 his
1775 3424 1880 3481 verbis:
1900 3426 1997 3480 Omnis
2011 3443 2066 3495 pu·

372 3517 589 3583 recompensant
616 3511 685 3566 Luc.
703 3518 727 3579 6,
746 3529 773 3566 v.
790 3517 832 3567 32.
850 3529 914 3566 cum
931 3511 1057 3566 Christus
1075 3510 1110 3566 de
1128 3527 1206 3581 prae·
1233 3513 1336 3568 robola
1353 3514 1465 3583 oblique
1483 3521 1509 3568 et
1525 3514 1644 3578 tiperato
1661 3513 1744 3565 morlo
1768 3529 1862 3565 rerum
1887 3515 2069 3580 perorandum

373 3601 431 3656 uiis
451 3600 586 3656 bonorum
605 3614 720 3669 operum
738 3598 912 3669 loqueretur,
929 3598 1088 3669 subjungit:
1110 3597 1145 3651 Si
1162 3597 1205 3652 eli·
1233 3609 1366 3654 nnturam
1384 3607 1589 3669 repraesentat,
1616 3616 1672 3652 non
1692 3615 1748 3666 per
1765 3599 1859 3652 omnio
1879 3598 1939 3653 uin
1958 3600 2068 3655 assimi-

373 3687 460 3754 lips'te's
476 3703 539 3754 eae,
558 3686 608 3754 pul
626 3703 674 3739 eos
695 3685 831 3752 dilipunt‚
855 3702 927 3754 quae
947 3686 1023 3739 robis
1041 3684 1137 3753 pratia
1157 3691 1206 3749 est,
1233 3688 1303 3756 lata,
1317 3694 1436 3756 propter
1453 3702 1524 3754 puae
1536 3692 1681 3753 assumpta
1693 3693 1749 3747 est,·
1767 3685 1875 3740 r'rlcirco
1890 3703 1946 3738 non
1957 3695 2068 3755 oportet

371 3772 421 3830 hoc
437 3779 481 3829 eet
498 3788 572 3843 quae
591 3788 695 3826 merces
713 3789 747 3825 ex
763 3771 872 3843 gratim
891 3770 1013 3826 Basilius
1031 3770 1060 3824 iu
1080 3769 1205 3826 Psalmos
1232 3791 1324 3828 omnes
1343 3771 1552 3846 parabolarum
1568 3780 1670 3840 partes
1692 3771 1831 3824 curiosius
1850 3773 1988 3836 remeari,
2015 3776 2068 3829 sed

372 3858 495 3930 septena.
521 3857 614 3914 homil.
639 3863 663 3914 2.
689 3874 760 3928 quae
786 3865 830 3912 est
854 3857 883 3911 in
908 3856 1010 3911 Psalm.
1030 3864 1053 3913 ἵ.
1079 3874 1144 3928 pag.
1162 3863 1203 3913 69.
1232 3870 1368 3931 quatenus
1392 3867 1531 3930 apparent
1553 3857 1700 3927 proposito
1723 3857 1820 3922 utiles,
1843 3859 1970 3928 reliquae
1993 3861 2067 3915 enim

373 3944 459 4013 docet,
480 3945 648 4013 Scripturas
668 3944 895 3998 consuetudinem
915 3960 980 4011 esse,
998 3952 1028 3996 ut
1047 3940 1205 3999 rimoridio·
1231 3931 1366 4001 eluendae
1384 3953 1449 3998 surrt
1466 3944 1550 4014 quasi
1571 3942 1748 4014 parobolam
1761 3953 1933 3999 conterentes
1952 3953 1977 3999 et
1994 3947 2067 4002 nibil

373 4048 415 4087 aar
441 4030 520 4087 dieat
547 4047 598 4101 pro
627 4029 703 4084 δόσει
729 4036 758 4085 et
781 4028 990 4099 brrunodobrni
1015 4046 1067 4100 pro
1095 4032 1204 4097 ieiuni,
1232 4039 1272 4090 ad
1296 4033 1471 4103 propositum
1495 4034 1686 4086 candescentes.
1722 4030 1908 4088 ti*Salmcrou
1926 4037 2006 4089 tract.
2024 4036 2067 4090 66.

371 4116 578 4173 retributionem
615 4133 664 4185 pro
696 4116 769 4170 dono
800 4108 828 4171 et
857 4116 1010 4171 retribuere
1046 4134 1097 4187 pro
1130 4117 1204 4174 dare.
1231 4128 1298 4175 sect
1321 4125 1347 4175 l:
1376 4118 1584 4173 Similitudines
1611 4135 1762 4187 corporum
1787 4125 1814 4170 et
1840 4119 2067 4185 comparationes

372 4203 544 4275 tugmtmn
570 4202 600 4257 in
625 4200 728 4255 Psalm.
756 4208 818 4257 109:
848 4201 961 4255 Fracta
984 4204 1079 4267 Deus,
1108 4204 1159 4273 qui
1175 4220 1205 4256 se
1231 4226 1285 4263 non
1307 4215 1426 4276 ponerint
1443 4205 1572 4274 praecise
1587 4212 1802 4273 repraesentare
1820 4220 1915 4257 rerum
1931 4206 2067 4273 spiritua·

371 4300 492 4346 nasim
514 4289 665 4343 debitorem
682 4289 772 4357 feeit,
806 4306 863 4342 non
886 4289 1002 4358 aliquid
1024 4308 1042 4342 a
1060 4289 1139 4343 nobsir
1158 4307 1204 4343 ue·
1231 4294 1300 4348 tium
1314 4294 1506 4364 proprietates
1525 4299 1551 4345 et
1569 4291 1597 4344 si
1613 4291 1643 4344 in
1656 4298 1742 4360 parte
1759 4291 1858 4359 aliqua
1875 4292 2011 4358 serriunt,
2036 4291 2068 4346 in

371 4376 677 4447 inprovidentiam
696 4375 774 4428 nobis
788 4375 980 4444 promittendo
999 4380 1051 4431 etc.
1071 4376 1207 4444 quiequid
1232 4381 1326 4435 multis
1344 4387 1408 4434 eunt
1425 4377 1630 4435 dissimilem
1673 4383 1706 4435 3.,
1718 4374 1872 4431 lutucudus
1891 4376 1977 4448 igitur
1993 4377 2066 4447 prin·

369 4461 515 4533 ponne,
533 4460 660 4528 isdipnis
674 4462 824 4529 premisit,
847 4470 877 4514 ut
895 4480 951 4515 non
971 4462 1057 4530 quasi
1075 4463 1205 4531 operibus
1231 4466 1329 4537 cipalis
1352 4464 1500 4536 parabolae
1523 4479 1638 4533 scopus,
1664 4464 1712 4534 qui
1735 4481 1769 4519 er
1791 4464 2021 4519 antecedentibus
2038 4468 2068 4520 et

372 4566 473 4606 merces
486 4548 706 4618 promitteretur,
724 4548 776 4600 secl
791 4548 889 4615 pratia
910 4565 929 4601 a
944 4566 996 4603 suo
1015 4550 1125 4603 nomine
1139 4568 1204 4617 pra·
1232 4552 1465 4625 consequentibus
1494 4551 1562 4605 eatis
1594 4549 1740 4619 perspicue
1768 4549 1906 4605 elucescit.
1949 4547 2066 4605 Praccc·
2173 4595 2175 4597 -

307 4667 311 4674 ·
371 4636 405 4690 tis
432 4637 558 4690 duretur.
595 4631 808 4703 chrysostomus
833 4633 861 4687 in
886 4649 909 4687 c.
935 4639 975 4689 tt.
996 4633 1109 4691 Matth:
1139 4637 1310 4729 Nonldenti
1327 4657 1350 4693 c.
1373 4645 1412 4695 19.
1435 4638 1545 4693 accedit
1562 4637 1598 4691 ad
1618 4635 1757 4691 Christum
1775 4637 1887 4707 juvenis
1905 4635 2018 4708 quidum
2036 4634 2067 4690 iu

372 4722 509 4788 debendo,
532 4721 585 4774 sed
598 4718 790 4788 promittendo
810 4721 890 4773 Deus
908 4737 937 4773 se
955 4721 1107 4774 debitorem
1119 4723 1204 4787 fecit.
1232 4725 1332 4781 scholis
1357 4723 1568 4781 Pharisaeorum
1594 4723 1753 4790 institutus,
1784 4723 1913 4793 opinione
1939 4722 2067 4794 justitiet

371 4806 489 4878 Prosper
512 4805 560 4861 lib.
591 4812 611 4861 Ι.
639 4804 674 4860 de
697 4811 787 4860 vocat.
812 4807 938 4875 gentium
957 4822 981 4860 c.
1006 4812 1050 4861 lt:
1081 4807 1154 4860 Ideo
1173 4808 1204 4860 in
1232 4811 1359 4883 propriae
1397 4819 1425 4865 et
1454 4810 1593 4879 perfectae
1624 4809 1792 4879 impletionis
1830 4809 1900 4880 legis
1937 4807 2139 4877 inflatus3v¹1t
2153 4815 2197 4859 ¹³2

367 4893 510 4965 parabola
529 4894 566 4946 de
582 4893 634 4954 bis,
653 4892 703 4961 qui
720 4892 853 4945 laborant
872 4892 901 4944 in
920 4892 1011 4959 vinea,
1031 4895 1118 4946 datur
1130 4894 1204 4947 iriam
1217 4852 1220 4976 i
1233 4899 1327 4951 omrriu
1346 4898 1415 4951 hare
1428 4909 1598 4966 praecepto,
1616 4894 1714 4966 inquit,
1733 4897 1873 4950 crmtodiei
1890 4914 1908 4948 a
1920 4896 2066 4963 juventute

367 4980 527 5051 praemium
543 4980 694 5048 utilemque
714 4995 818 5032 merces
837 4978 963 5031 omnibus
985 4981 1134 5048 operariis,
1147 4981 1204 5034 siae
1231 5002 1307 5049 mea,
1339 4985 1409 5053 quiri
1435 4983 1527 5037 adbuc
1554 4982 1624 5036 milri
1645 4984 1742 5036 deest!
1769 5000 1796 5038 r.
1816 4986 1856 5037 20.
1882 4980 1922 5035 illi
1940 4979 2066 5036 Cluistus

371 5068 485 5123 multum
502 5066 560 5120 sine
571 5082 676 5135 parurn
693 5064 900 5132 laboraverint,
927 5074 957 5118 ut
981 5066 1016 5129 ii,
1044 5067 1093 5137 qui
1119 5069 1205 5122 nrulto
1231 5071 1352 5142 speciale
1375 5069 1536 5124 mandatum
1560 5069 1595 5123 de
1620 5068 1809 5139 relinquendis
1833 5066 1913 5123 bonis
1936 5065 2065 5123 omnibus

371 5155 467 5210 labare
484 5154 640 5219 sudarunt,
666 5168 721 5205 resve¹
743 5151 865 5219 amplius
890 5169 973 5221 quam
997 5154 1141 5208 novissimi
1158 5157 1372 5264 rue-'proponit
1405 5160 1437 5208 ut
1465 5154 1517 5209 bac
1549 5155 1656 5211 ratione
1679 5156 1770 5224 ipsum
1795 5155 1955 5221 convincat,
1989 5154 2064 5224 quod

370 5248 518 5312 ceperum,
541 5239 714 5307 intellipant,
743 5240 848 5292 donum
869 5256 898 5292 se
916 5240 1040 5308 prutina,
1065 5259 1122 5294 non
1140 5244 1353 5328 ope-,noudum
1380 5242 1478 5313 diligat
1498 5242 1590 5298 Deum
1612 5257 1696 5311 super
1716 5242 1821 5309 omnia3
1844 5259 1869 5296 r.
1893 5246 1933 5295 21.
1956 5242 2066 5308 iuuenis

369 5347 432 5383 mem
456 5327 600 5396 accepisse
625 5326 789 5381 maceriem.
825 5324 955 5396 Lyranus
974 5325 1002 5380 in
1020 5326 1203 5384 albich:
1231 5331 1301 5383 traca
1326 5330 1446 5383 caelicus
1470 5329 1591 5382 discedit
1614 5328 1712 5381 tristis.
1735 5345 1760 5382 v.
1780 5333 1821 5383 22.
1846 5343 1902 5397 qua
1921 5329 2067 5386 occasione

373 5412 477 5469 Gloria
500 5411 628 5467 eoelestis
653 5428 710 5464 non
735 5410 854 5480 proprie
879 5413 986 5466 dieitur
1004 5429 1123 5482 meroes,
1153 5418 1205 5470 sul
1232 5414 1357 5471 Christus
1376 5415 1412 5469 ad
1431 5414 1582 5484 discipulos
1602 5430 1753 5469 conversus
1771 5414 1805 5468 de
1824 5413 1929 5468 divitiis
1946 5414 2065 5484 disserit,

371 5500 560 5555 tantummodo
579 5498 672 5566 turpe,
692 5498 723 5549 in
743 5506 876 5567 quantum
895 5516 987 5566 omne,
1012 5502 1090 5568 quod
1107 5504 1204 5555 recidi·
1231 5502 1306 5572 quod
1330 5501 1385 5556 illis
1408 5501 1582 5556 abundantes
1609 5499 1759 5555 difficulter
1781 5500 1885 5555 intrent
1901 5501 1930 5555 in
1949 5518 2066 5573 regnum

369 5593 415 5640 tur
445 5585 476 5639 in
498 5584 659 5656 praemium
686 5583 808 5653 lubomir,
836 5584 941 5637 dieitur
967 5602 1081 5643 mures.
1116 5588 1205 5643 Ratio
1228 5587 1370 5648 ,coelorum
1395 5603 1421 5645 v.
1450 5593 1491 5643 23.
1527 5586 1628 5642 Petrus
1653 5602 1720 5641 vero
1747 5602 1777 5640 se
1804 5593 1836 5641 et·
1858 5587 2009 5658 discipulos
2032 5604 2067 5644 eo

370 5680 463 5726 autern
477 5672 563 5741 brejas
582 5677 630 5737 est,
652 5669 720 5738 puio
736 5670 882 5724 heredetas
900 5671 1086 5742 distinquitur
1103 5691 1122 5727 a
1134 5692 1204 5729 ruer·
1231 5674 1390 5745 pervenisse
1407 5681 1497 5742 ratus,
1516 5689 1571 5744 quo
1589 5673 1635 5728 hic
1651 5670 1762 5743 juvenis
1779 5671 1946 5742 vocabatur,
1966 5674 2006 5729 sic
2025 5673 2066 5730 iu·

369 5759 435 5814 esde
447 5756 568 5829 proprie
585 5756 677 5819 elicta,
696 5756 768 5810 sieut
784 5755 881 5825 tilius,
899 5758 946 5810 ersi
963 5759 1078 5813 debetur
1094 5761 1205 5815 beredi-
1230 5762 1296 5819 fert:
1313 5763 1397 5830 Ecce,
1414 5779 1465 5814 nos
1476 5760 1641 5827 reliquimus
1658 5758 1754 5812 omniu
1772 5767 1797 5813 et
1816 5761 1905 5814 secati
1922 5777 2018 5814 eamus
2031 5767 2065 5829 te,

368 5852 423 5913 tus,
448 5843 631 5911 distinpnitur
649 5843 685 5896 ab
703 5842 834 5913 operruio
856 5845 1037 5914 conductitio,
1056 5848 1104 5902 cui
1121 5848 1204 5904 debe·
1231 5848 1301 5918 periri
1317 5864 1384 5916 erpo
1403 5848 1458 5903 erit
1474 5847 1575 5901 notui
1598 5863 1623 5902 r.
1641 5851 1684 5903 tt.
1705 5845 1835 5903 nimirum
1854 5845 1988 5901 sollicitus
2006 5851 2068 5904 erat

369 5938 415 5987 tur
435 5946 556 5999 mercem
581 5928 677 5998 pluria
700 5936 791 5992 arden
816 5928 945 5986 rostatis
963 5932 1095 5988 redditur
1105 5933 1205 6001 fideli·
1231 5934 1267 5991 de
1282 5933 1419 6004 mercada
1436 5950 1473 5990 ne
1491 5948 1547 5989 nou
1565 5931 1688 6004 amplam
1705 5938 1735 5989 et
1752 5934 1895 6007 copiosam
1913 5931 1982 5987 satis
2000 5931 2067 5990 ebra
