4800 6659
912 608 964 666 nn
983 606 1323 666 sscaomrmsuo.
1908 616 1969 681 sta

263 773 362 821 autem
394 781 453 836 per
487 766 580 820 solam
613 765 820 833 imputationem
856 765 1122 819 circumcidebatur*
1141 770 1204 829 143,
1228 783 1253 819 v.
1281 769 1312 819 2:
1341 765 1385 818 Ne
1411 764 1499 819 intres
1522 766 1554 817 in
1571 765 1714 833 judicium
1737 782 1797 819 oum
1816 784 1896 822 serso
1914 777 1971 839 tuo,

263 868 352 921 earo,·
379 851 412 903 in
439 852 517 903 mari
542 851 628 903 rubro
653 867 716 904 uere
733 852 944 919 suffocabantur
963 851 1106 921 Aepyptis'.
1119 841 1121 890 i
1134 851 1268 914 Domine,
1299 852 1366 918 quia
1393 869 1449 904 non
1468 851 1672 919 justificabitur
1697 852 1727 905 in
1749 862 1898 921 conspectu
1921 863 1970 909 tuo

263 936 350 991 Idem
362 937 515 990 dicendum
526 938 563 989 de
571 936 703 989 dordone
716 946 833 990 sanante
845 938 955 1007 lepram
969 942 994 993 2.
1003 940 1072 1005 Req.
1080 941 1105 990 b.
1119 939 1222 990 {omnis
1237 939 1341 994 uirens.

264 1025 304 1075 de
343 1022 530 1093 suffocatione
558 1018 709 1091 porcorum
744 1023 848 1077 Mattb.
879 1027 903 1077 8.
933 1026 969 1077 de
991 1015 1121 1094 piscinas
1169 1029 1224 1077 lat.
1260 1021 1365 1086 Quinta
1388 1022 1484 1077 classis
1510 1024 1728 1079 testimoniorum
1752 1025 1876 1080 continet
1894 1023 2001 1080 simi-⁶·
2015 1024 2057 1066 ¹²⁰¹

261 1109 418 1179 probatica
450 1108 516 1162 Job.
545 1112 571 1161 b.
604 1109 639 1161 de
670 1109 771 1162 lotione
804 1118 830 1163 et
857 1111 1002 1164 curatione
1029 1109 1107 1164 caeci
1118 1103 1277 1163 'litudinem
1293 1108 1562 1181 peccatioriginalis.
1593 1074 2092 1182 Rom.s,v,1s:sicutperi.¹f⁸i¹i2“

264 1196 332 1248 nati
354 1195 421 1249 Job.
444 1197 469 1248 t.
497 1211 568 1263 quas
594 1195 687 1259 fuisse
713 1197 845 1265 baptismi
862 1200 976 1265 fiquras
1001 1204 1105 1249 teuton·
1118 1187 1215 1248 iunius
1232 1196 1450 1250 inobedientiam
1467 1204 1629 1264 peccatores
1647 1197 1791 1251 constituti
1801 1205 1865 1250 ssent
1876 1198 1966 1266 multi,
1979 1178 2102 1278 ffifflffi'
2141 1195 2144 1210 '

266 1288 317 1332 tur
340 1288 453 1334 ueteres.
489 1278 714 1349 Respondemus:
743 1288 765 1336 l.
783 1282 881 1335 vitiose
900 1282 1050 1351 opponitur
1067 1282 1104 1350 id,
1131 1281 1173 1333 ita
1186 1289 1275 1350 etper
1286 1283 1369 1334 unius
1382 1281 1570 1335 obedientiam
1581 1283 1652 1348 justi
1666 1283 1867 1336 constituentur
1879 1284 1965 1338 multi.
1980 1281 2003 1320 ¹¹¹
2018 1290 2060 1321 ¹¹⁰¹

266 1366 345 1436 quod
362 1382 427 1420 vere
447 1364 479 1419 fit
498 1374 525 1421 et
544 1367 620 1436 quod
638 1384 688 1436 per
699 1368 909 1437 imputatlouem
922 1368 961 1423 fit.
994 1366 1105 1423 Christo
1117 1381 1119 1436 ι
1131 1371 1170 1419 At
1183 1367 1232 1421 illi
1244 1385 1309 1420 oere
1321 1370 1525 1421 conistttunntnr
1533 1377 1697 1437 peccatores
1711 1377 1736 1422 et
1747 1386 1810 1422 uere
1824 1369 1966 1437 justitiam
1979 1342 2060 1432 2:3⁸⁸

265 1451 415 1505 mediatori
438 1452 569 1521 imposita
586 1459 614 1506 et
629 1452 767 1522 imputata
787 1458 851 1506 sunt
868 1461 984 1523 peccata
1001 1462 1103 1521 nostra,
1117 1447 1119 1526 ζ
1131 1455 1267 1522 amittunt,
1280 1472 1335 1508 non
1347 1455 1410 1508 sola
1422 1454 1613 1523 imputatione.
1636 1455 1702 1509 Job.
1709 1456 1736 1517 3,
1743 1458 1810 1511 u.6:
1824 1455 1906 1517 Quod
1915 1472 1966 1507 na·

265 1537 332 1607 qnis
350 1553 416 1592 vero
432 1537 549 1609 negabit
568 1538 597 1592 id
614 1554 680 1593 vere
702 1555 794 1593 coram
806 1538 867 1594 Deo
879 1539 965 1594 fuisse
979 1539 1103 1594 factum?
1116 1535 1188 1604 itum
1202 1549 1242 1593 est
1251 1557 1388 1604 eccarue,
1397 1558 1465 1594 caro
1476 1548 1522 1607 est,
1533 1547 1559 1592 et
1569 1540 1646 1608 quod
1653 1547 1749 1593 netum
1759 1549 1799 1593 est
1809 1540 1966 1609 erSpiritu,

265 1623 344 1677 Vide
367 1631 515 1678 tractatum
540 1625 575 1678 de
598 1624 797 1695 justificatione
817 1623 845 1699 ξ
864 1632 969 1681 tenet
987 1611 1320 1696 sequen-'Spiritnsest
1354 1628 1488 1681 Illicere
1506 1634 1570 1679 sunt
1586 1626 1724 1694 carnales,
1744 1627 1967 1693 sstiipituruers
2047 1653 2051 1662 ¹

263 1708 353 1765 tibus.
398 1715 423 1767 2.
452 1710 628 1780 Comparatio
654 1711 726 1766 iuter
756 1717 855 1782 typum
887 1721 915 1766 et
944 1691 1303 1782 antitypumispirituales.
1340 1717 1364 1767 1.
1380 1715 1444 1769 Gor.
1460 1716 1503 1776 15,
1515 1731 1538 1767 o.
1553 1715 1607 1765 22:
1628 1713 1708 1766 Sicut
1727 1713 1756 1764 in
1776 1714 1890 1765 Adamo
1912 1729 1966 1765 om·

264 1811 326 1849 non
351 1804 393 1850 est
411 1797 585 1851 extendenda
602 1798 676 1851 ultra
694 1799 813 1852 tertium.
849 1797 1023 1868 Baptismum
1044 1789 1177 1853 esse‘ncs
1199 1800 1373 1862 moriuntur,
1400 1800 1442 1852 ita
1466 1800 1496 1851 in
1523 1799 1635 1853 Christo
1661 1816 1755 1852 omnes
1780 1800 1966 1863 vivificantur.
1980 1806 2015 1849 11
2026 1807 2070 1851 tta

265 1882 441 1951 spiritualem
461 1883 695 1939 circumcisionem
713 1890 742 1938 et
759 1884 881 1939 salutare
898 1885 1031 1952 medium,
1054 1902 1104 1955 per
1115 1877 1118 1945 l
1131 1884 1187 1936 Hic
1205 1885 1284 1937 locus
1308 1885 1478 1953 intelliqitur
1497 1887 1531 1937 ds
1551 1902 1618 1938 ocra
1637 1893 1726 1938 morte
1744 1892 1770 1937 et
1789 1902 1855 1938 uera
1874 1902 1967 1937 resur·
1979 1860 2041 1910 [¹¹⁰¹]

265 1970 345 2037 quod
364 1974 443 2023 vetns
462 1968 542 2023 homo
559 1979 653 2024 noster
670 1969 859 2039 mortificatur,
879 1971 958 2039 lepra
975 1971 1103 2040 spiritua·
1116 1957 1118 2033 ¹
1129 1971 1260 2037 rectione,
1278 1971 1366 2039 iqitur
1384 1970 1467 2022 ctiam
1485 1970 1549 2023 loca
1567 1987 1655 2037 supra
1673 1971 1759 2022 citata
1778 1972 1813 2022 de
1826 1987 1891 2024 oero
1902 1987 1966 2038 pec·

262 2052 305 2107 lis
329 2053 465 2124 aufertur,
490 2055 655 2111 illuminatio
679 2063 708 2110 et
731 2056 835 2109 sanitas
861 2057 969 2112 animae
987 2039 1193 2126 donaturlcato
1212 2064 1237 2108 et
1253 2073 1320 2109 ocra
1333 2055 1545 2125 justificatione.
1575 2053 1800 2123 Respondemus:
1821 2062 1842 2111 1.
1862 2056 1967 2111 dictum

265 2145 323 2194 etc.
341 2139 459 2194 libenter
478 2141 669 2207 concedimus;
688 2142 737 2196 sed
751 2160 784 2197 er
799 2159 831 2197 eo
845 2143 957 2197 minime
972 2144 1104 2214 sequitur,
1117 2134 1119 2204 ἶ
1131 2141 1249 2211 primum
1269 2149 1297 2196 ct
1314 2142 1426 2196 tertium
1445 2156 1500 2194 non
1521 2147 1610 2212 agunt
1623 2141 1657 2195 de
1668 2141 1814 2211 baptismo,
1832 2140 1967 2196 hactenus

266 2226 347 2297 quod
374 2234 432 2281 tota
459 2228 549 2281 carnis
572 2235 697 2281 vetustas
725 2229 835 2298 penitus
856 2229 1014 2298 aboleatur,
1041 2247 1103 2283 cum
1117 2215 1217 2298 ligitur
1245 2236 1310 2282 sunt
1337 2246 1354 2282 a
1381 2228 1542 2298 quaestione
1569 2227 1668 2281 aliena.
1714 2233 1738 2282 2.
1763 2226 1808 2280 De
1837 2225 1967 2281 antithesi

264 2311 413 2382 Scriptura
432 2313 541 2368 disertis
557 2315 648 2369 verbis
667 2316 834 2370 contrarium
847 2323 972 2370 testetur.
1000 2322 1023 2371 3.
1037 2316 1104 2371 Pec-
1118 2299 1233 2382 {Adami
1261 2322 1290 2369 ct
1312 2314 1428 2383 Christi,
1458 2314 1611 2384 injustitiae
1634 2329 1667 2367 ac
1689 2312 1816 2383 justitiae
1839 2313 1867 2366 in
1891 2312 1966 2366 dicto

263 2407 363 2453 catum
387 2399 470 2468 plane
494 2400 618 2467 deletur,
643 2401 764 2469 tollitur,
792 2401 917 2455 aufertur
933 2408 985 2457 etc.
1010 2403 1039 2456 in
1056 2403 1105 2457 ba·
1117 2421 1120 2467 j
1131 2401 1284 2471 apostolico
1302 2401 1381 2455 Rom.
1403 2407 1426 2467 5,
1444 2417 1479 2453 v.-
1492 2406 1530 2455 19.
1549 2400 1606 2454 late
1624 2400 1731 2470 egimus
1751 2399 1780 2451 in
1799 2404 1920 2452 tractatu
1931 2399 1966 2453 de

263 2485 371 2555 ptismo
396 2485 490 2555 quoad
507 2493 615 2541 reatum
633 2495 661 2540 et
679 2488 898 2556 damnationem,
921 2496 1001 2543 vetus
1021 2490 1105 2545 etiam
1117 2480 1120 2566 ¹,
1127 2487 1326 2558 justificatione
1339 2484 1366 2560 ξ.
1379 2493 1418 2542 11.
1432 2491 1472 2541 26.
1486 2493 1526 2541 29.
1540 2492 1569 2540 et
1578 2491 1636 2541 222.
1669 2491 1693 2541 3.
1706 2485 1843 2542 Nimirum
1857 2492 1966 2555 aposto·

263 2568 351 2624 homo
377 2576 472 2624 noster
496 2570 677 2625 mortificatur
702 2578 730 2626 et
749 2590 836 2626 novus
854 2576 988 2645 exsurgit;
1018 2576 1104 2630 nihilo
1117 2585 1120 2656 ᾗ
1131 2575 1174 2626 lus
1184 2573 1263 2630 Rom.
1275 2582 1298 2640 5,
1307 2591 1331 2627 r.
1346 2578 1383 2627 19.
1394 2580 1422 2626 et
1434 2579 1455 2627 1.
1464 2571 1525 2626 Cor.
1536 2579 1574 2639 15,
1582 2589 1608 2624 v.
1617 2577 1657 2627 22.
1671 2573 1731 2643 agit
1745 2571 1780 2625 de
1791 2588 1876 2626 causa
1887 2571 1966 2625 meri·

261 2668 362 2711 tamen
399 2657 490 2710 minus
529 2658 612 2712 etiam
642 2665 706 2727 post
742 2666 899 2730 susceptum
933 2660 1201 2729 baptismum-toria
1223 2659 1431 2730 justificationis
1459 2666 1487 2713 ct
1516 2657 1766 2721 condemnationis,
1792 2675 1847 2712 non
1874 2665 1966 2712 autem

260 2742 405 2810 membra,
430 2760 501 2812 quae
517 2754 581 2797 sunt
598 2762 682 2813 snper
701 2752 818 2813 terram,
837 2748 1008 2816 mortificare
1020 2729 1166 2816 joes-'de
1193 2747 1387 2816 applicatione.
1433 2746 1463 2801 Si
1488 2746 1550 2816 quis
1577 2745 1614 2799 ad
1636 2747 1726 2815 ipsam
1751 2744 1966 2815 applicationem

258 2846 343 2896 mur,
368 2828 425 2882 Col.
445 2834 475 2893 3,
500 2848 526 2884 v.
548 2839 571 2885 5.
591 2847 642 2883 nec
652 2840 784 2899 peccato,
812 2833 887 2903 quod
906 2833 1037 2888 incarne
1056 2835 1103 2888 ad·
1117 2833 1119 2928 l
1131 2833 1200 2886 haec
1219 2833 1294 2887 dicta
1314 2831 1461 2888 extendere
1471 2831 1546 2894 velit,
1567 2837 1735 2902 sequeretur,
1750 2847 1844 2884 omnes
1856 2830 1966 2884 omnino

259 2915 321 2971 huc
343 2913 466 2984 habitat,
491 2918 645 2971 dominium
659 2920 833 2988 permittere,
862 2918 941 2975 Rom.
961 2927 990 2986 6,
1013 2938 1041 2976 v.
1065 2927 1102 2975 12.
1116 2919 1254 2974 homines
1282 2935 1332 2990 per
1355 2918 1494 2973 Christum
1520 2914 1685 2988 justificari,
1712 2916 1784 2970 sicut
1809 2934 1904 2972 omnes
1929 2916 1966 2972 ah

261 2999 347 3065 Quae
366 3001 451 3055 verba
467 3004 624 3073 expendens
642 3005 819 3075 Augustinus
836 3012 916 3062 tract.
936 3013 977 3061 41.
998 3006 1026 3060 in
1038 3007 1102 3062 boh.
1116 2993 1240 3068 fAdamo
1271 3005 1475 3060 damnationem
1502 3003 1623 3057 trahunt.
1665 3008 1689 3057 4.
1716 3001 1854 3058 Vitiosum
1881 3018 1965 3073 oppo-

261 3088 308 3141 sic
332 3087 441 3143 scribit:
469 3091 535 3143 Non
558 3091 629 3144 dicit
653 3093 798 3159 apostolus
820 3110 875 3145 non
898 3094 949 3161 sit,
974 3096 1026 3147 sed
1049 3113 1104 3148 non
1116 3073 1118 3164 i
1130 3092 1257 3147 sitionem
1275 3093 1347 3145 inter
1364 3092 1403 3156 id,
1423 3089 1498 3160 quod
1517 3105 1580 3143 vere
1599 3093 1628 3142 et
1647 3087 1721 3157 quod
1739 3103 1790 3157 per
1807 3087 1966 3159 imputatio·

261 3181 364 3243 repnet
378 3184 523 3243 peecatum
542 3178 571 3229 in
588 3194 707 3246 corpore
726 3187 823 3232 uestro.
862 3179 1006 3241 Quamdiu
1023 3178 1192 3247 vivialncm
1223 3178 1270 3248 fit,
1301 3177 1470 3234 excussimus
1500 3174 1529 3228 in
1560 3179 1682 3227 tractatu
1710 3173 1746 3227 de
1766 3172 1965 3242 justificatione

260 3269 413 3330 peccatum
438 3277 545 3314 necesse
568 3270 607 3315 cst
632 3280 690 3317 esse
707 3261 741 3317 in'
756 3266 885 3318 membris
905 3268 975 3334 tuis,
1002 3268 1103 3321 saltem
1116 3243 1118 3274 ¹
1131 3262 1157 3338 ξ
1177 3271 1236 3321 tal.
1264 3273 1292 3319 et
1316 3261 1503 3335 sequentibus.
1547 3267 1571 3315 ὁ.
1590 3258 1645 3324 Qui
1669 3264 1821 3312 nascuntur
1840 3275 1874 3312 cx
1891 3273 1966 3329 aqua

263 3347 317 3401 itti
337 3364 452 3416 reqnum
469 3350 627 3412 auferatur.
1116 3327 1158 3407 ¹et
1177 3351 1295 3422 Spiritu,
1320 3367 1376 3405 nou
1402 3348 1495 3403 statim
1519 3346 1600 3417 plene
1619 3352 1647 3400 et
1664 3345 1788 3415 perfecte
1806 3343 1965 3414 spirituales

218 3460 235 3481 ι·
306 3438 362 3488 136.
387 3430 522 3497 Quartam
535 3434 651 3489 classem
661 3436 846 3491 Bellarminus
858 3436 956 3492 tribuit
967 3438 1021 3491 illis
1032 3438 1102 3494 Scri·
1115 3437 1117 3504 l
1129 3436 1212 3503 fiunt,
1232 3438 1281 3491 sed
1299 3436 1404 3490 luctam
1422 3434 1512 3488 carnis
1531 3437 1560 3488 et
1578 3431 1698 3502 Spiritus
1716 3431 1839 3486 sentiunt
1857 3429 1919 3485 Gal.
1940 3438 1965 3498 b,

218 3519 221 3582 f
263 3526 366 3589 pturae
377 3518 467 3587 dictis,
480 3538 552 3590 qnae
564 3533 729 3592 comparant
740 3526 951 3578 mundationem
960 3526 1102 3593 justifica·
1114 3541 1118 3642 Ι
1129 3542 1155 3580 v.
1177 3531 1217 3581 17.
1254 3523 1322 3577 Ideo
1337 3522 1472 3593 jubentur
1491 3536 1603 3573 carnem
1625 3520 1788 3586 crucifipere
1809 3536 1871 3572 oum
1889 3518 1966 3570 uitiis

218 3614 227 3626 ¹
264 3605 353 3660 tionis
363 3606 446 3659 rebus
456 3625 519 3661 uere
533 3618 559 3661 et
569 3611 691 3678 proprie
702 3613 822 3665 mundis.
854 3610 1009 3677 Psalmbl,
1029 3629 1055 3665 v.
1074 3620 1156 3668 9:·et
1186 3610 1418 3679 concupiscentiis
1443 3625 1470 3664 v.
1494 3612 1535 3662 24.
1572 3612 1600 3660 et
1624 3610 1764 3675 coguntur
1789 3622 1852 3658 cum
1876 3603 1965 3659 Paulo

264 3692 390 3746 Levatio
408 3710 451 3745 me
468 3702 494 3746 et
510 3697 695 3763 supernivem
709 3697 870 3751 dealbabor.
897 3697 1099 3763 Esa.1,v.18:
1129 3697 1269 3767 conqueri,
1288 3712 1317 3749 se
1337 3693 1429 3748 adhuc
1448 3710 1481 3747 ex
1502 3698 1581 3762 parte
1601 3692 1733 3744 carnales
1752 3692 1802 3743 sub
1819 3699 1966 3761 peccatum

265 3778 302 3833 Si
319 3779 429 3843 fuerint
442 3790 561 3849 peccota
581 3791 675 3835 uestra
692 3792 723 3836 ut
741 3785 893 3846 coccinmm,
911 3786 1102 3839 sicutniede·
1128 3786 1305 3837 venundatos
1324 3781 1404 3834 Rom.
1425 3786 1454 3848 7,
1473 3795 1498 3834 ι.
1521 3784 1559 3832 14.
1597 3777 1630 3830 Iu
1647 3778 1705 3831 vita
1725 3784 1838 3832 aeterna
1856 3776 1966 3830 demum

265 3866 449 3935 albobuntur,
469 3877 494 3920 et
512 3870 540 3920 si
549 3870 665 3937 fuerint
683 3872 771 3923 rubra
789 3880 820 3924 nt
838 3872 1014 3939 vermiculus,
1031 3873 1102 3926 sicut
1114 3839 1117 3938 i
1129 3871 1182 3926 toti
1199 3875 1281 3925 erunt
1305 3868 1462 3938 spirituales
1482 3864 1519 3919 ab
1536 3864 1610 3918 omni
1631 3864 1721 3918 carnis
1740 3868 1879 3917 vetustate
1898 3862 1966 3917 liba·

264 3946 415 4007 lano‘alba
429 3964 518 4008 erum.
548 3955 611 4012 Esu.
623 3962 664 4020 44,
676 3974 701 4010 v.
711 3962 760 4012 22:
782 3958 885 4011 Deleri
896 3966 927 4010 ut
939 3959 1037 4011 nubem
1049 3961 1101 4013 ini·
1129 3958 1183 4011 rati
1204 3973 1238 4010 nc
1256 3955 1345 4010 liberi.
1378 3953 1530 4010 abusuris
1543 3950 1646 4005 Christi
1659 3967 1709 4021 per
1727 3947 1810 4003 fidem
1828 3949 1966 4018 imputata

264 4042 385 4109 quitates
415 4049 480 4093 tuns
510 4049 536 4094 et
567 4051 701 4111 tanquam
730 4043 860 4096 nebulum
889 4053 1017 4112 peccata.
1062 4048 1102 4099 At
1130 4061 1192 4099 vere
1205 4043 1280 4097 tollit
1291 4048 1399 4097 reatum
1411 4039 1521 4110 peccati
1539 4045 1567 4092 et
1587 4036 1791 4091 damnationem
1810 4034 1845 4089 ah
1855 4033 1965 4088 Adamo

264 4134 340 4180 certe
366 4143 428 4179 cum
456 4127 562 4181 soloris
583 4131 685 4181 radices
709 4130 840 4183 dissoluit
867 4131 984 4184 nebulus
1007 4131 1157 4203 culoreffin
1182 4148 1233 4184 nos
1261 4129 1432 4194 traductam3
1458 4126 1525 4197 quin
1548 4125 1632 4178 etiam
1652 4122 1787 4178 beneficio
1806 4119 1924 4190 Spiritus
1943 4138 1963 4175 s.

264 4230 330 4278 ruo,
349 4214 391 4264 ita
409 4230 456 4266 eas
475 4230 637 4267 evanescere
653 4215 742 4282 facit,
766 4224 796 4269 ut
812 4216 886 4269 nibil
903 4224 1046 4270 remaneat
1065 4225 1101 4270 te·
1113 4207 1147 4271 ia
1168 4217 1279 4272 Christo
1298 4215 1379 4270 nobis
1398 4212 1493 4268 donati
1510 4211 1670 4266 inchoamus
1688 4225 1802 4280 operum
1817 4207 1964 4279 justitiam,

264 4299 427 4364 ncbrorum,
464 4301 516 4352 sed
553 4301 660 4353 coelum
692 4319 755 4354 uere
789 4320 916 4355 screnum
952 4275 1178 4373 apparentiam
1202 4304 1252 4357 illa
1269 4303 1298 4356 in
1325 4303 1378 4356 hac
1397 4300 1455 4354 vita
1475 4314 1618 4369 nunquam
1636 4297 1672 4350 ad
1689 4302 1797 4349 tautam
1815 4292 1964 4363 puritatem

265 4382 488 4455 Respondemus:
521 4395 543 4445 1.
567 4388 646 4452 dicta,
666 4387 715 4441 illa
740 4389 849 4460 proprie
872 4406 928 4443 non
953 4397 1042 4460 agunt
1066 4391 1100 4444 de
1128 4398 1157 4444 ct
1170 4390 1367 4461 perfectionem
1378 4387 1507 4458 assurgit,
1528 4391 1560 4439 ιιι
1573 4401 1667 4439 coram
1678 4382 1732 4437 Dei
1741 4380 1849 4451 judicio
1867 4379 1963 4434 eadem

265 4469 418 4541 baptismo,
441 4472 574 4526 hactenus
596 4474 682 4545 igitur
699 4482 764 4528 sunt
782 4492 800 4529 a
820 4476 981 4546 quaestione
1000 4477 1098 4531 aliena.
1113 4538 1115 4554 Ι
1128 4478 1179 4530 niti
1204 4477 1356 4547 possimus,
1384 4492 1440 4546 qua
1458 4474 1494 4528 de
1512 4490 1542 4527 re
1561 4470 1644 4543 plura
1662 4486 1713 4523 suo
1731 4468 1792 4522 loco
1812 4467 1964 4537 disputavi·

265 4561 289 4612 2.
308 4556 433 4612 Peccata
457 4559 585 4613 delentur
603 4567 636 4613 ιιι
656 4559 744 4615 nubes
764 4579 797 4616 ac
815 4562 946 4627 nebulae,
969 4563 1100 4618 dealban·
1113 4561 1115 4634 ξ
1128 4581 1197 4618 mus.
1239 4562 1378 4616 Lutherus
1407 4577 1486 4615 serm.
1516 4559 1551 4613 de
1577 4558 1715 4628 baptismo
1743 4561 1810 4609 tom.
1842 4560 1865 4609 l.
1901 4553 1964 4608 Jen.

264 4649 308 4697 tur
331 4644 404 4698 sieut
430 4645 478 4697 nix
499 4654 552 4703 etc,
578 4648 686 4702 ratione
704 4647 826 4702 formalis
844 4666 878 4703 ac
896 4657 1024 4720 respectu
1043 4663 1115 4706 rea-¹
1129 4650 1222 4705 Germ.
1242 4649 1261 4703 f.
1286 4653 1342 4703 tet.
1361 4647 1401 4701 sic
1419 4645 1583 4715 respondet:
1605 4643 1688 4705 Quod
1706 4642 1805 4694 attinet
1821 4641 1964 4709 sipnifica·

265 4735 324 4797 tus,
352 4730 418 4800 quia
438 4730 545 4787 scilicet
562 4732 639 4786 Deus
659 4750 714 4788 non
734 4736 854 4805 emplius
873 4736 983 4790 illorum
1001 4737 1041 4791 ita
1059 4754 1101 4792 re·
1128 4740 1231 4791 a‘onem
1248 4736 1292 4789 oel
1312 4734 1422 4803 signum
1439 4730 1618 4796 sacramenti,
1635 4736 1752 4798 peccato
1773 4744 1835 4779 cum
1854 4726 1962 4781 bomine

265 4815 408 4880 cordatur,
436 4822 468 4870 ut
494 4826 640 4888 propterca
666 4820 747 4874 nobis
775 4822 910 4876 irascatur
938 4829 966 4876 ct
996 4840 1100 4893 poenas
1128 4824 1267 4893 baptisato
1281 4822 1414 4890 jamdum
1431 4824 1625 4886 mortuorunt,
1642 4817 1756 4883 ipseque
1771 4812 1964 4867 recurreritet

264 4900 380 4973 irroget3
404 4903 514 4957 iuterim
535 4911 627 4959 tamen
652 4907 796 4962 materiale
818 4916 847 4963 ct
864 4910 962 4963 vitiosa
980 4879 1293 4980 qualitasicomptetum
1315 4915 1356 4960 est
1379 4909 1604 4967 sacramentum,·
1631 4903 1684 4954 sed
1705 4918 1775 4970 opus
1793 4895 1964 4952 sacramenti

263 4988 290 5043 in
308 4990 390 5044 nohis
408 4997 518 5054 manet,
537 5009 600 5046 cum
618 4994 691 5046 cuim
705 4994 808 5065 duplex
824 4996 860 5048 sit
872 4996 1002 5066 baptismi
1016 4997 1099 5051 bene·
1111 4995 1114 5062 l
1126 4996 1250 5049 norisium
1268 5002 1309 5047 est
1326 4998 1554 5057 consummatum,
1571 4988 1605 5041 id
1617 4995 1657 5040 est
1668 5005 1744 5041 mors
1759 4993 1784 5039 et
1795 4984 1961 5038 resurrectio

263 5073 364 5140 ficium,
383 5078 555 5148 regeneratio
573 5079 680 5133 scilicet
697 5096 731 5133 ac
750 5083 903 5150 renovatio,
923 5085 1098 5154 regeneratio
1110 5085 1113 5148 ξ
1124 5085 1170 5148 (in
1189 5099 1246 5150 qua
1259 5081 1313 5146 fiet
1331 5077 1427 5131 totalis
1441 5076 1554 5145 peccati
1572 5074 1696 5142 deletio)
1716 5074 1808 5127 adltuc
1829 5077 1925 5124 restat.

264 5165 374 5233 quidem
397 5164 558 5234 plenissima
583 5173 639 5234 est,
666 5167 807 5222 renovatio
832 5168 929 5223 itidcm
946 5157 1113 5237 verissima,'
1164 5173 1220 5224 138.
1257 5167 1371 5223 Sextum
1399 5168 1485 5233 caput
1501 5161 1602 5233 (inquit
1622 5159 1817 5222 Bellarminus)
1838 5156 2089 5210 conbustacurnu

263 5249 310 5304 seu
328 5266 385 5304 non
403 5252 497 5305 statim
515 5253 598 5324 plena
616 5262 644 5307 ot
661 5252 786 5322 perfecta
805 5263 855 5312 est.
887 5259 951 5325 Epo
972 5258 1099 5311 carnab's
1125 5252 1333 5308 similitudinem
1347 5250 1442 5305 mortis
1456 5247 1567 5303 Christi.
1587 5246 1666 5301 Rom.
1678 5252 1775 5315 6,r.l:
1797 5241 1963 5313 Consepulti
1975 5223 2107 5314 ,¹¹:222ss

262 5352 329 5406 mm,
347 5336 398 5389 snb
414 5347 561 5406 peccatum
577 5341 759 5404 osnurtdatus,
777 5342 846 5395 dicit
864 5342 1005 5412 apostolus
1018 5342 1097 5398 Rom.
1125 5359 1219 5395 memus
1244 5358 1306 5395 cum
1328 5340 1438 5395 eumn
1456 5354 1512 5406 per
1530 5336 1695 5405 baptismum
1712 5334 1743 5386 in
1764 5338 1888 5385 mortem.
1922 5330 1963 5383 Et

265 5428 291 5492 l,
315 5439 343 5477 v.
363 5429 403 5479 14.
429 5425 478 5495 qui
499 5433 592 5482 tamen
615 5444 665 5498 per
688 5426 857 5495 baptismum
882 5445 947 5485 vero
972 5437 1032 5484 crat
1056 5447 1097 5486 re·
1122 5437 1240 5499 postca:
1278 5427 1314 5481 Si
1332 5425 1437 5479 mortni
1459 5441 1571 5488 snmus,
1595 5421 1733 5493 memorio
1759 5420 1881 5472 vivemus
1899 5433 1962 5470 cum
2047 5453 2052 5463 =

263 5517 344 5565 uatus
371 5527 404 5565 ae
429 5522 587 5572 renovatus.
628 5521 652 5570 3.
678 5501 832 5569 Dealhatus
862 5523 921 5571 erat
951 5516 1044 5571 David
1070 5517 1099 5570 in
1125 5517 1199 5570 illo?
1239 5515 1320 5568 Idem
1342 5512 1481 5582 repetitur
1506 5511 1565 5566 Col.
1592 5514 1618 5563 2.
1644 5511 1681 5561 de
1703 5522 1758 5575 quo
1779 5505 1843 5560 loco
1866 5505 1962 5572 Aaou·

264 5602 414 5666 conspectu
437 5596 492 5654 Dei
518 5619 601 5674 super
627 5602 732 5669 nivem,
775 5601 885 5655 iuterim
915 5610 1009 5658 tamen
1038 5595 1113 5658 orati
1126 5604 1215 5656 atinus
1245 5601 1275 5654 in
1304 5600 1407 5655 euobis.
1446 5616 1468 5653 c.
1488 5600 1542 5652 52.-
1573 5596 1615 5649 sic
1645 5592 1776 5661 loquitur.
1826 5589 1963 5654 Quemad-

262 5680 365 5740 Psalm.
383 5691 422 5755 19,
441 5701 467 5739 s.
491 5690 672 5743 tultellae
690 5688 752 5759 quis
770 5687 924 5756 iutellinit.²
944 5691 989 5743 Ab
1008 5641 1240 5750 occul-imodum
1266 5688 1296 5741 in
1320 5686 1373 5740 illo
1401 5702 1468 5740 cera
1490 5701 1567 5739 mors
1589 5683 1669 5747 facta
1697 5687 1752 5747 est,
1779 5677 1866 5731 sicin
1884 5676 1965 5731 nobis

262 5770 298 5825 tt't
317 5771 386 5825 meis
404 5771 512 5826 munda
527 5788 577 5829 mc.
614 5774 716 5831 Psalm.
738 5780 800 5846 130,
826 5792 852 5830 v.
872 5780 902 5831 3:
931 5777 967 5832 Si
979 5784 1100 5846 peccato
1125 5792 1194 5830 oera
1222 5774 1351 5830 ramucio
1379 5780 1580 5845 peccatorum,
1613 5774 1639 5820 et
1668 5765 1902 5835 quemadmodum
1933 5763 1964 5817 in

261 5858 404 5930 inputare
421 5856 556 5926 colueris,
573 5860 703 5934 Darem,
724 5866 787 5936 qai,
805 5865 972 5922 metuebat
996 5862 1102 5920 psalm.
1125 5863 1178 5920 ate
1205 5877 1275 5918 aare
1291 5863 1476 5931 emmeno,
1497 5860 1536 5913 ita
1555 5856 1586 5909 in
1601 5854 1682 5909 nobs‘s
1699 5868 1768 5907 uera
1783 5850 1963 5923 justificatio.
