4800 6659
866 490 920 548 DE
937 488 1051 547 BONIS
1070 488 1267 548 OPERIBUS.
1524 501 1530 509 “
1883 504 1922 564 ps

242 646 286 703 lad
313 646 400 721 bajus
424 665 460 705 ex
487 647 627 720 condigno
645 645 814 703 meritorium
837 662 898 702 esse
924 651 1000 701 recte
1017 645 1058 699 in·
1080 644 1236 714 justissimo
1252 644 1360 715 judicio
1377 644 1496 702 Neronis
1511 645 1664 711 sisteretur,
1684 663 1709 701 r.
1728 652 1761 704 o:
1785 649 1866 731 'Epa'
1882 649 1923 705 in·

242 740 323 805 rtur,
341 734 479 807 siquidem
496 735 526 789 in
546 733 596 789 illa
613 733 793 790 retributione
813 731 916 788 laboris
937 731 1058 804 dignitas
1084 731 1158 802 quit,
1183 733 1394 802 jamimmolor
1412 740 1562 802 attempta
1579 735 1762 790 resolutionis
1784 752 1863 790 nene
1881 737 1923 790 isr-

260 820 346 891 justa
372 822 411 876 ad
435 820 590 892 praemium
619 819 761 891 proportio
794 819 955 874 attenditur.
1003 815 1057 872 Sed
1083 825 1157 883 sena·
1178 817 1242 874 ideo
1267 818 1362 874 oculos
1387 825 1472 889 atque
1495 819 1618 874 animum
1638 820 1740 875 attollit
1764 820 1923 891 adjustum

242 907 373 962 cundum
397 907 524 962 strictum
552 905 631 960 illurn
653 905 781 977 justitiae
806 905 926 977 rigorem
942 922 997 959 non
1017 920 1058 957 ra-
1083 901 1160 958 illum
1178 903 1302 974 judicem
1321 904 1348 956 in
1367 904 1460 973 coelis,
1479 904 1528 975 qui
1547 906 1662 960 daturus
1679 907 1716 961 sit
1727 907 1781 976 ipsi
1793 924 1923 963 coronam

242 990 352 1048 dieitur
380 992 461 1048 bonis
490 991 635 1061 operibus,
661 1008 723 1046 cum
753 1008 879 1047 severum
908 990 977 1045 illud
1005 987 1058 1044 Dei
1080 990 1221 1059 justitiae,
1240 996 1325 1062 atque
1344 989 1396 1045 boc
1415 991 1477 1061 ipso
1495 990 1672 1046 manifestum
1689 991 1827 1061 facturus,
1845 993 1920 1064 quod

242 1078 355 1135 dicium
372 1080 436 1151 ipse
453 1079 537 1134 etiam
555 1078 629 1134 bona
646 1094 731 1149 opera
747 1085 888 1150 nequeant
916 1077 1058 1140 sustinere,
1084 1075 1186 1144 injuste
1205 1075 1290 1131 fuerit
1305 1075 1429 1132 afflictus
1450 1078 1579 1148 quodque
1598 1076 1716 1134 fideliter
1737 1079 1767 1133 in
1778 1080 1923 1150 evangelio

242 1164 280 1221 sb.
301 1172 335 1235 3,
361 1182 388 1221 v.
407 1170 431 1221 3.
467 1164 600 1221 Proverb.
619 1171 665 1229 20,
691 1182 717 1219 r.
737 1172 760 1222 9.
796 1163 898 1219 Psalm.
919 1169 965 1228 30,
988 1180 1015 1217 r.
1034 1167 1057 1217 8.
1084 1161 1215 1217 servierit.
1244 1162 1475 1233 Insequentibus
1496 1163 1588 1218 verbis
1607 1180 1662 1218 non
1676 1164 1921 1235 docetapostolns‚

242 1251 321 1309 sulm.
342 1258 409 1321 143,
432 1270 457 1305 r.
477 1257 501 1307 2.
529 1267 648 1323 cumque
672 1251 756 1306 solius
774 1251 877 1307 Christi
899 1247 1059 1306 obedientia
1084 1255 1197 1318 propter
1221 1248 1302 1319 qnid,
1331 1248 1380 1304 sed
1404 1248 1507 1320 quibus
1531 1248 1614 1306 detur
1645 1250 1703 1305 vita
1728 1259 1855 1317 aeterna,
1887 1252 1921 1306 iis

242 1338 345 1394 letitiae
361 1337 472 1393 divinae
491 1336 618 1394 satisfieri
635 1338 774 1408 potuerit3
792 1336 954 1393 retribuitur
965 1341 1058 1391 autem
1084 1333 1199 1397 scilicet,
1214 1335 1264 1403 qm·
1276 1335 1397 1389 militant
1415 1335 1515 1389 bonnm
1534 1337 1667 1390 militiam
1677 1338 1823 1392 retinentes
1831 1340 1921 1407 fidem
1935 1353 1995 1393 v111.
2010 1350 2055 1395 ιιι.

242 1425 374 1479 nundum
396 1422 535 1494 justitiam
560 1429 742 1494 temperatam
772 1422 972 1485 misericordia,
1002 1438 1058 1476 non
1085 1427 1111 1473 et
1128 1421 1229 1473 bonam
1249 1421 1461 1486 conscientiam,
1495 1429 1516 1477 ι.
1535 1420 1605 1475 Tim.
1627 1428 1656 1486 i,
1676 1440 1701 1477 v.
1723 1428 1763 1479 19.
1782 1423 1852 1491 illis,
1873 1422 1922 1495 qui

242 1509 256 1564 b
287 1511 456 1583 dignitatern
486 1510 530 1564 vel
554 1509 681 1565 meritum
707 1510 821 1582 aliquod
848 1526 979 1580 operum,
1009 1507 1058 1564 sed
1085 1504 1409 1582 indemonstratum
1435 1515 1463 1562 et
1482 1523 1516 1561 ex
1534 1508 1590 1562 fido
1607 1509 1760 1564 adrentum
1778 1511 1839 1579 ejus
1861 1508 1922 1563 dili·

242 1594 454 1651 uiaedbaerens
467 1595 522 1650 iilis
536 1595 707 1665 imperfectio
721 1603 750 1651 et
760 1595 950 1651 immundities
960 1594 1058 1649 merito
1084 1597 1173 1662 gunt,
1199 1598 1224 1650 2.
1240 1592 1312 1648 Tim.
1332 1599 1361 1663 ι,
1379 1610 1404 1647 r.
1426 1599 1450 1650 8.
1484 1593 1659 1666 Augustinus
1678 1595 1708 1650 in
1726 1595 1797 1651 libro
1815 1603 1857 1651 50.
1875 1595 1922 1650 ho

242 1679 324 1737 :hard
352 1698 403 1753 per
431 1682 515 1737 fidem
540 1681 645 1752 tegitur
669 1682 757 1751 (quod
786 1687 829 1737 est
857 1698 928 1753 opus
953 1679 1057 1734 miseri·
1085 1677 1224 1732 miliarum
1242 1677 1314 1732 horn.
1339 1685 1381 1735 tr:
1403 1681 1437 1735 si
1456 1682 1550 1734 debite
1570 1683 1767 1750 redderentur,
1786 1700 1802 1737 ο
1822 1682 1922 1749 Paule,

242 1767 334 1824 umisa
357 1767 479 1835 divinae)
510 1773 539 1823 et
569 1768 636 1839 qnia
666 1767 873 1838 promissionem
908 1765 1058 1838 gratuitam
1085 1764 1254 1833 supplicium
1266 1768 1440 1820 redderetur.
1469 1768 1520 1820 Do
1531 1768 1648 1837 sermm,
1661 1770 1795 1838 apostole,
1800 1770 1925 1838 proprio

242 1851 298 1910 >ens
318 1854 417 1920 edidit,
434 1854 510 1926 qnod
530 1853 604 1908 bona
623 1871 708 1925 opera
725 1862 883 1909 renatorum
903 1852 1059 1924 temporali·
1086 1857 1134 1903 tes
1162 1869 1219 1904 aon
1248 1854 1315 1906 rrooi
1342 1853 1400 1906 nisi
1425 1854 1510 1907 male.
1552 1858 1603 1908 Da
1626 1857 1750 1920 reniam,
1780 1856 1925 1925 apostole,-

242 1954 274 1995 ιιι
300 1946 331 1997 et
357 1940 478 1996 aeternis
500 1939 631 2010 praemiis
655 1939 767 1995 afficere
794 1940 862 1995 velit
886 1940 972 2010 (quod
999 1954 1059 2009 pro·
1087 1937 1220 2001 dicimus,
1248 1937 1316 2008 qnia
1332 1945 1362 1991 ta
1380 1939 1518 1993 docuisti:
1544 1941 1632 1995 audio
1657 1945 1843 2010 cemiterium,
1869 1960 1924 1996 noa

242 2025 336 2083 mrum
348 2028 412 2098 ipso
426 2034 491 2082 actu
505 2034 645 2097 praestare
659 2032 703 2082 est
713 2026 861 2098 justitiae).
883 2024 1060 2082 Bernhardus
1086 2022 1197 2076 invenio
1215 2024 1365 2092 improlem.
1396 2026 1521 2079 Prorsus
1539 2035 1586 2081 tna
1600 2045 1619 2079 a
1636 2036 1662 2081 te
1677 2029 1731 2081 tibi
1743 2038 1850 2098 pareto
1868 2048 1925 2083 roa

242 2110 285 2171 its.
302 2113 338 2168 de
356 2114 449 2185 gratia
467 2119 496 2169 et
512 2113 574 2168 libr.
594 2113 693 2169 arbit:
712 2114 889 2167 Promissum
905 2130 938 2167 ea
954 2112 1061 2165 mireri-
1086 2108 1221 2175 norimus,
1239 2110 1297 2162 orsi
1309 2110 1405 2178 mele,·
1423 2129 1484 2163 enm
1503 2128 1570 2179 erpo
1589 2113 1670 2166 Dens
1689 2124 1806 2169 coronet
1823 2117 1924 2168 merito

242 2202 338 2264 orda,
362 2202 416 2254 sed
434 2209 525 2254 tamen
549 2217 582 2253 err
594 2201 712 2269 justitia
725 2200 952 2269 persolvendam.
997 2196 1060 2254 Job.
1087 2204 1142 2263 tua,
1160 2195 1233 2248 nibil
1252 2203 1368 2249 coronat
1386 2197 1541 2251 nisidoro
1559 2216 1621 2253 stre.
1657 2197 1924 2257 Glosssordinhoe

242 2280 308 2341 laus
326 2286 389 2342 libr.
407 2291 432 2342 3.
451 2287 480 2340 in
492 2285 591 2341 March.
608 2290 692 2351 alti,
711 2304 738 2344 r,
751 2292 784 2343 8:
808 2285 908 2340 Gratis
918 2285 1060 2354 promisit,
1072 2283 1075 2340 l
1086 2279 1162 2335 loco:
1185 2280 1342 2350 Qniafides
1352 2284 1449 2350 pratia
1462 2292 1503 2336 est
1517 2293 1542 2336 et
1554 2286 1613 2337 nita
1625 2294 1741 2339 aeterna
1756 2295 1797 2340 eat
1807 2289 1922 2356 ρναιία,

242 2374 311 2427 soris
329 2381 355 2426 et
374 2373 538 2442 exjustitia
563 2373 668 2427 reddit.
713 2372 843 2443 Intelligs
867 2377 960 2427 autem
976 2371 1058 2440 justi·
1072 2351 1075 2422 i
1082 2383 1138 2436 per
1148 2368 1272 2435 pretinm
1284 2386 1350 2436 erpo
1363 2370 1470 2423 reddet.
1499 2369 1687 2441 Quaecunque
1701 2371 1787 2443 igitur
1799 2374 1924 2444 praemia

242 2455 296 2527 im,
317 2475 391 2531 quae
403 2459 517 2530 respicit
528 2457 717 2528 promissionis
730 2459 883 2526 veritatem,
902 2475 957 2513 non
968 2464 1059 2512 nutem
1087 2454 1166 2508 bonis
1192 2455 1322 2533 operibus
1348 2454 1425 2510 Deus
1436 2455 1558 2538 ‘reddin
1588 2473 1622 2512 ex
1650 2460 1773 2529 gratuita
1798 2459 1924 2515 bonitate

242 2560 336 2613 perum
351 2545 526 2617 dignitatern.
552 2544 871 2615 D.Chemnioiuspart.
893 2544 1059 2599 diocorum
1085 2540 1190 2609 reddit;
1217 2541 1313 2596 eadem
1338 2546 1432 2597 tamen
1455 2550 1487 2597 ut
1509 2545 1602 2614 justus
1621 2545 1709 2616 judex
1736 2544 1841 2621 reddit,
1867 2564 1923 2601 non

269 2640 333 2690 tae:
362 2632 482 2686 Vocatur
500 2649 605 2687 corono
615 2632 764 2701 justitiae,
781 2651 838 2687 noa
863 2632 948 2700 qrsosi
963 2648 996 2684 on
1016 2632 1060 2698 ju·
1086 2626 1152 2698 quia
1169 2625 1249 2681 nobis
1266 2627 1418 2698 quidquam
1438 2628 1530 2694 debet,
1548 2631 1598 2685 sed
1616 2631 1683 2703 quia
1699 2632 1826 2701 promisit
1842 2640 1871 2689 et
1888 2649 1922 2687 ex

242 2715 316 2773 t‘lr'ne
328 2727 444 2773 andrae
464 2719 623 2787 tridentum
641 2720 693 2772 red
710 2718 878 2785 irteliipitnr
895 2735 1001 2771 corono
1011 2718 1060 2785 jn·
1087 2714 1211 2782 veritate,
1230 2730 1301 2785 quae
1321 2722 1365 2769 est
1383 2732 1447 2785 pars
1462 2716 1598 2785 justitiae,
1615 2717 1653 2781 id,
1670 2719 1746 2789 quod
1763 2719 1850 2790 gratis
1862 2736 1924 2789 pro·

242 2803 316 2859 t'tioe
334 2806 409 2869 Dei,
434 2804 495 2873 qni,
522 2805 589 2873 quia
603 2805 735 2873 promisit
752 2806 858 2872 pretia,
876 2822 930 2873 pro
942 2805 1061 2874 justitio
1088 2800 1171 2867 misit,
1191 2806 1327 2869 praestan
1346 2819 1401 2856 non
1419 2802 1567 2857 intercedit
1584 2801 1629 2858 hic
1647 2804 1770 2859 debiturn
1783 2805 1924 2875 quoddam

242 2909 276 2945 u
303 2899 405 2945 emet.
447 2889 585 2958 Breviter,
615 2890 717 2944 dantur
743 2890 868 2960 praemia
896 2907 928 2945 ex
951 2890 1062 2959 justitia
1088 2894 1221 2953 nostrum,
1234 2902 1289 2957 quo
1301 2885 1411 2944 DEUM
1425 2888 1505 2943 nobis
1518 2889 1725 2961 obstringimus,
1736 2892 1784 2947 sed
1800 2890 1924 2946 debitum

242 2972 363 3036 totitatis
381 2965 510 3046 respectu
527 2976 714 3046 promissionis
734 2975 859 3044 divinae,
885 2994 939 3031 non
968 2986 1060 3030 nutem
1073 3037 1075 3044 Ι
1088 2973 1228 3043 quoddam
1247 2972 1314 3041 Dei,
1339 2991 1395 3044 quo
1420 2992 1482 3030 sese
1504 2978 1628 3047 gratuita
1647 2978 1828 3048 promissione
1845 2979 1924 3032 nobis

242 3078 251 3117 ;
282 3064 398 3136 justitia
421 3062 597 3135 aequalitatis
630 3070 758 3133 respectu
789 3062 872 3132 pretii
904 3070 933 3117 et
959 3047 1243 3118 laborisiobstrinrit.
1288 3065 1312 3114 3.
1334 3061 1442 3117 Auctor
1468 3063 1601 3132 epistolae
1627 3064 1664 3117 ad
1682 3063 1826 3119 Hebraeos
1850 3082 1874 3119 o.
1900 3072 1924 3121 6.

242 3151 318 3208 ..2122
1087 3161 1262 3216 nequaquam
1281 3144 1369 3212 docet,
1387 3147 1462 3215 quod
1481 3146 1559 3201 bonis
1577 3147 1708 3217 operibus
1724 3149 1809 3204 vitam
1836 3160 1924 3206 aeter·

256 3245 318 3296 tta.
352 3235 397 3291 Ex
415 3234 458 3290 his
477 3233 559 3290 facile
575 3232 752 3306 intelligitur,
780 3233 848 3304 quid
866 3232 895 3287 in
912 3233 1006 3304 specie
1023 3234 1060 3288 ad
1086 3248 1150 3286 narn
1170 3247 1203 3285 er
1221 3230 1360 3301 condigno
1373 3232 1470 3286 mereri
1488 3233 1603 3301 possint,
1621 3233 1672 3287 sed
1690 3234 1726 3288 ad
1738 3237 1922 3291 constantiam

242 3335 297 3382 cta
323 3325 354 3379 in
378 3321 498 3378 medium
521 3318 844 3389 allatorespondendnm
861 3324 904 3376 sit.
934 3326 956 3377 1.
974 3319 1115 3376 Thes-et
1132 3318 1365 3387 perseverantiam
1382 3317 1410 3371 in
1428 3317 1484 3373 tide
1503 3318 1636 3387 bortatur,
1657 3322 1798 3391 proposito
1816 3323 1922 3393 gravis·

242 3412 412 3469 donicenses
442 3407 617 3481 sustinebant
645 3404 809 3460 afflictiones
842 3422 906 3461 suas
938 3406 966 3461 in
990 3407 1059 3476 justi
1086 3404 1155 3457 simo
1175 3404 1272 3458 salutis
1292 3404 1424 3473 periculo,
1442 3404 1466 3458 si
1483 3420 1534 3474 per
1553 3408 1721 3476 apostasiam
1733 3407 1921 3479 prolabantur,

242 3497 321 3554 rdicii
338 3494 508 3565 exemplum,
527 3493 787 3571 nequaqnam'vero
805 3493 833 3545 in
844 3492 923 3546 vitae
932 3499 1059 3548 aeternae
1084 3490 1114 3544 id
1144 3488 1269 3545 declarat
1295 3491 1420 3560 exemplo
1450 3498 1539 3546 terrae
1563 3491 1652 3548 bonae
1676 3509 1710 3548 ac
1734 3495 1869 3564 reprobae
1894 3503 1923 3551 et

242 3584 363 3640 eritum.
403 3580 542 3652 Respectu
565 3594 660 3633 earum
684 3580 905 3648 persecutionum
934 3587 962 3634 et
989 3579 1058 3633 affli-
1084 3582 1181 3647 postea
1210 3575 1369 3656 subjungit:
1405 3577 1532 3631 Ueterum
1558 3582 1756 3648 persuasimus
1781 3583 1860 3635 rolris
1886 3584 1922 3638 da

242 3670 362 3736 ionum,
386 3682 455 3739 quas
480 3651 599 3738 proprii¹
612 3664 783 3720 contribules
802 3665 870 3735 ipsis
895 3664 1059 3733 inferebant,
1084 3665 1174 3731 solie,
1192 3664 1292 3717 dilecti
1299 3701 1306 3727 ,
1331 3680 1403 3732 quae
1420 3664 1464 3717 iis
1481 3672 1546 3718 errat
1567 3666 1684 3720 metior-o
1705 3676 1731 3720 et
1749 3685 1811 3722 enm
1829 3670 1922 3725 solute

242 3764 301 3813 ant
317 3753 392 3826 justi
407 3762 436 3809 et
453 3743 627 3817 innocentem
647 3768 738 3823 neque
757 3752 828 3807 enim
846 3759 958 3822 propter
976 3752 1059 3807 male·
1084 3751 1252 3819 coniuncto5
1279 3767 1334 3804 aon
1352 3751 1424 3803 enim
1444 3748 1566 3819 injustus
1591 3761 1632 3806 ert
1650 3755 1747 3822 Dens,
1771 3764 1802 3809 nt
1825 3758 1921 3812 oblini.

242 3853 312 3911 ιιι,
346 3841 397 3896 sed
424 3849 538 3911 propter
565 3837 765 3894 confessionem
795 3838 919 3893 veritatis
945 3844 1059 3908 propter
1088 3847 1184 3890 scotor
1204 3836 1298 3906 operis
1315 3837 1401 3889 vestri
1411 3843 1463 3892 etc.
1482 3838 1557 3908 quod
1568 3838 1649 3893 dicit:
1663 3856 1726 3895 cnm
1738 3843 1823 3898 semel
1838 3844 1921 3899 fidem

242 3931 365 3986 brisim
383 3943 431 3981 eas
449 3924 634 3998 perferebant.
674 3924 753 3978 Deus
772 3940 851 3996 ergo,
878 3941 941 3978 cum
965 3925 1059 3994 justus
1084 3922 1187 3978 Christi
1205 3922 1266 3976 sitis
1282 3922 1419 3993 amplexi,
1444 3924 1618 3995 eandemque
1634 3925 1663 3980 in
1681 3930 1920 3998 persecutionibus

242 4025 268 4086 t,
303 4013 385 4069 dedit
411 4012 466 4067 illis
495 4011 619 4083 requiem
643 4013 744 4081 (nequo
769 4003 842 4063 enim
867 4013 897 4064 irs
915 4020 1058 4066 remmam
1084 4016 1243 4064 constanter
1259 4008 1394 4063 hactenus
1411 4010 1542 4079 professi,
1566 4013 1634 4083 quin
1660 4020 1689 4069 et
1707 4015 1835 4085 operibus
1853 4017 1922 4071 cari·

242 4111 268 4158 st
282 4098 605 4173 fluctuetr'onemjnrto,
621 4096 724 4151 Psalm.
745 4103 786 4164 55,
806 4113 831 4152 v.
853 4102 921 4164 23),
936 4099 1058 4153 vindica·
1085 4096 1150 4151 tatis
1173 4112 1241 4166 erga
1258 4102 1369 4149 sanctos
1388 4112 1448 4151 earn
1467 4096 1644 4167 declarastis,
1668 4100 1731 4155 ideo
1759 4119 1921 4171 persuasum

242 4198 259 4246 t
283 4202 384 4244 eorum
408 4184 594 4240 innocentiam
619 4183 655 4238 ab
682 4181 807 4238 hostibus
827 4183 940 4254 (quibus
958 4185 1058 4257 dignas
1084 4183 1182 4250 babeo,
1200 4180 1275 4253 quod
1293 4198 1381 4252 usquc
1399 4179 1439 4237 ¹ad
1454 4182 1538 4240 finem
1556 4185 1617 4239 sitis
1633 4188 1847 4256 perseveraturi,
1865 4207 1922 4245 non

242 4273 357 4347 rogarit
369 4272 485 4342 poenas)
501 4286 535 4325 ac
554 4269 682 4340 praemiis
701 4269 822 4324 aeternis
841 4287 875 4325 ex
886 4270 977 4342 gratia
995 4289 1058 4342 pro·
1085 4269 1241 4339 prolapsuri
1260 4274 1309 4322 aut
1328 4275 1403 4323 terra
1421 4269 1540 4339 reproba
1556 4270 1657 4339 futuri,
1680 4290 1770 4345 neque
1789 4275 1861 4330 enim
1880 4276 1921 4332 in·

242 4362 311 4418 issis
339 4374 436 4414 omnes
460 4357 583 4427 ipsorum
610 4355 775 4411 afflictiones
802 4355 960 4427 largissime
985 4374 1058 4413 corn-
1081 4358 1175 4426 justus
1191 4361 1234 4409 est
1253 4353 1337 4422 Deus,
1356 4359 1389 4407 nt
1407 4354 1588 4411 obliviscatur
1608 4357 1700 4427 operis
1712 4360 1796 4415 vestri
1815 4360 1922 4433 absque

242 4447 351 4506 enavit
368 4452 452 4517 (quae
472 4450 513 4500 est
527 4442 638 4514 justitia
656 4442 853 4512 promissionis,
870 4460 925 4498 non
944 4459 1057 4514 opernm
1085 4442 1170 4512 culpa
1192 4446 1285 4496 verua
1307 4457 1356 4496 vos
1386 4440 1557 4511 abjiciendo,
1587 4446 1640 4499 sed
1661 4447 1738 4499 dono
1758 4456 1785 4501 et
1811 4450 1922 4505 occatio

242 4534 401 4608 ¹quitatem,
426 4532 475 4586 sed
498 4528 576 4585 verbi
600 4529 743 4584 veritatem
762 4529 928 4600 respiciens;
949 4531 1057 4600 justum
1085 4530 1148 4598 ejus
1162 4536 1225 4581 sunt
1237 4526 1439 4601 ἀμεταμέλητα,
1454 4529 1533 4583 Rom.
1551 4536 1590 4595 rt,
1608 4549 1633 4586 v.
1647 4537 1689 4587 aa.
1700 4550 1752 4589 nec
1764 4552 1923 4607 quenquam
1951 4523 1957 4531 ’

242 4622 296 4677 nim
314 4635 350 4675 ac
369 4618 432 4674 Deo
446 4618 563 4689 dignum
580 4622 806 4679 adservasses,
825 4632 897 4686 quae
914 4616 1058 4686 promisit).
1086 4614 1198 4678 deserit,
1215 4613 1520 4684 nisipriusdeserntur.
1551 4615 1828 4691 confidimnsigitur,
1846 4622 1922 4693 quod

259 4704 415 4777 Apostolus
442 4710 465 4760 2.
484 4703 557 4758 Tim.
577 4709 602 4759 4.
626 4719 682 4757 non
706 4702 742 4755 de
768 4702 825 4756 suis
842 4703 947 4758 meritis
966 4720 1057 4758 coram
1085 4701 1117 4768 is,
1137 4702 1186 4769 qui
1203 4702 1294 4769 eoepit
1312 4702 1343 4753 in
1356 4702 1638 4772 oolisopusborrum,
1653 4708 1835 4775 perfectam
1847 4711 1923 4766 titud

242 4791 274 4848 tsi
288 4789 399 4861 deicio
418 4790 569 4862 gloriatur,
595 4788 644 4845 sed
668 4788 704 4843 de
733 4790 953 4858 perseverantiae
977 4787 1121 4869 don0„sir
1142 4802 1229 4855 aeque
1254 4788 1284 4838 irs
1310 4788 1386 4840 diem
1406 4787 1478 4840 Jesu
1502 4786 1610 4843 Christi
1629 4789 1701 4847 Phil
1725 4798 1752 4855 l,
1771 4811 1797 4847 v.
1816 4800 1845 4860 o,
1873 4813 1922 4850 ros

242 4877 257 4933 i
281 4876 359 4948 quod
378 4875 571 4931 indubitanter
594 4874 657 4945 ipsa
672 4875 748 4929 salus
770 4880 799 4929 et
816 4892 917 4931 corona
930 4876 1058 4946 justitiae
1085 4871 1167 4925 modo
1184 4888 1298 4942 operam
1317 4873 1384 4928 (1⁸10
1407 4874 1548 4939 convenit,
1572 4884 1604 4931 ut
1630 4878 1747 4934 eandem
1768 4883 1922 4936 mundetis

242 4964 361 5035 equitur.
391 4962 437 5033 ple
456 4962 577 5017 exsultat
599 4978 633 5016 ac
651 4962 704 5016 sibi
725 4962 777 5031 ipsi
798 4963 832 5017 de
849 4962 1012 5033 gravissimo
1031 4969 1060 5017 et
1084 4960 1305 5013 sollicitudinem
1322 4961 1363 5012 nd
1374 4960 1493 5027 plenem
1511 4963 1573 5031 spei
1590 4966 1784 5021 certitudinem
1795 4985 1881 5037 nsque
1892 4969 1922 5021 r'r

242 5047 388 5106 ifficiffimo
424 5049 574 5103 certamine
609 5064 659 5118 per
694 5047 748 5103 Dei
780 5049 900 5120 gratiam
929 5055 1058 5119 superato
1079 5048 1176 5115 finem,
1187 5044 1273 5102 Hebr.
1282 5051 1307 5111 3,
1320 5063 1346 5099 v.
1360 5052 1404 5117 ιι,
1422 5054 1519 5101 utnon
1530 5066 1628 5117 sepner
1641 5053 1922 5122 ammonitionum

242 5136 387 5194 serutatur.
424 5132 494 5190 Cum
513 5135 586 5188 enim
603 5135 663 5188 sola
685 5136 892 5206 perseverantia
914 5134 1240 5246 coronetur'imitatores
1257 5151 1365 5202 eoram,
1383 5135 1504 5201 quiricis
1524 5138 1709 5205 etpatr'entio
1728 5140 1922 5196 hereditabunt
2001 5208 2004 5212 ,

242 5220 387 5286 tsnt.1⁰‚
409 5237 437 5278 r.
463 5226 503 5275 22.
521 5226 549 5276 et
567 5236 591 5274 c.
615 5224 664 5287 at,
689 5236 716 5273 s.
737 5225 776 5276 13.
803 5220 909 5292 absque
932 5237 988 5292 qua
1010 5219 1285 5306 reeipromisrr'orres
1311 5218 1372 5274 Dei
1393 5235 1419 5273 r.
1445 5224 1485 5276 12.
1510 5222 1602 5293 (atqui
1621 5224 1645 5278 si
1663 5224 1722 5281 rita
1745 5233 1855 5282 aeterna
1878 5234 1920 5282 est

242 5311 391 5379 adponant
401 5308 558 5374 victoriam,
577 5323 626 5360 nec
635 5307 763 5374 palmam
775 5308 1060 5377 victor-consequitur,
1071 5311 1074 5357 ι
1086 5306 1227 5360 hereditas
1246 5304 1449 5375 promissionis,
1475 5307 1572 5378 utique
1590 5327 1646 5365 non
1670 5312 1772 5368 ariter
1791 5312 1921 5383 operibus

242 5392 402 5450 lombardus
422 5394 500 5464 epist
522 5398 579 5448 129.
597 5398 707 5449 atvero
726 5381 1157 5498 Psulusetiampotueritllegis
1180 5391 1244 5448 Gal.
1262 5397 1287 5460 3,
1305 5408 1331 5445 v.
1353 5394 1402 5460 18).
1442 5399 1467 5448 4.
1485 5393 1609 5450 Jacobus
1635 5413 1692 5452 non
1708 5398 1768 5469 agit
1786 5398 1822 5453 de
1837 5415 1923 5456 causa

242 5479 299 5536 luca
312 5480 399 5537 fidem
416 5478 592 5550 naufragium
610 5476 720 5546 lacere3
744 5477 807 5533 ideo
833 5486 972 5534 certarnen
995 5478 1060 5535 lidei
1073 5510 1075 5514 ·
1087 5478 1227 5534 meritoria
1243 5479 1318 5535 vitae
1330 5485 1466 5545 aeternae
1484 5481 1534 5537 sed
1553 5482 1715 5553 qualitatem
1727 5484 1922 5542 salvandorum

242 5573 462 5632 mammarum,
485 5566 514 5620 in
539 5564 637 5619 militia
656 5563 794 5634 spirituali
819 5564 1000 5628 serenarum,
1027 5545 1237 5634 ooldncribit3
1264 5582 1298 5621 as
1323 5566 1397 5622 vitae
1415 5584 1516 5623 somna
1532 5570 1669 5639 promen
1694 5578 1736 5626 ar
1752 5571 1844 5629 neum
1861 5575 1924 5630 rnr-

242 5668 351 5709 rrronam
365 5651 494 5724 justitiae
512 5652 564 5709 sibi
581 5650 729 5723 repositam
749 5667 809 5706 esse
822 5651 1059 5707 meritolaetatur.
1073 5617 1231 5723 igentibus,
1256 5669 1310 5707 non
1336 5653 1410 5724 quod
1435 5654 1545 5709 dilectio
1571 5656 1608 5709 sit
1625 5656 1686 5726 ejus
1708 5658 1848 5728 meritum,
1873 5662 1922 5717 sed

242 5737 348 5817 &galis
380 5740 456 5797 beris
486 5741 663 5796 metuendum
695 5746 754 5795 erat
782 5740 921 5811 apostolo,
958 5748 991 5794 ut
1018 5740 1058 5794 in·
1073 5718 1154 5810 lquia
1174 5755 1240 5795 vere
1267 5736 1363 5794 fideles
1389 5747 1593 5812 agnoscuntur,
1617 5742 1666 5813 qui
1683 5740 1777 5803 Mum
1793 5745 1923 5821 diligunt,
