4800 6659
416 486 479 547 aee
845 477 849 486 '
932 488 935 494 '
1087 476 1213 537 IMIS
1229 477 1434 537 VIOESIUUS
1499 461 1502 466 ¹

417 634 525 690 dudum
549 633 708 689 inchoatum
733 640 762 689 et
784 640 883 706 gentes
900 635 937 689 ad
954 635 1017 706 ejus
1035 634 1254 690 communionem
1282 634 1387 691 Christi
1407 634 1443 690 de
1463 633 1519 690 fide
1538 632 1677 692 mtanmn
1687 639 1819 705 repetunt
1832 633 1954 706 patrimi,
1971 643 2115 709 sponsores

417 727 540 776 vocatae.
581 726 606 775 5.
630 719 773 791 Baptizari
797 721 886 776 voluit
907 720 1034 776 Christus
1059 736 1132 776 enno
1154 721 1254 776 aetatis
1280 737 1314 776 ex
1331 738 1364 777 eo
1380 720 1523 792 appellati.

417 805 571 876 trigesimo,
594 812 653 861 tum
676 812 791 875 propter
809 811 909 876 typum
926 805 1042 876 Josephi
1061 822 1135 861 anno
1154 806 1254 862 aetatis
1318 812 1374 863 195.
1410 813 1434 864 4.
1465 807 1658 861 Sacramenta·
1680 824 1736 861 non
1765 815 1887 876 prorant
1917 808 2027 875 abeam
2050 798 2176 888 ,sirleffl

416 891 559 961 trigesimo
589 891 733 946 constituti
759 891 892 961 principis
917 890 1053 962 Aegyptii
1081 891 1183 948 Genea.
1211 897 1253 953 41,
1278 891 1349 945 «lam
1371 909 1436 946 nero
1454 892 1579 959 infantes
1595 910 1652 946 non
1669 894 1794 948 medum.
1836 890 1921 962 Ergo.
1954 891 2176 963 Respondemus

417 994 443 1032 v.
463 983 504 1033 46.
531 983 559 1030 et
582 974 758 1031 sacerdotum
788 977 989 1046 Leviticorum‚
1020 978 1069 1048 qui
1098 978 1150 1032 etsi
1179 993 1253 1031 anno
1279 993 1354 1030 mus:
1379 983 1399 1032 1.
1417 976 1541 1032 Infantes
1558 994 1614 1032 non
1635 976 1758 1032 afferunt
1777 993 1871 1032 secum
1888 975 1974 1034 iidem
1992 976 2176 1033 exuteroili

417 1061 517 1116 aetatis
540 1067 582 1117 25.
606 1062 813 1133 recipiebantur
839 1062 869 1116 in
896 1063 1043 1135 collegium
1070 1063 1253 1130 sacerdotum,
1279 1070 1403 1118 materno
1429 1063 1466 1119 ad
1493 1063 1676 1134 baptismum,
1701 1063 1812 1119 interim
1836 1071 1932 1120 tamen
1957 1081 2010 1135 per
2029 1064 2117 1136 ipsum

416 1154 510 1203 tamen
528 1153 594 1202 anto
613 1164 716 1200 annum
737 1147 836 1202 aetatis
851 1154 893 1203 30.
911 1164 967 1204 non
977 1148 1198 1205 admittebantur
1216 1147 1253 1203 ad
1278 1147 1410 1218 baptismi
1435 1156 1639 1205 sacramentum
1656 1150 1734 1205 Deus
1758 1148 1844 1206 fidem
1861 1157 1995 1221 operatur
2014 1151 2046 1206 in
2062 1168 2119 1208 eor·

417 1249 498 1287 usum
517 1238 547 1288 et
564 1233 727 1288 exercitium
746 1234 905 1303 ministerii,
928 1233 1010 1291 Num.
1027 1242 1056 1300 4,
1076 1253 1100 1292 v.
1118 1241 1142 1291 3.
1167 1234 1252 1290 Deut
1281 1235 1362 1291 dibus
1379 1237 1511 1307 ipsorum,
1528 1245 1561 1292 ut
1577 1237 1704 1307 superius
1722 1237 1903 1292 ostendimus.
1934 1243 1959 1293 2.
1975 1236 2120 1309 Siquidem

417 1325 442 1376 4.
461 1326 517 1377 etc.
535 1326 595 1374 tum
609 1325 726 1390 propter
742 1328 911 1375 crescentem
928 1320 958 1374 in
977 1337 1007 1375 se
1023 1321 1143 1391 gratiam
1161 1320 1253 1375 Patris
1279 1321 1434 1393 baptismus
1452 1328 1495 1379 est
1511 1323 1658 1377 lavacrum
1675 1324 1904 1393 regenerationis,
1923 1322 1981 1386 Tit,
2000 1330 2032 1390 3,
2051 1340 2078 1380 r.
2096 1331 2120 1379 5.

416 1410 445 1460 et
462 1406 628 1476 sapientiam
644 1422 708 1459 cum
725 1406 825 1461 aetatu
838 1410 996 1476 augmento,
1014 1407 1255 1477 tumdeniqueut
1276 1408 1336 1476 jam
1361 1424 1428 1463 vero
1454 1408 1627 1480 regeneratio
1658 1407 1718 1464 sine
1742 1407 1799 1464 tide
1824 1424 1880 1463 non
1903 1408 1992 1464 babet
2020 1407 2119 1465 locum

417 1509 468 1546 suo
486 1490 611 1561 exemplo
624 1498 756 1559 moneret,
774 1490 837 1560 illis,
856 1491 904 1563 qui
922 1492 958 1545 ad
977 1490 1069 1566 ιῖκμὴι
1080 1493 1180 1548 aetatis
1192 1509 1253 1563 per·
1279 1492 1334 1548 Per
1356 1492 1525 1564 baptismum
1547 1496 1664 1548 mundat
1682 1495 1810 1549 Obn'rtue
1827 1494 1992 1565 eccleciam,
2017 1494 2120 1566 proe.

416 1585 560 1647 venerunt,
571 1576 754 1632 ministerium
766 1576 993 1632 committendum
1007 1595 1075 1635 esse.
1103 1578 1254 1634 Naaieuze·
1282 1587 1310 1643 5,
1334 1597 1359 1634 v.
1379 1584 1420 1636 26.
1439 1580 1499 1649 jam
1519 1597 1583 1635 vero
1607 1581 1665 1644 ride
1684 1580 1875 1649 purificantur
1894 1583 2000 1647 corda,
2023 1579 2119 1636 Actor.

418 1682 470 1720 nus
489 1665 519 1718 in
538 1669 605 1718 orat.
623 1662 652 1716 in
671 1682 692 1718 s.
711 1662 829 1733 lumina,
850 1680 922 1734 quae
941 1668 984 1719 est
1002 1667 1043 1719 39.
1064 1663 1138 1717 circa
1156 1663 1252 1718 finem:
1282 1670 1322 1732 15,
1339 1680 1366 1719 v.
1387 1670 1410 1721 9.
1454 1665 1509 1721 Per
1534 1665 1717 1737 baptismum.
1734 1665 1817 1721 datur
1840 1667 1966 1723 remissio
1992 1673 2120 1737 pacato

417 1750 546 1806 Christus
559 1750 715 1819 baptisatus
727 1758 776 1818 est,
789 1749 971 1803 caminitinm
981 1750 1253 1817 mendorumsiqno·
1279 1768 1354 1819 rum,
1368 1751 1483 1821 justitia
1500 1758 1530 1806 et
1547 1752 1605 1806 rita
1621 1759 1747 1821 aeterna,
1767 1751 1836 1809 baec
1853 1769 1920 1809 vero
1938 1770 1995 1808 non
2014 1753 2121 1809 babent

415 1856 479 1892 rum
502 1835 632 1902 fecisset,
656 1852 728 1903 quae
749 1852 795 1889 res
818 1835 899 1888 notis
918 1837 1080 1890 mcumento
1100 1852 1158 1889 esse
1175 1836 1253 1889 debet
1279 1838 1370 1892 locum
1386 1836 1446 1891 sine
1464 1836 1528 1893 fide.
1570 1843 1594 1893 3.
1613 1838 1778 1893 invertimue
1803 1838 1890 1909 igitur
1907 1847 2120 1911 argumentum

415 1921 614 1995 ungiacensis
633 1917 841 1988 retardemini
861 1922 907 1987 τῆς
926 1922 1125 1994 πνευματικῆς,
1144 1924 1190 1974 καὶ
1207 1922 1253 1987 τῆς
1279 1923 1400 1978 infantes
1415 1939 1471 1978 non
1490 1922 1596 1978 babent
1613 1922 1705 1990 fidem,
1725 1923 1831 1980 scilieet
1838 1930 1958 1981 naturae
1972 1933 2120 1997 corruptae

416 2010 571 2081 σωματικῆς
591 2005 702 2073 ἡλικίας,
720 2007 910 2061 concionandi
920 2008 1099 2076 prouinciam
1113 2025 1170 2062 non
1188 2014 1253 2061 uate
1278 2014 1422 2080 respectu,
1446 2008 1513 2079 quia
1536 2016 1650 2079 propter
1674 2009 1813 2065 carnalem
1833 2027 1868 2067 ex
1886 2012 2053 2082 parentibus
2070 2029 2119 2083 gs·

415 2094 524 2163 accipi
548 2094 661 2158 dehac,
690 2110 774 2162 quant
801 2095 843 2146 ad
864 2094 1025 2162 spiritualis
1047 2101 1074 2147 et
1099 2110 1253 2162 corporeae
1279 2094 1449 2149 nerationem
1477 2100 1543 2148 sunt
1564 2111 1637 2152 caro.
1681 2094 1758 2166 Ergo
1786 2102 1852 2150 sunt
1878 2096 2058 2168 baptizandi,
2088 2106 2120 2153 ut

415 2180 519 2234 aetatis
530 2178 735 2249 perfectionem
753 2187 863 2233 uentum
878 2180 978 2248 fuerit,
996 2179 1036 2234 ita
1050 2179 1134 2235 vertit
1143 2178 1251 2234 Billius.
1279 2179 1362 2236 fidem
1379 2180 1545 2235 etesiutem
1562 2186 1776 2252 consequantur.
1811 2188 1836 2238 4.
1856 2181 2021 2254 Repetimus
2035 2183 2119 2239 colla·

416 2271 441 2324 6.
463 2266 564 2322 Omnia
589 2265 700 2336 quidem
724 2263 801 2319 facta
820 2263 924 2320 Christi
942 2264 979 2320 ad
997 2265 1151 2321 doctrinam
1171 2264 1252 2319 nobis
1277 2266 1382 2321 tionem
1412 2265 1490 2321 verbi
1519 2265 1637 2320 visibilis
1665 2274 1694 2322 et
1722 2265 1861 2322 audibilis.
1916 2268 2034 2322 Verbum
2062 2289 2119 2325 noa

413 2354 557 2424 proposita
573 2358 653 2421 sunt,
679 2369 735 2407 non
753 2359 847 2407 tamen
864 2351 901 2406 ad
919 2352 1103 2407 imitationem
1119 2352 1179 2407 sine
1195 2351 1253 2406 uilo
1277 2355 1394 2421 prodest
1417 2352 1475 2406 nebi
1491 2353 1642 2406 misceatur
1659 2354 1723 2420 fide
1741 2369 1851 2419 eorum,
1868 2354 1919 2422 qui
1934 2355 1970 2408 id
1988 2356 2118 2421 aurliant¹

415 2439 591 2507 discrimine,
615 2454 678 2491 curn
699 2437 836 2507 quaedam
854 2436 930 2492 facta
946 2437 1003 2493 sint
1021 2437 1133 2494 heroica
1152 2444 1180 2494 et
1198 2437 1253 2491 sin·
1279 2436 1364 2493 Hebr.
1382 2444 1414 2502 4,
1439 2455 1464 2494 v.
1483 2443 1508 2493 2.
1527 2437 1613 2492 nihilo
1630 2443 1723 2493 tamen
1740 2437 1831 2492 minus
1848 2437 1927 2494 verbi
1944 2440 2119 2510 praedicado

414 2526 525 2598 gularia
550 2541 584 2579 ac
609 2524 639 2578 in
666 2523 833 2595 quibusdam
858 2523 1042 2579 destituamur
1060 2524 1165 2592 causis,
1189 2539 1252 2594 pro·
1278 2530 1321 2579 est
1349 2523 1448 2579 efficax
1479 2522 1614 2588 medium,
1643 2540 1694 2593 per
1720 2524 1795 2595 quod
1821 2524 1899 2579 Deus
1921 2525 1984 2581 vult
2010 2528 2118 2597 operari

412 2619 476 2684 pter
493 2628 563 2683 quas
582 2610 635 2665 hoc
653 2611 699 2665 rel
716 2609 787 2665 iliud
807 2610 948 2681 agendum
966 2609 1093 2665 Christus
1111 2609 1252 2679 suscipere
1277 2609 1361 2666 iidem
1385 2609 1415 2664 in
1433 2609 1564 2665 cordibus
1588 2608 1743 2677 hominum,
1767 2609 1831 2665 Job.
1854 2616 1898 2679 tt,
1923 2627 1950 2666 r.
1968 2617 2010 2667 211.
2037 2613 2117 2669 Rom

413 2698 510 2753 voluit.
555 2705 580 2753 1.
611 2696 739 2768 Apostoli
768 2695 946 2766 baptizarunt
973 2695 1096 2767 integras
1122 2693 1251 2752 familias.
1282 2702 1326 2765 10,
1352 2714 1379 2750 v.
1409 2702 1449 2751 11.
1476 2713 1571 2751 eorum
1592 2701 1676 2767 puts,
1703 2695 1751 2767 qui
1771 2711 1828 2750 non
1849 2696 1984 2752 resistunt
2001 2697 2117 2770 Spiritui

411 2781 501 2839 Eccui
525 2787 619 2838 autem
642 2781 790 2836 verisimile
815 2788 872 2850 est,
901 2798 997 2838 omnes
1023 2782 1052 2836 in
1071 2782 1128 2837 iliis
1149 2799 1253 2837 annum
1277 2789 1382 2848 sancto,
1400 2783 1495 2838 Actor.
1516 2790 1540 2849 1,
1553 2800 1578 2838 r.
1596 2790 1636 2839 st.
1673 2782 1720 2837 Sic
1738 2782 1823 2838 etiam
1840 2792 2047 2841 samamentum
2067 2786 2117 2842 bs·

413 2870 514 2927 aetatis
533 2874 575 2925 30.
595 2867 742 2939 attigisse?
1276 2870 1418 2940 ptisticum
1440 2887 1496 2925 uon
1519 2869 1633 2941 prodest
1656 2869 1716 2925 sine
1732 2868 1803 2939 fide,
1828 2869 1937 2926 interim
1959 2877 2056 2929 tamen
2074 2880 2116 2928 est

1276 2955 1377 3011 efficax
1395 2956 1530 3025 medium,
1554 2971 1605 3026 per
1622 2956 1697 3026 quod
1714 2954 1793 3011 Deus
1811 2954 1908 3024 fidem,
1927 2958 2116 3029 regeneratio

284 3058 402 3106 trater·
452 3046 510 3100 194.
546 3048 570 3099 3.
591 3041 704 3096 Foedus
722 3040 793 3095 iniri
809 3043 888 3096 debet
908 3042 981 3097 inter
999 3058 1061 3111 ιιι,
1085 3041 1135 3113 qui
1151 3041 1252 3095 babent
1277 3059 1340 3113 uem
1370 3048 1399 3097 et
1429 3041 1548 3097 salutem
1577 3040 1608 3095 in
1635 3040 1765 3096 cordibus
1792 3040 1929 3097 infantum
1961 3060 1995 3099 ex
2025 3046 2118 3118 grstia

285 3120 381 3206 ἷξξ,ἦῗ“
414 3130 567 3199 seientiam,
584 3128 782 3182 conscientiam
802 3136 829 3181 et
847 3128 1071 3196 inteiiipentium.
1105 3127 1252 3182 Jamoero
1277 3134 1415 3197 operatur.
1468 3126 1608 3181 Lutberus
1642 3126 1672 3180 in
1706 3126 1813 3196 epistol.
1851 3127 1886 3182 de
1922 3129 2118 3200 anabaptismo

285 3211 391 3267 gonew
415 3217 541 3278 infantes
565 3233 621 3269 non
648 3214 809 3282 intellipunt
835 3213 933 3282 capita
954 3214 1097 3280 foederis,
1122 3214 1199 3282 quod
1221 3213 1252 3266 in
1276 3219 1342 3271 tom.
1368 3221 1392 3270 4.
1415 3214 1529 3270 Jeuens.
1554 3211 1647 3267 Germ.
1670 3211 1719 3268 fot
1740 3218 1810 3280 ,4131
1837 3212 1918 3269 Idem
1940 3215 2072 3272 Christum
2089 3218 2119 3272 ia

284 3268 403 3360 iiiiii?
416 3303 554 3372 baptismo
565 3303 646 3356 usu
665 3300 806 3355 eoseum
826 3298 887 3355 tin.
914 3298 1138 3368 Respondemus:
1159 3305 1181 3355 1.
1193 3299 1252 3354 cu·
1278 3300 1413 3368 sapiam
1432 3308 1459 3353 a
1478 3300 1559 3368 apuu
1577 3299 1743 3368 ιιριιιιιιιι
1755 3315 1894 3368 prtum
1912 3308 1962 3370 en,
1979 3302 2038 3356 ιιιι
2058 3303 2118 3373 ιρι.

284 3371 379 3422 ⁹²¹'‘¹⁰¹·
415 3388 545 3443 cumcisio
563 3388 660 3459 utique
678 3391 740 3441 erat
757 3385 811 3440 Dei
828 3383 942 3451 foedus,
967 3384 1070 3440 Genus.
1092 3390 1139 3454 11,
1162 3402 1189 3441 r.
1211 3391 1251 3440 11.
1278 3385 1416 3454 ὀαρείιιιι,
1439 3386 1480 3437 ad
1502 3384 1662 3438 Jolunnern
1685 3384 1716 3437 in
1739 3392 1819 3438 utero
1837 3386 1937 3439 matris
1956 3389 2119 3442 conclusus»

414 3474 493 3548 atqui
511 3472 631 3529 infantes
651 3471 696 3525 die
717 3476 741 3526 8.
760 3468 1043 3539 circumcidebantur,
1070 3487 1140 3541 quos
1158 3478 1253 3525 temen
1277 3472 1413 3529 veniebat.
1438 3472 1521 3526 Idem
1540 3478 1590 3537 est,
1605 3472 1654 3542 pai
1672 3470 1703 3524 in
1719 3470 1858 3539 baptismo
1870 3488 1925 3541 per
1942 3490 1975 3527 οι
1993 3474 2120 3529 ministr-i

413 3560 467 3618 hoc
484 3565 679 3631 argumentum
698 3574 716 3611 a
735 3556 790 3611 Dei
806 3556 918 3610 foedere
936 3556 1107 3615 excluderet.
1141 3561 1165 3614 2.
1182 3556 1252 3612 Foe·
1278 3558 1418 3628 loquitur,
1454 3558 1526 3611 sieut
1562 3572 1619 3626 per
1655 3573 1687 3609 os
1728 3558 1829 3611 matris
1866 3558 1907 3612 ibi
1941 3558 2117 3628 lucrabatur.

414 3647 483 3702 ders
506 3646 579 3700 inter
602 3643 728 3698 homines
754 3641 823 3696 inita
849 3641 1034 3697 conditionem
1059 3643 1136 3698 illam
1161 3644 1253 3716 requi·
1279 3652 1302 3701 5.
1322 3644 1394 3700 Cum
1415 3643 1530 3715 quidam
1553 3642 1674 3697 intentes
1698 3640 1809 3697 Christo
1834 3641 1979 3714 offerrent,
1999 3644 2119 3717 apostoli

414 3739 493 3799 runt,
518 3738 551 3785 ut
572 3729 646 3801 parti
671 3729 782 3799 utrique
800 3728 834 3783 de
854 3727 992 3798 capitibus
1011 3745 1106 3783 eorum
1123 3745 1252 3801 expresse
1279 3731 1482 3797 eodemmodo
1510 3728 1694 3801 colligebant;
1720 3728 1841 3785 infantes
1866 3728 1907 3783 illi
1931 3746 1987 3785 uon
2013 3731 2119 3788 habent

415 3823 531 3886 constet,
548 3816 598 3871 sed
609 3813 687 3868 Deus
705 3814 790 3869 etism
807 3832 870 3870 cum
887 3814 1095 3871 irrationalibus
1118 3817 1253 3872 creaturis
1277 3817 1370 3882 iidem,
1386 3834 1439 3872 uec
1457 3816 1583 3870 docendo
1600 3832 1664 3870 cum
1682 3814 1738 3869 illis
1756 3815 1908 3888 quidquam
1927 3818 1976 3889 agi
1991 3824 2043 3873 aut
2052 3836 2117 3890 pro·

414 3904 513 3961 foedus
531 3920 612 3957 suurn
632 3900 728 3973 erigit,
765 3900 866 3958 Genea.
886 3907 917 3972 9,
935 3920 962 3958 v.
983 3909 1145 3973 loquente
1163 3904 1253 3975 magis
1278 3903 1324 3958 fici
1342 3908 1444 3974 potest,
1463 3919 1530 3971 ergo
1545 3901 1657 3957 arcendi
1674 3905 1739 3955 sunt
1757 3918 1776 3956 a
1794 3900 1918 3971 Christo,
1943 3903 2034 3960 donec
2051 3906 2117 3960 adc-

416 4007 479 4047 cum
501 3989 657 4046 infantibus
682 3987 774 4042 adhuc
794 3987 905 4042 tenellis
928 3987 1027 4044 foedus
1051 3988 1122 4043 inire
1142 3990 1253 4060 poterit,
1278 3991 1384 4045 lescant
1406 4004 1440 4042 ac
1465 3986 1559 4041 doceri
1581 3986 1702 4058 possiut3
1735 3988 1785 4044 sed
1812 3987 1937 4044 Christus
1965 3989 2119 4061 discipulos

415 4075 482 4132 licet
507 4094 561 4131 usu
586 4072 701 4129 rationis
727 4074 921 4129 destituantur.
976 4079 999 4130 3.
1028 4073 1065 4131 D.
1092 4074 1196 4145 Mylius
1224 4076 1253 4130 in
1279 4081 1426 4147 propterea
1448 4073 1576 4145 increpat
1595 4078 1625 4128 et
1637 4073 1797 4142 juramento
1814 4074 1972 4144 confirmat,
1996 4076 2072 4132 velie
2089 4089 2120 4131 se

415 4161 537 4233 August.
556 4161 673 4217 confess.
691 4160 769 4215 artic.
789 4166 813 4215 9.
831 4178 860 4230 p.
881 4166 938 4216 158.
956 4160 997 4214 sic
1015 4161 1176 4231 respondet:
1196 4163 1252 4217 Sti·
1279 4176 1379 4233 pueros
1401 4159 1525 4230 recipere
1550 4158 1580 4212 in
1603 4175 1721 4231 regnum
1743 4160 1884 4217 coelorum
1901 4168 1954 4216 eta
1997 4159 2121 4234 Reliqua

414 4250 539 4318 palatio,
562 4263 633 4318 quae
652 4248 690 4316 fit
712 4248 743 4301 in
771 4246 922 4316 baptismo,
945 4264 1001 4299 non
1024 4254 1083 4302 tam
1096 4250 1204 4318 pendet
1221 4265 1253 4302 ea
1279 4252 1444 4319 argumenta
1470 4243 1675 4315 anabaptistae
1698 4244 1810 4302 facilem
1833 4245 1938 4303 hebent
1957 4247 2120 4319 explicatio-

417 4336 540 4388 bumana
567 4352 651 4403 quant
675 4351 708 4389 ee
728 4333 826 4388 diuina
842 4333 1025 4402 auctoritate,
1045 4351 1133 4403 aeque
1152 4335 1189 4387 ab
1206 4335 1253 4388 lto·
1279 4350 1343 4388 uem
1362 4331 1611 4404 exsuperioribus.

416 4421 490 4475 mine
514 4420 605 4486 magio
631 4437 714 4488 qnam
731 4437 751 4471 a
772 4421 834 4473 Deo
857 4418 920 4488 ipso
933 4419 1137 4488 proficiscitur.
1172 4423 1253 4474 Deus
1316 4426 1374 4476 196.
1408 4418 1455 4476 sie
1482 4418 1613 4475 Servetus
1644 4417 1674 4472 in
1704 4416 1751 4473 lib.
1782 4424 1807 4474 4.
1838 4418 1874 4474 de
1904 4421 2175 4490 regenerationem

417 4507 491 4562 eninr
510 4513 550 4558 cst
566 4505 757 4575 potissimum,
776 4504 825 4573 qui
843 4505 905 4558 illic
924 4504 1095 4574 stipulatur,
1114 4522 1144 4560 se
1163 4506 1252 4576 bapti·
1279 4506 1347 4561 baec
1363 4505 1469 4576 profert
1485 4509 1662 4577 argumenta:
1682 4509 1707 4558 1.
1726 4502 1833 4557 Christi
1850 4503 1977 4573 cambota
1994 4507 2055 4562 siae
2072 4526 2119 4564 aa·
2129 4488 2176 4573 ,Ἢ

416 4602 478 4647 sato
496 4607 556 4645 esse
570 4590 736 4659 propitium.
765 4590 822 4643 Hic
840 4591 966 4659 ᾳιιιιιιιυὶι
983 4590 1019 4643 ab
1032 4591 1141 4662 infante
1152 4602 1253 4663 aperta
1278 4600 1424 4645 eramenta
1441 4600 1506 4645 eunt
1520 4592 1669 4662 perseam·
1688 4606 1755 4657 erpo
1772 4607 1828 4643 non
1845 4590 1903 4644 nisi
1913 4592 2065 4660 perfector
2076 4581 2176 4685 11ίῇ

416 4679 538 4737 nicr'ssirn
557 4694 612 4729 non
627 4684 789 4745 praestetur
801 4676 955 4745 stipulatio,
974 4676 1042 4746 quia
1059 4687 1150 4732 tantm
1163 4690 1252 4748 pacta
1278 4679 1325 4731 sui
1348 4677 1569 4746 perfruitionem
1596 4675 1757 4729 adsumam.
1797 4676 1868 4730 Jarn
1888 4691 1960 4731 uero
1985 4678 2175 4744 infantum

415 4767 481 4835 iure
505 4766 567 4834 ipso
591 4770 655 4815 cunt
671 4763 820 4832 reciproca
840 4771 865 4817 et
884 4765 948 4818 Deo
967 4764 997 4817 in
1010 4765 1150 4834 populum
1170 4785 1252 4821 suum
1278 4772 1342 4817 sunt
1368 4763 1537 4831 imperfecti.
1576 4760 1801 4831 Respondemusr
1826 4770 2001 4819 sacramenta
2020 4764 2117 4821 dicun·

417 4859 526 4908 constat
544 4850 596 4920 jus
620 4847 852 4916 liquidissimam,
879 4850 950 4902 satir
973 4857 1026 4916 est,
1055 4866 1114 4904 esse
1137 4853 1254 4907 tacitam
1279 4857 1325 4905 tur
1340 4849 1464 4921 perfecta
1481 4865 1537 4903 uon
1553 4846 1660 4902 ratione
1677 4845 1781 4917 objecti
1799 4846 1857 4903 sive
1872 4846 1992 4903 bominis
2004 4851 2117 4919 utente,

414 4956 470 5009 pro
490 4932 844 5005 temporernpalationem‚
869 4952 942 5004 puae
954 4937 1089 5005 temporis
1097 4955 1255 5007 progressu
1280 4936 1329 4992 sed
1347 4935 1449 5005 partim
1467 4934 1574 4989 radone
1593 4948 1695 4988 causae
1713 4930 1867 5002 efficientis,
1887 4934 1991 5005 partin
2010 4937 2118 4993 ratione

417 5025 555 5093 ciperem,
580 5021 664 5075 etiarn
695 5027 835 5073 externum
865 5022 1035 5087 manifestae
1061 5022 1255 5092 stipulationis
1279 5038 1380 5076 causae
1404 5019 1496 5075 finalis
1523 5024 1552 5074 et
1575 5018 1701 5075 effectus.
1741 5018 1908 5075 Insertimus
1930 5018 2019 5091 igitur
2035 5038 2118 5094 argu·

418 5110 549 5180 acquirit.
591 5112 615 5163 4.
634 5104 708 5172 Quin
728 5104 782 5159 imo
805 5122 869 5160 cum
892 5108 964 5162 inter
985 5106 1110 5164 homiues
1131 5110 1254 5179 quando·
1279 5115 1417 5174 mentum;
1435 5105 1503 5177 quia
1521 5104 1642 5160 infantes
1660 5111 1725 5159 sunt
1741 5104 1906 5177 imperfecti.
1931 5105 2008 5179 Ergo
2028 5108 2118 5179 bapt'·

419 5213 474 5268 que
489 5194 558 5249 talia
575 5192 705 5248 ineantur
721 5189 842 5260 foedera,
860 5191 889 5246 in
910 5193 1011 5265 quibus
1030 5192 1168 5249 infantum
1192 5195 1254 5252 loco
1279 5192 1370 5248 zaudi.
1411 5195 1438 5243 2.
1458 5188 1566 5243 Christi
1587 5190 1714 5258 symbola
1739 5192 1868 5245 instituta
1892 5201 1957 5247 runt
1981 5194 2025 5247 ad
2047 5210 2119 5250 coss·

418 5289 547 5353 parentes
575 5280 713 5352 spondent
742 5284 770 5332 et
799 5276 828 5331 in
855 5278 948 5349 capita
977 5278 1098 5334 foederis
1128 5297 1253 5351 compro·
1280 5276 1522 5346 memorationem
1545 5277 1672 5342 infantes
1697 5277 1731 5330 id
1744 5286 1893 5347 proestare
1916 5297 1974 5333 non
1988 5287 2118 5348 poscunt.

419 5368 544 5433 mittunt,
567 5373 671 5438 quanto
690 5362 778 5435 magis
796 5379 860 5417 cum
880 5362 1034 5420 manebus
1054 5364 1132 5419 Deus
1151 5368 1256 5437 poterit
1279 5364 1504 5436 Respondemus:
1529 5362 1563 5418 de
1587 5362 1755 5419 eucharistia
1774 5364 1953 5437 peculiariter
1971 5365 2002 5421 id
2021 5367 2119 5424 aaran

419 5454 489 5509 inire
510 5453 620 5522 foedus,
648 5467 766 5522 quorum
789 5466 819 5505 os
842 5453 871 5501 et
896 5449 1048 5506 advocatus
1069 5450 1194 5507 Christus
1213 5453 1254 5508 di-
1280 5449 1423 5523 apostaius
1451 5457 1472 5504 1.
1490 5448 1552 5505 Cor.
1573 5456 1617 5518 11,
1643 5467 1671 5506 v.
1690 5455 1733 5506 26.
1754 5451 1792 5505 sd
1813 5467 1898 5523 quam
1920 5451 2044 5510 infantes
2064 5469 2119 5509 nou

419 5547 492 5595 uerte
514 5538 619 5612 inquit:
650 5538 742 5593 Sinite
763 5534 903 5607 paruulos
929 5537 971 5589 ad
995 5552 1037 5589 me
1055 5537 1163 5607 uenire,
1186 5541 1255 5608 quia
1281 5535 1460 5594 admittimus.
1495 5535 1658 5607 Baptismus
1680 5542 1723 5592 est
1747 5537 1891 5593 hracrum
1908 5539 2119 5610 rgenerationis,

419 5628 519 5680 tatium
548 5634 588 5680 est
618 5643 734 5694 repnum
762 5623 918 5689 coelorum,
953 5621 1052 5678 Matth.
1083 5631 1129 5692 te,
1162 5643 1189 5682 r.
1216 5632 1257 5682 14.
1281 5625 1338 5679 Tit.
1350 5629 1377 5692 3,
1392 5639 1419 5679 r.
1438 5627 1461 5676 5.
1479 5638 1536 5693 que
1553 5638 1617 5676 cum
1634 5621 1779 5696 indigeant
1800 5624 1930 5695 mamre,
1947 5642 1966 5681 a
1980 5626 2120 5702 baptismo

419 5707 507 5769 Marc.
534 5718 579 5779 10,
601 5729 627 5770 ιι.
650 5716 690 5769 14.
724 5708 794 5769 Luc.
815 5713 861 5779 18,
884 5725 910 5763 v.
930 5712 970 5763 16.
992 5706 1022 5760 id
1044 5706 1137 5779 ipsum
1154 5726 1188 5766 ex
1206 5727 1253 5768 ore
1282 5726 1338 5766 non
1364 5715 1429 5765 sunt
1461 5707 1637 5766 excludendi.
1683 5714 1711 5765 3.
1742 5710 1947 5782 spiritualibus
1974 5714 2119 5784 miratu
