4800 6659
358 546 429 607 ¹202
972 542 1095 608 Locus
1111 540 1282 602 Decnms
1298 540 1474 602 OCTAVUS

249 706 296 747 nm
309 704 354 748 m.
368 696 477 768 operari
502 695 612 767 peccivc
638 696 731 752 dixit?
766 696 853 754 Hebr.
878 703 925 768 tt,
948 717 974 753 v.
1001 704 1039 755 16.
1075 698 1198 755 Greeeuc
1226 700 1329 754 miccac
1354 699 1524 770 cacrificium
1547 702 1691 772 applicat,·
1720 702 1781 756 aiio
1808 702 1893 756 modo
1917 717 1951 756 en
1976 709 2057 773 opere

367 787 458 839 rexne
477 783 562 839 hebet
580 782 894 856 monumentorum,
913 785 1080 856 delectatum
1099 787 1198 841 mirum
1226 794 1357 854 operato,
1374 786 1425 840 hcc
1443 794 1483 840 eet
1500 803 1533 840 ec
1550 787 1615 857 ipra
1632 788 1855 852 concecratione,
1875 787 2016 843 eblationc
2032 797 2057 843 et

368 870 443 941 quod
462 869 646 925 Bellnrminuc
665 887 721 927 uon
738 871 864 927 abderit
880 872 972 927 locum
990 870 1053 927 Gal.
1073 879 1103 936 5,
1124 890 1149 928 r.
1168 877 1199 927 6:
1225 872 1362 926 montone
1392 890 1449 927 non
1476 873 1611 930 habendo.
1628 882 1783 943 recpecturn
1809 862 1850 928 ad
1876 876 2056 945 perconalem

365 954 451 1011 Fiden
475 972 526 1027 per
543 957 688 1013 caritatem
707 957 906 1032 ἐνεργουμένη,
927 965 1053 1030 operate,
1081 957 1135 1013 hoc
1157 965 1200 1014 eet
1224 959 1399 1012 sanctitatem
1428 966 1478 1012 aut
1508 960 1637 1014 meritum
1665 960 1822 1014 cacmdmic
1851 966 1903 1016 ete.
1948 958 2056 1017 Deinde

365 1047 442 1098 mute
466 1061 514 1099 ceu
538 1043 660 1115 agitata,
682 1044 724 1100 itu
745 1044 818 1100 enim
841 1045 952 1115 paucive
970 1045 1036 1100 alibi
1055 1045 1117 1116 ipee
1136 1045 1199 1100 Bel·
1224 1062 1290 1100 rero
1317 1044 1489 1100 constituunt
1516 1046 1600 1101 etium
1627 1063 1697 1118 opue
1722 1062 1839 1118 operam
1863 1047 1892 1102 in
1916 1048 1978 1117 illo,
2011 1049 2057 1120 qui

365 1128 497 1184 lex-minuc
519 1129 593 1184 bunc
618 1130 711 1185 locum
735 1135 875 1201 operatur.
912 1138 936 1188 4.
959 1131 1072 1186 'lribuit
1091 1130 1198 1187 Beller·
1210 1126 1215 1211 Ι
1226 1137 1399 1187 recremento
1414 1132 1509 1202 utitur,
1527 1134 1630 1188 bonurn
1647 1132 1754 1188 milicet
1770 1138 1875 1188 motum
1891 1134 2056 1204 interiorem,

365 1214 456 1271 minuc
475 1216 598 1273 Lutbero
611 1217 817 1288 etChemnicio,
839 1218 912 1289 qnod
923 1219 1010 1288 sulca
1028 1219 1199 1289 eupocitione
1225 1222 1258 1271 nt
1277 1217 1452 1273 devotionem
1469 1236 1518 1274 een
1533 1218 1617 1275 fidem
1637 1220 1822 1291 suscipientia.
1856 1220 1977 1294 Utrique
1993 1238 2056 1278 vero

365 1303 461 1371 operie
479 1304 589 1373 operati
606 1303 768 1359 Catholicae
792 1304 1000 1373 (Romaneneee)
1022 1322 1199 1376 praepranu
1225 1304 1301 1374 operi
1317 1304 1443 1376 operanti
1462 1313 1608 1375 opponunt
1625 1322 1695 1376 opus
1712 1313 1870 1376 operatum,
1893 1307 1949 1361 alio
1973 1312 2056 1379 etque

364 1389 436 1458 rint,
464 1391 614 1456 affirmant
638 1390 749 1462 (inquit)
772 1409 843 1461 opuc
869 1401 1013 1462 operatum
1039 1393 1199 1461 cipnificere
1225 1389 1280 1444 ulio
1297 1396 1434 1461 recpectu.
1471 1396 1494 1446 t.
1514 1390 1610 1462 Pergit
1626 1390 1813 1447 Bellerminnc
1830 1409 1864 1447 ae
1882 1397 1982 1465 negat,
2001 1394 2056 1446 cim

322 1548 324 1553 μ
366 1492 436 1545 opuc
462 1476 636 1530 meritorium
663 1494 713 1531 ceu
742 1478 907 1548 dignitatem
937 1480 1032 1549 operic
1057 1495 1091 1533 ea
1115 1488 1200 1549 parte
1226 1477 1319 1546 operic
1349 1477 1462 1546 operati
1488 1480 1671 1545 excogitatam
1701 1494 1759 1533 ecee
1788 1481 1830 1534 ad
1853 1479 2056 1533 excludendam

365 1560 490 1616 minictri
504 1562 550 1616 ecl
566 1563 757 1633 mrcmpientic,
773 1581 846 1634 quae
863 1572 904 1618 ect
914 1566 1001 1633 sulca
1019 1565 1156 1635 ceperitio
1173 1574 1199 1620 et
1218 1565 1309 1631 fidem
1326 1571 1353 1617 et
1364 1563 1567 1633 poenitentiam
1585 1566 1724 1618 internam
1743 1566 1774 1619 in
1790 1567 1901 1635 negotio
1913 1566 2054 1635 juctifica-

365 1649 443 1703 iectic
459 1649 638 1719 ipnorontrbc
655 1650 700 1704 uel
717 1650 846 1705 malitiae
866 1652 1001 1721 aprorum.
1039 1652 1196 1724 Responde·
1225 1651 1317 1706 tionic.
1353 1644 1526 1704 (iulumniam
1553 1657 1582 1706 et
1604 1651 1778 1707 menducium
1802 1657 1885 1707 roent
1910 1652 2055 1723 expositio

366 1751 444 1790 mne:
479 1751 530 1790 nee
561 1734 701 1790 Luthernc
729 1752 781 1791 nee
804 1735 988 1792 'Chemnieiuc
1016 1737 1069 1793 hoe
1095 1739 1199 1808 dicunt,
1224 1752 1287 1790 nem
1305 1735 1396 1806 illam,
1414 1739 1491 1807 quod
1508 1740 1639 1800 conferre
1659 1738 1783 1808 qratiam
1800 1746 2055 1809 ceopereoperato

366 1822 441 1893 quod
460 1820 600 1876 Pontifieii
623 1840 673 1893 per
696 1839 766 1893 opuc
790 1830 934 1894 operatum
953 1823 1112 1896 intelligent
1127 1841 1198 1897 opuc
1223 1823 1260 1875 cit
1286 1824 1417 1890 conferre
1441 1824 1566 1892 qratiam
1587 1825 1734 1894 peccatori
1759 1825 1821 1878 cine
1845 1826 1905 1893 fide
1930 1833 1956 1879 et
1984 1826 2055 1879 bone

365 1907 549 1976 meritorium,
574 1924 623 1963 cen
641 1909 805 1981 dignitatem
824 1910 916 1980 operic
933 1927 966 1965 ex
984 1917 1063 1981 perte
1080 1911 1197 1965 ministri
1223 1916 1299 1962 motu
1316 1910 1420 1964 cerdic.
1455 1909 1679 1981 Respondemus:
1704 1911 1733 1966 id
1752 1925 1818 1967 vero
1835 1909 1945 1966 dicertis
1962 1911 2055 1967 rerbic

365 1992 411 2049 rel
431 1993 620 2064 suscipientia,
643 1995 694 2050 ced
715 2011 781 2051 rere
805 2000 834 2050 et
857 1994 977 2051 fideliter
994 1995 1117 2066 ipserum
1135 2011 1197 2051 cen·
1223 1993 1387 2051 Seboleetiei
1410 2002 1545 2053 recerunt.
1580 1998 1712 2053 Albertue
1735 1998 1764 2052 in
1789 2014 1813 2052 c.
1831 2003 1855 2054 6.
1872 1997 1952 2053 doh:
1977 1999 2055 2068 Opuc

365 2080 480 2137 tentiam
505 2080 629 2137 referunt
656 2085 686 2137 et
710 2081 857 2152 explicant
906 2082 1076 2137 Scholactici
1096 2083 1197 2155 (inquit
1223 2090 1368 2151 operatum
1386 2091 1426 2137 ect
1444 2085 1586 2153 perfectio
1606 2085 1713 2138 externi
1728 2084 1823 2154 operr'c
1840 2085 1901 2137 cine
1917 2092 1994 2139 motu
2011 2085 2054 2138 in·

257 2235 259 2239 Α
366 2167 552 2236 Ghemnieiue)
584 2170 763 2223 communitor
792 2169 965 2238 distinguunt
994 2170 1068 2223 inter
1100 2187 1196 2224 cocra-
1224 2176 1309 2225 terno.
1344 2167 1536 2240 Mencingeruc
1563 2169 1655 2225 addit:
1688 2169 1760 2232 Quia
1788 2171 1882 2224 sancti
1902 2170 1932 2223 in
1961 2171 1993 2228 V.
2020 2172 2054 2225 T.

365 2262 457 2309 menta
482 2254 513 2311 V.
537 2262 564 2309 et
586 2257 623 2309 N.
650 2257 695 2321 T,
725 2258 801 2325 quod
822 2256 877 2309 iila
900 2258 1050 2324 conserant
1072 2258 1195 2326 qratiam
1221 2257 1278 2319 fide
1310 2255 1484 2325 accipiebant
1514 2258 1638 2324 gratiam
1669 2256 1700 2309 in
1727 2273 1780 2309 ueu
1807 2264 2054 2326 cacramentorum,

366 2356 507 2411 coepere
534 2344 692 2411 operantu,
723 2343 792 2397 haec
815 2359 881 2398 uero
905 2360 937 2396 eu
961 2360 1044 2412 opere
1070 2352 1194 2414 operato.
1223 2348 1333 2410 oportet
1349 2357 1415 2411 erpo
1434 2342 1471 2395 N.
1494 2343 1524 2395 T.
1546 2349 1724 2395 caeromenta
1741 2342 1861 2413 majoric
1878 2359 1938 2397 ecce
1956 2344 2054 2409 effica-

364 2427 429 2483 uox
454 2445 486 2483 ex
509 2427 588 2484 Biele
610 2428 659 2484 lib.
676 2435 701 2487 4.
726 2435 795 2486 cent
819 2430 882 2485 diet
903 2435 925 2490 1.
945 2448 992 2502 qu.
1011 2436 1034 2486 ³.
1053 2430 1134 2485 addit
1150 2447 1195 2485 er·
1222 2426 1292 2491 ciac,
1310 2434 1340 2480 ut
1357 2430 1507 2496 conferant
1518 2430 1640 2496 praciam
1653 2444 1686 2481 ce
1698 2446 1781 2498 opere
1797 2437 1922 2499 operato,
1942 2429 2057 2483 enamcc·

364 2513 555 2587 plicationem:
583 2516 629 2568 Ee
653 2532 737 2584 opere
755 2525 889 2586 operante
906 2524 1082 2571 recrementa
1098 2518 1195 2570 dicun·
1222 2530 1277 2568 non
1297 2516 1415 2567 accedat
1433 2532 1504 2584 opuc
1521 2533 1642 2585 operanc
1659 2517 1846 2586 mercipientic,
1864 2517 1916 2570 hoc
1928 2523 1969 2570 ect
1977 2517 2055 2586 fider

365 2608 410 2655 tur
428 2602 558 2667 conferre
574 2601 706 2670 gratiam,
724 2619 778 2672 per
795 2605 908 2657 modurn
926 2603 1030 2670 meriti,
1051 2604 1129 2672 quod
1142 2603 1195 2655 cci-
1222 2617 1271 2654 ceu
1297 2601 1407 2655 deuotio
1435 2602 1563 2656 interior.
1605 2601 1705 2658 Petruc
1733 2602 1768 2659 de
1796 2602 1903 2658 Pelude
1930 2609 1956 2659 4.
1984 2609 2054 2659 cent

364 2686 429 2743 lieet
451 2694 658 2740 sacramentum
679 2687 757 2752 forie
782 2689 930 2743 eahibiturn
954 2706 1011 2743 non
1028 2688 1136 2756 eusficr't
1155 2691 1198 2742 ad
1223 2685 1284 2741 diat.
1304 2691 1326 2741 1.
1350 2693 1456 2757 quaem
1477 2694 1505 2743 1:
1534 2688 1571 2741 In
1593 2690 1775 2742 sacramentis
1797 2706 1884 2741 nouae
1907 2689 1977 2757 lepic
1996 2696 2158 2744 nonvum

365 2773 477 2843 pratrbc
494 2773 682 2841 collationem,
701 2775 755 2828 ced
772 2774 850 2827 ultra
867 2775 919 2827 hoe
936 2773 1091 2844 requiritur
1109 2775 1196 2828 bonuc
1220 2787 1273 2840 per
1291 2788 1321 2825 ec
1339 2774 1504 2842 requiritur,
1523 2775 1600 2843 quod
1614 2775 1694 2828 horno
1711 2790 1741 2827 ce
1761 2774 1901 2843 dirponat,
1919 2792 1985 2844 erpo
2000 2792 2055 2845 per

366 2867 457 2913 matur
470 2875 521 2913 eeu
538 2860 648 2913 deuotio
666 2856 787 2915 interior
805 2861 835 2914 in
852 2861 1026 2931 mempiente,
1045 2863 1196 2915 coeundum
1222 2859 1315 2929 iprum
1330 2868 1535 2914 caeromentum
1553 2862 1722 2930 disponitur,
1749 2869 1776 2916 et
1792 2862 1835 2914 ric
1846 2862 1996 2930 probabile
2013 2870 2055 2917 cet

367 2947 449 3016 eujus
472 2947 649 3000 intentionem
676 2947 822 3013 confertur
842 2948 937 3017 pratia
955 2956 1088 3018 tanguam
1104 2950 1199 3003 meriti
1222 2949 1253 3001 in
1275 2948 1352 3002 omni
1367 2958 1543 3003 caeromento
1561 2965 1648 3004 nouae
1666 2949 1750 3019 lepic,
1773 2951 1850 3018 quod
1865 2949 2004 3018 juctificat
2021 2964 2055 3003 ca

366 3033 502 3100 eorcdipni
518 3032 563 3086 uel
580 3032 698 3103 congrui
711 3034 842 3104 praecice
859 3041 887 3087 et
903 3052 960 3088 non
975 3035 1196 3106 majorpropter
1223 3051 1307 3105 opere
1331 3044 1448 3105 operato
1471 3041 1524 3093 ete.
1565 3038 1606 3091 Et
1627 3038 1655 3091 ci
1677 3039 1791 3092 dicatur
1814 3053 1883 3106 opuc
1907 3044 2055 3105 operatum

365 3120 562 3175 cohibitionem
585 3122 762 3176 recrementi.
798 3122 948 3191 Ecopere
965 3130 1082 3191 operato
1101 3140 1197 3176 caera·
1223 3139 1279 3176 non
1297 3138 1356 3176 ecee
1373 3140 1393 3176 a
1408 3131 1598 3190 sacramento,
1624 3125 1676 3177 red
1698 3142 1717 3177 a
1739 3124 1803 3177 Deo
1826 3123 1857 3176 in
1875 3131 2055 3179 cacramento

365 3214 487 3261 mentum
511 3207 617 3261 dicitur
640 3208 771 3271 conferre
793 3210 929 3277 praciam,
954 3209 997 3262 ita
1021 3211 1098 3278 quod
1115 3226 1148 3263 ec
1165 3226 1196 3264 eo
1222 3211 1267 3264 cel
1283 3225 1345 3263 cum
1361 3219 1550 3275 sacramento,
1572 3212 1652 3266 ictud
1667 3228 1724 3265 non
1740 3210 1829 3276 eald,
1858 3211 1927 3280 quia
1948 3212 1991 3264 ita
2008 3229 2055 3267 ca·

367 3293 439 3365 ipro,
456 3295 536 3363 quod
551 3311 623 3363 opue
635 3293 718 3358 illud,
733 3301 805 3363 puta
817 3303 1029 3360 recrementum,
1050 3296 1197 3365 cohibetur,
1223 3304 1394 3350 crumentum
1418 3312 1506 3351 novae
1530 3298 1601 3366 topic
1626 3314 1682 3351 non
1705 3296 1826 3349 dictaret
1842 3313 1861 3350 a
1877 3306 2056 3353 recremento

365 3379 424 3435 nici
441 3380 578 3449 impediat
596 3381 663 3435 oben
676 3381 788 3449 peccati
805 3382 948 3449 mortalic,
971 3382 1068 3451 pratia
1085 3384 1197 3450 conser-
1223 3383 1324 3437 ueteric
1350 3383 1433 3451 teon,
1464 3383 1532 3453 quia
1558 3383 1702 3453 oportebat
1732 3384 1814 3436 etium
1834 3384 1864 3436 in
1883 3384 1972 3437 ceteri
1994 3384 2056 3453 lene

366 3474 413 3520 tur
437 3466 576 3521 utentibuc
593 3467 648 3536 eie,
673 3468 750 3535 quod
769 3474 887 3536 praeter
912 3468 1104 3522 cohibitionem
1122 3468 1199 3539 cipni
1224 3469 1434 3538 disparitionem
1450 3469 1525 3536 sieri
1540 3468 1570 3522 in
1585 3469 1719 3538 paroulic
1736 3485 1755 3520 a
1773 3471 1845 3524 Deo.
1875 3467 1938 3525 Biel
1950 3469 2055 3527 ibidem

365 3553 442 3619 forie
465 3553 579 3606 ecbibiti
600 3570 656 3606 non
677 3552 831 3622 requiritur
853 3553 939 3605 bonuc
957 3561 1046 3607 motae
1063 3554 1093 3606 in
1111 3555 1197 3607 cucci-
1224 3572 1270 3626 qu.
1289 3559 1319 3610 3:
1354 3554 1565 3609 Sacramentum
1592 3554 1697 3608 dicitur
1722 3556 1853 3619 conferre
1875 3557 2000 3625 qratiam
2022 3573 2055 3611 ee

365 3640 467 3710 pionte.
502 3638 605 3707 Videt,
622 3640 689 3710 ipeic
708 3639 939 3696 scholasticorum
960 3634 1051 3696 'verbie
1071 3638 1197 3696 Cbemni·
1224 3658 1306 3712 opere
1323 3650 1439 3712 operato
1457 3643 1511 3707 cic,
1532 3643 1611 3712 prod
1629 3648 1745 3710 practer
1768 3642 1961 3696 cohibitionem
1978 3644 2055 3711 cipni

368 3726 443 3781 cium
462 3726 599 3797 explicare
617 3725 708 3797 aperie
726 3726 832 3797 operati
849 3725 1084 3798 significationem.
1116 3726 1196 3791 Quod
1217 3728 1298 3794 forie
1327 3745 1383 3781 non
1413 3728 1570 3796 requiretur
1598 3728 1684 3781 bonuc
1709 3735 1799 3781 motuc
1823 3728 1854 3781 in
1875 3730 2053 3798 cuccipiente.

368 3814 509 3870 Lutheruc
535 3812 584 3870 lib.
611 3813 645 3868 de
669 3818 742 3883 capt.
762 3812 863 3883 Babyl.
883 3830 942 3884 cnp.
968 3814 1003 3868 de
1026 3814 1100 3886 bapt.
1122 3813 1197 3883 dicit,
1224 3816 1292 3870 Inde
1305 3814 1454 3869 cardinnlic
1471 3811 1620 3884 Cejetnnne
1633 3813 1743 3868 nomine
1755 3813 1899 3870 LeonicX.
1912 3815 2052 3885 pontifieic

369 3900 560 3957 deholnrticoc
580 3916 613 3952 ec
628 3908 804 3954 recremento
820 3900 923 3963 fecrbce
940 3909 1136 3971 praeceptum,
1165 3919 1198 3955 ea
1223 3901 1340 3957 Romani
1364 3918 1381 3955 a
1404 3899 1527 3955 Luthero
1544 3899 1747 3969 abjurationem
1769 3900 1909 3956 doctrinae
1928 3902 2050 3974 exigens,

365 3991 423 4056 ride
448 4005 532 4057 opuc,
558 3987 710 4042 rectissime
737 3986 851 4055 dicitnr,
879 3987 945 4058 quin
969 4005 1025 4043 non
1046 3989 1204 4061 respiciunt.
1223 3989 1296 4043 hunc
1315 3986 1461 4041 articulum
1479 3985 1551 4040 inter
1570 3986 1639 4040 elion
1659 3987 1799 4058 conceptis
1813 3988 1903 4043 rerbie
1921 3989 1974 4059 ipci
1989 4006 2053 4061 pro-

365 4073 480 4131 rerbum
510 4073 698 4145 promiccionic
730 4074 909 4129 sacrementis
934 4090 1084 4141 annexum,
1121 4076 1194 4147 quod
1223 4074 1328 4147 poenit:
1355 4074 1444 4127 didec
1468 4090 1523 4125 non
1542 4080 1582 4126 ert
1602 4074 1763 4126 nececcaria
1781 4091 1929 4129 acceccuro
1946 4078 1989 4130 ad
2005 4093 2051 4131 eu·

275 4218 280 4228 ,
365 4160 450 4217 iidem
467 4160 554 4232 exigit
572 4165 601 4216 et
617 4161 694 4216 nullo
712 4177 795 4232 opere
812 4160 920 4232 impleri
939 4167 1044 4231 potent,
1069 4162 1117 4216 ced
1143 4162 1195 4216 cal-
1222 4162 1395 4217 charicticm.
1429 4158 1511 4223 Quod
1534 4158 1720 4214 Bellurminuc
1746 4161 1877 4225 obvertit,
1904 4164 2054 4218 concilium

366 4253 422 4303 tem
442 4247 477 4302 de
495 4262 578 4317 opere
595 4247 735 4316 operantis
756 4254 784 4302 et
802 4262 884 4318 opere
906 4251 1020 4317 operato
1045 4247 1195 4319 disputant.
1225 4247 1421 4303 Tridentinum
1445 4247 1549 4299 dicente
1572 4254 1707 4315 ctatuere,
1733 4251 1810 4317 quod
1830 4249 2054 4319 juctificationic

367 4333 484 4399 Quando
503 4332 679 4387 Cbemnieiua
703 4332 801 4387 ecribit
819 4349 881 4404 cap.
899 4333 935 4388 de
954 4332 1079 4388 efficacia
1099 4340 1126 4391 et
1142 4352 1195 4390 unu
1223 4335 1333 4387 initium
1348 4334 1413 4401 siat
1435 4350 1455 4385 a
1471 4332 1541 4400 fide
1559 4341 1586 4386 et
1600 4333 1794 4404 poenitentia,-
1826 4335 1860 4391 de
1877 4335 1928 4391 boe
1948 4336 2054 4410 effugio

367 4436 498 4487 caerem,
514 4421 613 4488 fuicce
631 4423 781 4490 quosdam,
799 4421 850 4489 qui
863 4422 992 4475 uirtutem
1009 4430 1195 4476 sacramento·
1222 4420 1305 4493 penlo
1330 4426 1394 4491 poet
1415 4418 1546 4475 dicemus.
1582 4424 1606 4475 6.
1624 4418 1751 4474 Tandem
1771 4420 1857 4491 igitur
1878 4429 1941 4491 poet
1959 4425 2053 4480 emba-

366 4525 428 4561 rum
446 4508 476 4559 in
496 4508 557 4575 ipco
577 4523 674 4576 apere,
691 4524 745 4577 quo
764 4515 941 4561 cacramenta
959 4508 1003 4561 oel
1021 4507 1196 4561 celebrantur
1223 4525 1272 4579 gea
1289 4507 1373 4561 hacce
1390 4505 1575 4560 Bellarminnc
1596 4505 1729 4575 ediecerit,
1749 4507 1815 4578 quid
1834 4524 1970 4578 peropus
1989 4527 2054 4581 ope·

366 4594 410 4649 cet
434 4594 637 4663 succipiuntur,
666 4595 877 4662 conctituerunt,
904 4595 945 4647 ita
969 4602 1000 4646 ut
1018 4604 1195 4649 recrementa
1223 4599 1314 4649 ratum
1332 4594 1368 4649 cit
1387 4592 1608 4664 intelligendum.
1644 4594 1691 4647 En
1707 4594 1833 4647 omnibuc
1853 4595 1913 4648 illic
1930 4595 2055 4667 (inquit),

368 4682 529 4736 dicerentur
552 4682 684 4745 conferre
706 4682 829 4750 pretinm
847 4698 880 4735 ea
898 4681 1037 4751 dipnitate
1055 4689 1081 4734 et
1098 4682 1196 4735 merito
1224 4698 1296 4751 meae
1321 4682 1351 4734 in
1368 4681 1594 4751 justificatione,
1619 4695 1703 4748 artam
1721 4681 1822 4749 recipit
1840 4681 1959 4749 aliquis,
1988 4685 2055 4737 dum

369 4769 478 4839 operic,
504 4769 581 4838 quod
606 4775 711 4821 coercet
727 4768 771 4820 uel
788 4769 837 4821 ille
858 4769 908 4837 bui
925 4767 1060 4833 celebrat,
1087 4769 1131 4823 vel
1148 4770 1198 4838 qui
1219 4768 1344 4838 percipit
1371 4774 1561 4833 caeramenta,
1589 4773 1772 4835 concurrum,
1798 4767 1832 4819 id
1856 4769 1933 4835 quod
1955 4769 2054 4835 active,

368 4856 496 4926 cuceipit,
518 4870 576 4909 non
599 4852 719 4923 explieat
743 4854 852 4925 proprie
870 4854 1026 4925 opinionem
1048 4853 1195 4910 Scholasti-
1222 4856 1349 4924 proxime
1367 4861 1392 4907 et
1411 4852 1661 4906 inctrumentaliter
1682 4852 1778 4917 efficit
1799 4853 1924 4922 gratiam
1945 4854 2055 4923 juctifi-

370 4958 479 5003 eorum,
505 4939 572 5011 quid
598 4956 648 5009 per
672 4957 741 5010 epue
763 4946 906 5010 operatum
927 4941 1085 5013 intelligent
1109 4942 1196 5012 (quod
1224 4942 1357 5011 cationic,
1385 4948 1427 4994 eet
1448 4940 1512 4993 cola
1536 4938 1611 4992 uctio
1634 4938 1689 4992 illa
1715 4945 1843 5007 emerita,
1868 4955 1940 5008 orcae
1958 4958 2055 4996 cacru-

369 5027 496 5100 aequenti
514 5026 606 5097 cupite
622 5025 733 5080 demum
754 5027 935 5098 aggreditur),
952 5027 1000 5083 ced
1019 5027 1136 5101 digitum
1157 5028 1196 5083 in·
1224 5037 1342 5082 mentum
1363 5026 1477 5093 dicitur,
1495 5032 1520 5078 et
1540 5025 1610 5077 hace
1626 5032 1743 5078 uocatur
1759 5042 1829 5093 opuc
1847 5034 1990 5093 operatum
2009 5044 2055 5082 ac·

370 5115 459 5171 tendit
481 5120 541 5169 tum
566 5113 603 5167 ad
629 5112 772 5183 opiniones
796 5112 1026 5169 scholmtimrum
1050 5114 1085 5170 de
1107 5131 1196 5169 eucre-
1224 5115 1354 5185 cr'piendo
1372 5112 1487 5183 pacciec
1511 5119 1668 5180 operatum,
1692 5111 1735 5164 ito
1759 5119 1790 5164 ut
1812 5113 1887 5165 idem
1904 5114 1941 5166 cit
1958 5132 2055 5169 caera·

293 5241 300 5250 .
369 5201 469 5257 mentis
495 5200 530 5255 V.
558 5200 592 5255 Τ.
622 5200 696 5271 quod
723 5198 888 5254 contulerint
913 5200 1031 5273 gratiam
1057 5218 1090 5257 ex
1115 5219 1197 5272 opere
1225 5210 1345 5255 mentum
1369 5201 1500 5264 conferre
1523 5199 1647 5268 qratiam
1669 5215 1702 5251 ee
1721 5214 1806 5267 opere
1823 5207 1951 5269 operato,
1980 5204 2057 5271 quod

368 5288 522 5359 operantis,
558 5291 617 5341 tum
653 5286 689 5341 ad
724 5284 753 5340 id
789 5285 863 5357 qnod
899 5283 1061 5341 Scholastiei
1096 5288 1197 5359 duplex
1224 5283 1404 5357 conferrem
1420 5285 1450 5339 ni
1465 5285 1556 5354 ipciuc
1577 5285 1696 5337 actionr'c
1720 5285 1936 5338 cacrammtalic
1953 5305 1973 5339 a
1991 5290 2055 5342 Deo

368 5379 495 5429 statuunt
523 5390 592 5444 opuc
621 5389 752 5444 operane,
778 5373 867 5444 primo
892 5370 998 5427 scilicet
1023 5373 1052 5429 in
1073 5374 1197 5431 ministro
1223 5375 1378 5442 inetitutae,
1410 5388 1466 5424 non
1496 5387 1528 5424 ee
1552 5371 1651 5423 merito
1678 5371 1786 5442 apentic
1807 5372 1851 5424 cel
1868 5373 2054 5442 cuccipientic.

369 5460 526 5517 celebrante
539 5477 588 5515 eeu
597 5459 806 5514 administrante
815 5463 1024 5529 recrementum,
1035 5459 1197 5517 itaGebriei
1223 5459 1447 5531 Respondemus:
1476 5456 1499 5511 ci
1527 5474 1577 5527 per
1601 5472 1672 5525 opnc
1695 5462 1838 5526 operatum
1865 5461 2055 5517 tantummodo

368 5546 431 5603 Biel
447 5547 476 5603 in
496 5563 555 5602 een.
573 5547 647 5601 mine.
665 5546 721 5603 lect
750 5552 791 5602 tt.
812 5544 896 5600 dicit:
922 5546 1016 5600 Micca
1038 5546 1113 5600 vaiet
1140 5566 1196 5601 unc
1223 5547 1364 5604 exclusum
1391 5543 1592 5616 intelligeretur
1617 5543 1745 5597 meritum
1769 5543 1878 5614 agentia
1902 5543 1947 5599 vel
1969 5546 2053 5601 cucci-

368 5636 452 5690 modo
474 5650 507 5687 ea
529 5650 610 5701 opere
628 5642 774 5704 operante,
798 5633 849 5688 hoe
866 5639 906 5687 ect
930 5648 962 5686 en
984 5632 1083 5686 merto
1097 5650 1197 5702 perco-
1222 5634 1339 5708 pientio,
1365 5631 1440 5704 quod
1465 5629 1572 5686 scilieet
1589 5636 1822 5685 sacramentorum
1842 5630 1929 5685 virtue
1949 5637 1976 5686 et
1995 5631 2054 5687 effi·
2068 5639 2158 5682 vrum

369 5721 432 5777 nuli
457 5735 598 5789 perconoe
629 5720 811 5790 celebrantic,
839 5727 956 5790 propter
985 5720 1061 5787 quod
1087 5723 1197 5789 confert
1222 5722 1300 5779 cacia
1323 5735 1379 5774 non
1404 5735 1437 5773 ex
1458 5718 1576 5773 minictri
1602 5716 1741 5787 operantis
1765 5722 1814 5769 aut
1831 5716 1949 5771 hominia
1968 5718 2054 5773 cucci-

368 5806 598 5883 emptitiae
617 5809 765 5861 emerecee
786 5809 839 5877 eir,
866 5806 964 5878 ouihrec
988 5806 1143 5862 oraticnem
1169 5818 1196 5864 et
1222 5805 1323 5881 pientio
1349 5802 1486 5876 dignitate
1509 5819 1543 5858 ae
1563 5802 1664 5858 merito
1685 5801 1859 5857 aestimanda
1879 5807 1926 5873 eit,
1953 5805 2002 5859 ced
2019 5822 2054 5860 ex
