4800 6659
908 419 962 479 Da
982 420 1258 481 scemenum
1849 496 1850 500 χ
1864 432 1923 492 211

254 587 265 640 ξ.
284 578 368 631 tart
388 579 413 631 3.
455 574 538 637 Quod
552 593 609 630 non
624 577 805 647 imprimatur
822 577 983 648 character,
1006 578 1064 631 nisi
1090 579 1132 631 ad
1152 579 1291 647 qratiam,
1322 580 1353 631 in
1379 595 1436 648 qua
1460 586 1502 632 εει
1527 577 1686 632 similitudo
1715 581 1864 634 creatmae
1886 582 1928 634 od

254 674 286 713 er
305 670 508 716 radamantum
530 663 674 729 sensibile,
701 665 763 733 ejus
792 665 888 729 dualis
912 666 987 719 ratio
1006 681 1062 718 non
1088 672 1243 718 creatorem
1266 663 1427 733 sufficiens,
1446 662 1512 717 licet
1535 681 1591 717 uon
1606 665 1753 733 pemeus·
1778 666 1861 720 tertio
1882 666 1926 719 di·

254 753 276 800 n
297 748 352 802 nisi
376 747 516 802 institutio
543 750 655 817 diuina,
679 753 731 805 sed
752 753 828 804 unde
852 752 906 805 illa
925 752 1062 805 institutio
1088 751 1202 817 stinpuit
1225 752 1261 802 ab
1283 750 1352 802 aliis
1376 767 1434 803 rem
1455 750 1538 803 talem
1555 767 1610 802 non
1628 750 1807 819 habentibus,·
1828 758 1927 820 quarto

254 842 406 902 upnoscatur
431 852 480 887 seu
500 835 626 888 revelata
644 837 692 908 sit,
719 855 776 889 nan
794 846 834 890 est
852 846 967 905 certum,
990 838 1062 890 sicut
1088 836 1213 906 disponit
1231 838 1273 889 ad
1288 838 1412 905 qratiam
1430 836 1607 903 sacramenti,
1623 854 1678 903 per
1698 839 1774 907 quod
1791 838 1927 906 imprimi-

254 920 319 972 nnio
344 921 380 972 de
402 920 563 973 charactere
589 922 667 974 dicta
693 941 796 989 mapna
814 940 846 976 ec
861 930 946 991 parte
965 899 1149 990 coticulas,-
1174 923 1270 992 quinto
1292 930 1332 974 est
1351 923 1461 991 sipnum
1477 924 1718 976 rememoratiaum
1737 923 1910 976 sacramenti
1914 944 1925 991 ;

254 1006 303 1059 trib
319 1014 427 1058 suntet
448 1006 560 1059 modica
579 1008 689 1060 ratione
702 1009 815 1073 fulcita.
842 1009 962 1063 Thomas
974 1008 1060 1081 igitur
1086 1016 1161 1061 secto
1185 1017 1225 1061 est
1249 1009 1360 1077 sipnum
1388 1009 1568 1076 obliqatisum
1592 1009 1630 1061 ad
1653 1008 1857 1062 observantiam
1883 1010 1926 1062 di·

254 1096 295 1146 .3.
312 1109 339 1162 q.
360 1097 401 1146 63.
421 1099 474 1148 art.
496 1098 519 1150 1.
542 1092 673 1162 producit
689 1092 761 1147 hanc
779 1094 929 1150 rationem:
955 1095 1058 1149 Sacra·
1085 1095 1166 1147 vinae
1185 1094 1264 1162 lepis.
1301 1100 1325 1150 5.
1337 1094 1382 1148 De
1393 1093 1492 1157 causis,
1509 1098 1623 1163 propter
1641 1110 1711 1163 quas
1721 1093 1864 1150 character
1878 1093 1926 1149 illc

254 1187 314 1232 cata
332 1195 423 1231 novae
447 1179 518 1246 lepis
542 1181 713 1232 ordinantur
731 1182 773 1234 acl
790 1183 942 1234 remedium
960 1189 1060 1234 contra
1086 1179 1122 1233 sit
1151 1179 1306 1234 indelebilis
1330 1180 1406 1234 varie
1439 1180 1591 1250 disputant.
1635 1179 1793 1235 Alexander
1813 1182 1925 1236 Alensis
2010 1251 2013 1257 Ι

254 1276 347 1334 noma,
365 1267 468 1320 deinde
483 1268 734 1335 o'dpcrficiendam
746 1269 869 1321 animam
881 1269 972 1336 inhia,
989 1286 1060 1337 qaue
1086 1264 1134 1320 lib.
1159 1266 1194 1319 de
1219 1266 1332 1322 membr,
1352 1273 1376 1320 5.
1396 1265 1530 1319 rationem
1549 1267 1621 1335 petit
1640 1284 1657 1320 a
1675 1267 1834 1336 posteriori:
1859 1270 1926 1321 Non

254 1354 362 1407 rtincnt
381 1353 422 1405 ad
440 1353 544 1405 cultum
563 1353 636 1422 Dei,
660 1356 814 1422 quicunque
835 1363 927 1408 autem
945 1357 986 1407 ad
1005 1355 1058 1408 ali·
1086 1352 1195 1404 ιιειειιιν
1214 1353 1264 1405 illc
1279 1353 1425 1405 character
1443 1352 1544 1404 uirtute
1563 1361 1667 1418 creata,
1687 1354 1753 1421 quia
1771 1361 1813 1406 εει
1823 1355 1926 1419 forma

254 1440 292 1493 id
314 1445 422 1492 certum
448 1440 609 1507 deputatur,
633 1441 776 1495 consueuit
798 1442 840 1494 ad
857 1441 935 1494 istud
951 1439 1059 1507 consip-
1085 1439 1314 1507 supernaturalis
1335 1458 1353 1491 a
1372 1441 1436 1490 Deo
1458 1438 1528 1501 solo,
1547 1454 1634 1505 neque
1654 1456 1672 1491 a
1686 1442 1756 1507 Deo,
1774 1441 1840 1507 quia
1855 1441 1927 1493 nihil

254 1526 301 1588 rt,
327 1526 400 1579 sicut
427 1525 532 1578 milites
548 1526 616 1579 olim
636 1527 832 1595 corporalibus
850 1526 1060 1580 characteribus
1086 1526 1224 1578 darianum
1247 1543 1361 1578 suorum
1380 1525 1455 1578 tollit
1476 1524 1534 1576 nisi
1547 1542 1602 1593 per
1620 1526 1796 1589 demeritum,
1815 1527 1867 1579 sed
1883 1543 1926 1578 re·

254 1611 357 1679 n'pniri
385 1611 526 1680 solebant,
550 1611 617 1679 jam
645 1629 712 1665 cero
742 1613 865 1666 homines
887 1630 941 1681 per
963 1630 1058 1665 sacra
1085 1619 1181 1680 spectu
1201 1611 1372 1688 characteris
1393 1610 1502 1663 nullium
1519 1619 1558 1663 εει
1576 1612 1754 1683 demeritum,
1776 1613 1844 1680 quia
1861 1620 1926 1665 actu

254 1705 315 1751 tnta
343 1699 517 1765 deputamur
543 1699 584 1749 ad
611 1698 725 1766 aliquid
755 1698 912 1768 spirituale.
960 1698 1059 1754 Scotus
1086 1699 1245 1751 mortaliter
1259 1697 1389 1766 peccanti
1407 1698 1584 1765 imprimitur.
1623 1696 1744 1749 Thomas
1761 1715 1789 1766 p.
1806 1705 1831 1754 3.
1846 1717 1872 1769 q.
1886 1702 1925 1753 6³.

254 1801 292 1840 nc
304 1784 474 1855 excogitavit
485 1783 632 1837 rationem:
653 1783 813 1853 Conpruum
825 1794 865 1838 εει
877 1786 918 1837 ad
927 1786 1059 1853 saraiam
1086 1790 1137 1839 art.
1159 1791 1184 1839 4.
1204 1783 1286 1837 aliam
1304 1783 1430 1853 assignat
1448 1783 1598 1838 rationem:
1619 1783 1692 1845 Quia
1711 1784 1857 1837 character
1876 1783 1926 1851 (in-

254 1871 377 1939 rscctam
405 1870 650 1939 supernaturalem
676 1888 781 1939 ponere
811 1871 938 1940 aliquam
965 1872 1059 1940 dispo·
1086 1869 1156 1939 quit)
1185 1878 1226 1922 εει
1254 1872 1395 1937 quaedam
1423 1870 1611 1938 participatio
1638 1871 1793 1923 sacerdotii
1821 1872 1928 1925 Christi

254 1959 351 2011 ionem
383 1957 544 2010 naturalem
573 1973 605 2009 ea
630 1965 715 2024 parte
744 1957 864 2024 subjecti
891 1957 1061 2027 recipientis,
1086 1956 1115 2008 in
1145 1956 1292 2022 fidelibus,
1321 1958 1397 2024 quod
1424 1964 1463 2008 est
1491 1966 1642 2012 aeternum.
1684 1955 1882 2010 Bonaventura
1901 1965 1925 2013 4.

254 2061 280 2096 ιι
301 2060 368 2097 uero
395 2044 492 2111 qratia
511 2050 550 2096 cst
562 2044 667 2108 formo
685 2043 913 2111 supernaturalis
930 2045 1060 2112 perfecta
1086 2046 1154 2094 sent.
1175 2040 1239 2096 dist.
1257 2046 1281 2096 6.
1301 2059 1327 2111 q.
1346 2048 1375 2095 5:
1404 2039 1563 2093 Communis
1582 2041 1678 2108 opinio
1698 2049 1748 2111 cst,
1767 2044 1844 2109 quod
1862 2041 1925 2094 cha·

254 2130 368 2200 fficicns
386 2128 573 2183 adsalutem.
611 2127 665 2182 Sed
686 2128 790 2199 (inquit
807 2128 880 2196 Biel)
900 2132 1062 2198 coriqruitas
1085 2135 1179 2179 ractcr
1207 2135 1247 2179 est
1261 2128 1428 2196 proprietas
1448 2127 1616 2180 indelebilis.
1655 2127 1715 2181 Sed
1733 2129 1763 2179 in
1781 2129 1866 2196 hujus
1885 2128 1926 2179 in·

254 2232 291 2270 tec
309 2216 395 2267 ctiam
414 2214 507 2267 locum
526 2214 607 2266 habet
626 2214 657 2266 in
672 2224 848 2270 sacramento
860 2216 1058 2283 poenitentiae.
1087 2213 1268 2266 delebilitatis
1288 2231 1375 2266 causa
1394 2213 1559 2282 differenter
1575 2214 1697 2266 sentiunt
1720 2212 1834 2270 diuersi.
1861 2212 1926 2274 Qui-

254 2300 409 2355 iiidicunt:
436 2299 596 2370 Conpruum
623 2308 676 2364 εει,
703 2303 798 2355 Deum
825 2321 881 2355 non
907 2303 1058 2356 instituisse
1087 2301 1154 2352 dam
1174 2301 1247 2352 enim
1266 2300 1371 2363 dicunt,
1389 2301 1466 2368 quod
1484 2300 1551 2368 qnia
1571 2299 1719 2351 character
1733 2307 1773 2352 est
1786 2299 1925 2352 inanima

254 2395 399 2441 eramenta
416 2403 470 2438 sua
488 2404 571 2451 uana,
586 2388 756 2454 praesertim
774 2390 804 2441 in
821 2407 893 2443 noua
906 2390 975 2458 lepe,
993 2405 1058 2457 erpo
1086 2388 1239 2440 secundam
1257 2386 1444 2439 substantiam
1464 2385 1508 2437 vel
1527 2386 1675 2438 essentiam
1687 2393 1714 2438 ει
1727 2386 1790 2455 ipim
1804 2394 1845 2438 est
1859 2403 1925 2453 per·

254 2475 367 2542 apruit,
393 2474 470 2541 quod
493 2489 602 2543 semper
620 2484 797 2529 samamenta
813 2494 866 2528 sua
886 2476 987 2529 habent
1006 2476 1060 2529 ali·
1081 2482 1171 2542 petua
1191 2481 1218 2525 et
1237 2471 1424 2538 invariabilis,
1445 2471 1509 2523 ideo
1531 2478 1557 2524 ει
1576 2471 1731 2526 character.
1768 2471 1828 2525 Sed
1845 2472 1925 2525 istud

254 2576 302 2614 ιειιι
323 2560 452 2628 effectum
475 2558 505 2612 in
531 2546 712 2629 suscipiente,
737 2563 789 2613 scd
807 2580 864 2616 non
882 2578 992 2630 semper
1011 2561 1060 2614 ha·
1086 2577 1175 2627 supra
1198 2560 1394 2628 improbatum.
1436 2558 1500 2611 Alii
1526 2558 1636 2627 dicarit,
1655 2559 1733 2627 quod
1752 2559 1820 2627 quia
1839 2558 1924 2611 estin

254 2653 286 2699 nt
313 2647 446 2714 qratiam.
497 2647 576 2713 Erpa
602 2646 690 2698 alium
717 2647 824 2699 scilicet
850 2648 1060 2717 impressionem
1087 2647 1184 2698 anima
1207 2647 1360 2708 semidam
1382 2645 1536 2713 potentiam
1559 2645 1741 2712 ecquidnam,
1770 2662 1842 2713 quae
1868 2662 1924 2698 non

254 2732 402 2785 earactcris.
438 2730 492 2786 Sed
514 2728 616 2800 (inquit
633 2730 706 2800 Biel)
724 2733 781 2786 ista
799 2734 959 2802 conpruitas
978 2734 1060 2787 habet
1086 2732 1211 2801 subjacet
1237 2730 1426 2785 variabilitati
1454 2738 1485 2783 ut
1510 2731 1654 2796 uoluntas,
1681 2732 1746 2785 ideo
1774 2730 1857 2784 etiam
1884 2738 1924 2784 εει
1940 2740 1998 2779 vult.
2013 2738 2057 2779 2¹7.

255 2834 314 2871 cum
331 2818 362 2870 in
380 2818 457 2869 omni
473 2825 658 2874 samamcnto.
695 2818 753 2872 Alii
772 2818 884 2888 dicum,
903 2835 1059 2890 congruum
1086 2818 1272 2871 invariabilis.
1321 2817 1381 2870 Sed
1406 2817 1458 2870 hoc
1487 2836 1543 2871 non
1568 2818 1656 2886 calet,
1679 2818 1748 2885 quia
1768 2833 1825 2888 per
1846 2817 1923 2885 ipno—

254 2918 299 2972 uo,
317 2910 349 2957 ut
364 2908 492 2972 receptus
511 2902 540 2956 in
560 2902 693 2958 familiam
714 2902 816 2958 Christi
836 2903 1023 2976 distinguatur
1042 2923 1060 2959 a
1084 2904 1208 2956 cantiam
1226 2902 1402 2972 sepeliuntur
1420 2903 1531 2956 habitus
1550 2903 1696 2970 coquitiui,
1717 2903 1769 2955 sed
1788 2921 1843 2957 non
1859 2902 1922 2955 cha·

254 3007 280 3045 m
300 2998 413 3061 recepte
439 3007 489 3059 per
511 2990 616 3061 aliquid
639 2991 819 3047 intrinsecum
843 3008 1008 3061 permanens
1031 2992 1060 3045 in
1085 2998 1186 3043 racter.
1236 2988 1327 3041 Tertii
1357 2988 1471 3056 dicunt,
1496 2990 1573 3056 quod
1600 2989 1673 3041 sicut
1701 3006 1734 3041 ca
1752 2990 1925 3041 triatrimonii

254 3091 270 3143 ι,
286 3076 352 3147 quia
367 3075 436 3131 licet
449 3076 574 3132 Christus
587 3083 681 3147 posset
693 3076 872 3149 distinguere,
891 3082 984 3132 tamen
998 3094 1059 3148 pcr-
1086 3076 1256 3145 oblipatione
1274 3075 1448 3129 contrahitur
1460 3074 1601 3129 macutum
1613 3075 1814 3138 indissolubile,
1829 3092 1923 3143 quam·

254 3162 322 3217 atior
347 3170 390 3217 est
412 3162 554 3217 distinctio
574 3164 603 3217 in
623 3181 653 3219 se
672 3169 701 3218 et
722 3163 927 3233 comparatione
946 3164 983 3218 ad
1003 3181 1059 3218 om·
1086 3163 1138 3215 diu
1165 3163 1285 3229 uiuitur,
1309 3163 1350 3214 ita
1376 3180 1408 3215 es
1431 3161 1572 3214 consimili
1588 3162 1618 3214 in
1637 3161 1810 3230 susceptione
1827 3178 1923 3214 sacra-

254 3262 288 3302 em
310 3249 454 3304 ecclesiam
477 3249 640 3304 militantem
664 3255 693 3304 et
712 3249 934 3320 triumphantem.
970 3251 1062 3320 Atqui
1086 3257 1254 3311 mentorum,
1273 3249 1342 3317 quia
1361 3248 1402 3301 ibi
1419 3256 1459 3301 εει
1477 3249 1622 3317 quoddam
1639 3248 1847 3300 matrimonium
1867 3249 1923 3316 spi·

254 3333 351 3388 hristus
369 3334 470 3406 (inquit
487 3334 560 3401 Biel)
591 3354 645 3389 non
671 3335 779 3402 indiqet
805 3337 968 3389 charactere
995 3338 1058 3397 isto,
1085 3336 1203 3402 rituale,
1228 3336 1293 3389 idea
1314 3335 1460 3390 character
1478 3352 1586 3404 semper
1612 3336 1709 3389 clarat.
1751 3333 1811 3387 Sed
1830 3352 1925 3403 quam·

254 3421 294 3474 sio
315 3423 375 3475 sine
397 3438 430 3476 eo
452 3422 592 3488 capnoscit
615 3423 801 3492 baptizatum,
825 3438 913 3491 neque
932 3420 1059 3491 ecclesia,
1086 3424 1127 3475 vis
1156 3424 1236 3476 istud
1263 3422 1324 3475 dici
1342 3430 1438 3491 posset
1467 3423 1503 3474 de
1524 3420 1675 3489 baptismo,
1704 3439 1761 3474 non
1785 3422 1925 3474 tamenin

254 3506 294 3561 uia
310 3515 349 3560 cst
362 3507 522 3561 inuisibilis.
555 3505 715 3579 Auctoritas
733 3507 829 3577 aliqua
847 3507 882 3562 de
899 3506 1060 3562 charactere
1086 3510 1154 3563 aliis
1171 3510 1376 3565 ¹sacramentis.
1415 3509 1576 3561 Dicendum
1600 3509 1696 3576 iqitur,
1724 3509 1801 3577 quod
1824 3524 1925 3578 perpe-

254 3592 341 3649 absus
367 3609 393 3649 c.
423 3591 543 3663 Maiores
568 3598 636 3648 extr.
664 3593 699 3646 de
723 3590 871 3663 baptismo.
911 3593 972 3647 Illa
995 3595 1060 3648 solo
1085 3596 1173 3648 tuitas
1193 3596 1367 3649 characteris
1382 3594 1586 3664 principaliter
1604 3594 1723 3647 sumitur
1736 3593 1772 3647 ab
1786 3594 1848 3662 ejus
1861 3611 1924 3647 con·

254 3678 324 3749 aquit
341 3678 414 3746 Biel)
434 3678 548 3747 aliquid
566 3679 648 3745 facit,
666 3678 731 3732 lieet
744 3686 842 3748 posset
855 3681 964 3747 cupam,
984 3682 1061 3749 quod
1087 3682 1194 3736 ditione
1213 3690 1241 3735 et
1258 3690 1371 3747 natura,
1391 3688 1431 3752 est
1451 3680 1525 3733 enim
1545 3680 1657 3732 habitus
1676 3680 1789 3746 infusus
1808 3680 1923 3748 impres·

254 3777 281 3814 ur
305 3764 494 3818 characterem
522 3763 699 3831 intolliqatur
723 3766 815 3833 ipsum
845 3774 1059 3819 sacramentum.
1085 3784 1133 3819 sius
1149 3770 1191 3820 ad
1208 3768 1449 3835 distinpuendum,
1470 3766 1518 3818 cui
1535 3765 1686 3819 indirectio
1705 3766 1749 3818 uel
1768 3766 1923 3835 obliquatio

254 3845 325 3905 ’ntea
346 3857 422 3904 recte
445 3848 570 3918 disputat
588 3849 804 3906 initerabilitatis
824 3858 1060 3906 sacramentorum
1082 3854 1225 3924 potentiae
1241 3873 1298 3907 non
1310 3860 1458 3923 repupnat,
1479 3869 1566 3921 quare
1580 3869 1641 3904 cum
1654 3852 1800 3904 character
1811 3851 1848 3904 sit
1856 3869 1924 3922 pro-

254 3947 335 3990 auiam
359 3952 415 3990 non
439 3950 499 3989 esse
517 3934 683 4004 characteris
701 3936 923 4008 impressionem,
950 3938 1000 3992 sed
1019 3938 1059 3991 di·
1081 3940 1192 4009 pristas
1221 3939 1353 3993 assistens
1379 3939 1410 3991 in
1426 3938 1550 4007 subjecto
1566 3944 1717 4007 perpetuo,
1743 3939 1774 3991 in
1793 3955 1847 4006 qao
1868 3956 1925 3991 non

254 4015 315 4075 inam
333 4020 543 4090 institutionem,
562 4021 639 4091 quia,
655 4021 755 4093 inquit,
775 4024 867 4077 minus
878 4023 1059 4090 manifestum
1082 4034 1174 4095 potest
1196 4026 1298 4079 habere
1312 4024 1536 4094 repuqnantiam,
1554 4023 1618 4077 ideo
1638 4024 1700 4093 ejus
1719 4024 1866 4092 impressio
1885 4031 1924 4076 est

254 4108 478 4162 acharactcrcm
500 4125 573 4173 esse,
598 4126 682 4178 quam
700 4110 866 4179 baptismum
885 4110 988 4163 iterari
1004 4129 1059 4164 non
1081 4120 1229 4182 perpetua.
1263 4112 1343 4167 Haec
1359 4109 1420 4179 isti3
1449 4108 1550 4164 rectius
1570 4108 1717 4174 dixissent,
1737 4108 1940 4177 characterem·

254 4207 317 4264 nne,
338 4194 492 4248 sewndum
516 4194 589 4248 enim
610 4196 645 4246 ab
663 4196 836 4250 institutione
853 4197 986 4265 baptismi
1003 4195 1060 4255 fuit
1086 4216 1146 4254 esse
1171 4197 1361 4264 indelebilem,
1388 4196 1454 4267 quia
1472 4213 1613 4267 nunquam
1639 4195 1775 4250 scribitur.
1816 4201 1840 4252 6.
1860 4194 1923 4249 Dis·

254 4286 333 4349 anm,
345 4281 472 4349 primum
489 4280 572 4334 hodie
593 4284 718 4335 nondum
736 4284 875 4337 euidenter
894 4291 934 4337 cst
947 4291 1059 4339 catuna.
1086 4284 1210 4340 sentiunt
1233 4284 1263 4338 in
1280 4300 1327 4352 eo,
1350 4299 1387 4336 an
1404 4281 1576 4337 circumcisio
1594 4280 1765 4352 impresserit
1784 4280 1925 4336 characte-

254 4358 377 4420 'raeterco
400 4365 452 4435 qui
472 4377 650 4421 sacramenta
673 4368 806 4438 instituit,
824 4385 856 4422 eo
876 4371 960 4423 modo
980 4370 1059 4424 insti·
1086 4389 1154 4429 rem.
1196 4370 1296 4427 Status
1315 4377 1340 4426 t.
1360 4377 1429 4426 sent.
1451 4369 1514 4425 dist.
1536 4376 1560 4425 6.
1589 4387 1613 4440 q.
1632 4376 1657 4425 9.
1681 4367 1803 4422 affirmat
1828 4367 1925 4423 addita

254 4449 354 4523 sitquso
372 4452 467 4521 uoluit,
484 4471 572 4507 causa
590 4462 682 4514 autem
699 4455 853 4509 uoluntatis
872 4456 987 4509 diuitiae
1003 4474 1059 4508 nan
1085 4459 1138 4513 hac
1161 4457 1282 4525 ratione,
1308 4456 1375 4528 quia
1398 4458 1440 4511 ita
1459 4456 1635 4510 circumcisio
1655 4463 1716 4508 erat
1731 4456 1829 4524 prima
1848 4455 1924 4508 salu·

254 4541 271 4586 tt
296 4539 475 4608 inquirenda.
531 4537 680 4594 Concludit
713 4541 827 4595 tandem
861 4541 923 4595 Biel
954 4546 1005 4596 art.
1034 4547 1057 4597 3.
1085 4546 1122 4598 tis
1139 4545 1233 4614 janua
1248 4545 1279 4597 in
1296 4543 1510 4613 lepeMosaica,
1530 4542 1603 4595 sicut
1622 4541 1777 4611 baptismus
1794 4542 1825 4593 in
1843 4559 1923 4596 noua.

254 4618 292 4679 ab.
311 4631 333 4680 1.
370 4623 469 4693 Mapis
495 4642 649 4679 consonare
673 4627 902 4681 determinationi
925 4627 1059 4680 ecclcsiae
1086 4631 1141 4687 Sed
1161 4629 1287 4698 Alenais,
1306 4628 1444 4696 Thomas,
1465 4627 1675 4694 Bonaventura,
1695 4624 1858 4680 Paludanus
1872 4635 1924 4682 etc.

254 4722 298 4764 ttae
313 4728 369 4765 non
389 4718 483 4780 potest
500 4726 612 4779 errare,
642 4714 833 4767 characterem
851 4730 977 4783 ponere;
1001 4730 1058 4767 esse
1086 4723 1204 4788 negant,
1231 4716 1299 4787 quia
1324 4713 1499 4768 circumcisio
1523 4714 1582 4778 fuit
1604 4721 1812 4766 samamentum
1840 4713 1870 4767 V.
1894 4713 1925 4764 T.

254 4794 308 4849 dom
333 4797 449 4865 insuper
472 4814 531 4865 pro
557 4814 588 4851 eo
615 4798 730 4867 aliquas
756 4799 961 4868 conpruentias.
1007 4798 1061 4853 Cui
1086 4805 1168 4873 cujus
1186 4808 1367 4856 sacramenta
1384 4801 1690 4865 sueruntsaeramenta
1703 4799 1843 4866 carnalia,
1862 4798 1925 4850 cha·

254 4895 283 4933 on
303 4882 399 4953 placet
430 4882 499 4935 haec
525 4884 628 4938 solutio
659 4885 786 4957 (inquit),
813 4894 932 4956 quaerat
961 4886 1058 4939 aliam.
1086 4895 1224 4943 ractercm
1249 4895 1341 4941 autem
1366 4904 1425 4940 esse
1449 4885 1559 4953 siquam
1576 4884 1733 4953 spirituale.
1772 4884 1844 4938 Item
1861 4899 1925 4937 cou-

254 4967 344 5036 aaut
376 4974 401 5024 4.
425 4967 470 5022 De
500 4968 648 5024 effectibus
680 4970 847 5026 characteris
878 4970 1060 5026 diversimode
1086 4992 1205 5046 sequens
1242 4974 1317 5042 fore,
1354 4972 1549 5026 circumcisum
1577 4988 1633 5023 noa
1661 4986 1747 5039 posse
1779 4969 1925 5037 baptisari.

254 5048 355 5109 tdbunt
390 5053 551 5109 Alexander
567 5054 679 5111 Alensis
698 5076 726 5127 p.
744 5063 770 5113 4.
791 5076 818 5128 q.
842 5064 881 5114 ts.
900 5057 1014 5112 membr.
1035 5064 1059 5113 2.
1086 5061 1149 5117 Biel
1175 5068 1200 5117 4.
1229 5067 1299 5117 sent.
1329 5058 1391 5114 dist.
1419 5065 1442 5113 7.
1474 5076 1501 5129 q.
1521 5062 1545 5111 2.
1569 5062 1619 5111 art.
1642 5062 1667 5112 3.
1692 5054 1758 5110 dub.
1778 5062 1801 5109 5.
1820 5052 1925 5120 statuit,

254 5139 309 5205 titt,
327 5139 402 5210 quod
420 5139 514 5209 plures
532 5142 588 5196 sint
606 5142 732 5200 effeetus.
773 5142 876 5199 Oceam
894 5144 923 5197 in
944 5153 968 5199 t.
988 5162 1014 5215 q.
1034 5151 1059 5201 2.
1086 5155 1234 5216 utrumque
1267 5146 1328 5200 dici
1352 5161 1453 5214 posse,
1482 5161 1545 5197 cum
1568 5160 1625 5212 pro
1653 5142 1735 5195 nulla
1755 5148 1843 5210 parte
1869 5140 1926 5193 sint

254 5217 329 5278 duat
353 5224 390 5279 ad
407 5243 471 5279 sea:
491 5228 587 5296 primo
613 5238 653 5283 est
679 5230 790 5298 sipnum
810 5230 923 5299 qratiac
948 5249 1004 5285 non
1026 5248 1060 5285 en
1087 5233 1212 5287 rationes
1232 5217 1421 5297 necessariae,
1439 5230 1492 5282 sed
1509 5235 1618 5281 tantum
1632 5226 1817 5297 persuasione
1833 5232 1859 5277 et
1878 5226 1925 5278 de-

254 5313 339 5375 ctus-a,
369 5313 422 5365 scd
452 5329 486 5366 ca
510 5314 684 5370 institutione
715 5316 831 5384 dicina,·
867 5318 991 5370 secundo
1021 5325 1061 5371 est
1088 5319 1164 5389 biles,
1197 5320 1270 5373 είεειι
1300 5320 1331 5372 in
1363 5326 1421 5371 tota
1451 5318 1506 5370 ista
1540 5315 1668 5380 materia,
1698 5316 1734 5367 dc
1755 5314 1926 5367 charactere.

254 5387 330 5455 lanum
349 5398 580 5466 confipurativum
592 5401 704 5456 Christo
717 5402 856 5456 etceteris
870 5403 1059 5458 characterem
1088 5412 1112 5460 ι.
1131 5405 1287 5476 Disputant
1310 5406 1393 5461 etiam
1420 5404 1455 5459 de
1476 5402 1617 5474 personis,
1646 5399 1747 5473 quibus
1767 5415 1817 5470 per
1835 5416 1925 5453 sacra

254 5475 396 5552 aarum,
421 5482 533 5539 Christo
556 5488 730 5556 confipurat,
749 5488 817 5556 quia
833 5505 887 5557 pcr
900 5489 992 5558 ipsum
1011 5491 1061 5543 ha·
1087 5498 1182 5547 menta
1199 5492 1264 5546 talis
1284 5492 1427 5546 character
1446 5488 1621 5559 imprimitur.
1660 5486 1690 5541 Si
1708 5486 1782 5540 enim
1799 5502 1927 5557 quaeras,

254 5573 292 5617 ιιι
305 5568 494 5624 characterem
512 5572 677 5625 assmibitur
688 5574 828 5639 familiae
843 5573 957 5642 Christi,
976 5576 1060 5629 etiam
1088 5594 1124 5630 an
1150 5576 1261 5633 Christo
1288 5579 1318 5632 in
1344 5576 1483 5649 baptismo
1510 5575 1546 5630 sit
1576 5575 1738 5645 impressus,
1762 5572 1791 5626 id
1813 5580 1926 5643 negant,

254 5652 381 5723 minume
399 5654 512 5713 Christo
532 5675 589 5728 per
614 5659 812 5731 imitationem,
839 5662 907 5730 quia
935 5663 1061 5733 disponit
1089 5663 1156 5736 quia
1164 5664 1309 5721 Johannis
1321 5664 1475 5735 baptismus
1489 5680 1546 5715 non
1556 5658 1728 5731 impresserit
1737 5660 1926 5712 characterem

1509 5766 1563 5820 w
