4800 6659
921 708 973 767 DE
992 705 1115 767 SAGBO
1133 706 1333 768 emerso.
1913 720 1974 778 391

272 857 354 912 tione
377 875 441 914 curn
465 859 598 917 scandalo
626 864 738 933 publico
767 865 903 938 abrogant
941 871 1026 939 atque
1057 865 1111 921 hac
1142 882 1227 935 qnam
1243 884 1335 921 canon
1353 866 1545 936 apostoloram
1562 867 1599 920 ab
1617 868 1808 937 apostotorum
1825 867 1978 923 traditione

273 943 459 1017 abrogatione
477 946 634 1004 libertatem
653 949 837 1007 Christianam
855 952 1029 1026 impugnant,
1056 969 1112 1007 me·
1136 955 1305 1021 proflantes
1330 954 1416 1022 (imit,
1433 955 1500 1022 jam
1521 955 1573 1007 dia
1595 971 1648 1023 per
1666 956 1839 1008 commoriens
1858 971 1972 1008 comae

273 1030 330 1084 rito
347 1031 403 1086 illis
423 1033 533 1089 obviam
551 1036 620 1101 itur,
639 1037 731 1092 Galat.
751 1047 774 1103 5,
794 1058 818 1094 v.
838 1045 866 1095 1:
887 1040 966 1094 State
983 1043 1013 1094 in
1031 1041 1112 1094 liber·
1138 1042 1261 1093 tudinem
1290 1041 1397 1093 abolita
1423 1049 1471 1094 ast.
1514 1040 1702 1096 Tertullianus
1725 1041 1773 1097 lib.
1798 1042 1835 1097 de
1859 1041 1974 1111 pudicit

272 1124 341 1172 tate.
376 1118 480 1176 Coloss.
504 1128 533 1186 2,
557 1141 583 1179 v.
609 1130 655 1180 le:
683 1127 772 1179 Nemo
796 1143 845 1179 eos
860 1127 973 1194 judicet
1000 1128 1030 1181 in
1051 1127 1111 1179 cibo
1137 1124 1252 1181 innuere
1281 1126 1406 1192 videtur,
1440 1126 1588 1196 baptisatis
1620 1128 1718 1180 datam
1745 1143 1806 1181 esse
1837 1129 1974 1181 ananiam

274 1211 302 1257 ct
316 1213 389 1273 potu
408 1209 463 1263 etc.
1138 1211 1250 1265 iaoacri
1265 1220 1292 1266 et
1304 1213 1385 1282 fidei,
1397 1201 1619 1282 quamprofessi
1630 1220 1727 1281 essem,
1745 1213 1972 1282 obsonatorem.

216 1308 231 1336 r·
311 1295 370 1345 tet.
406 1292 449 1346 Er
466 1292 509 1346 his
526 1292 602 1348 facili
623 1296 735 1365 negotio
753 1301 886 1367 apparet,
904 1296 971 1366 qnid
989 1302 1111 1350 statuen-
1137 1294 1192 1351 Hie
1209 1297 1279 1353 ritus
1296 1298 1401 1354 ibidem
1419 1316 1476 1353 non
1494 1297 1612 1368 amplius
1631 1305 1675 1354 est
1691 1298 1720 1352 in
1738 1316 1798 1353 usu

236 1420 245 1428 .
274 1377 342 1431 dum
363 1377 399 1432 de
419 1378 528 1433 duobus
546 1380 587 1434 illi
602 1381 708 1451 fulcris,
726 1398 798 1454 quae
815 1382 1001 1438 Bellarminus
1018 1382 1066 1438 lib.
1088 1389 1110 1436 1.
1172 1388 1231 1439 257.
1266 1383 1368 1452 Porro,
1393 1391 1425 1439 ut
1447 1383 1477 1437 in
1493 1384 1586 1455 specie
1611 1385 1646 1439 de
1663 1384 1795 1455 baptismi
1812 1385 1972 1441 ceremoniis
1984 1395 2019 1436 ns
2036 1407 2100 1438 sers-

216 1463 310 1544 :12:⁶⁰
336 1463 473 1534 baptismo
497 1482 520 1520 c.
547 1472 587 1523 tt.
612 1469 773 1523 ceremoniis
797 1471 826 1524 in
844 1468 971 1524 &mana
994 1467 1112 1524 ecclesia
1136 1486 1270 1540 agamus,
1291 1470 1477 1526 Bellarminus
1503 1471 1532 1524 in
1556 1476 1613 1526 tres
1630 1471 1735 1526 classes
1754 1487 1801 1526 eas
1818 1469 1971 1541 distinguit
1984 1449 2092 1550 ffl'm,

226 1587 233 1599 .
273 1549 350 1604 circa
377 1551 507 1621 baptismi
538 1552 805 1609 adminhnationem
831 1555 941 1610 usitatis
968 1555 1108 1625 supponit.
1135 1556 1232 1611 Prima
1257 1557 1380 1613 eontinet
1407 1556 1577 1613 ceremonias
1601 1562 1666 1612 ante
1691 1556 1874 1628 baptismum,
1903 1549 2100 1628 queamdm-

275 1641 298 1689 1.
326 1636 459 1699 Quamvis
485 1637 595 1710 (inquit)
619 1641 691 1693 ritus
718 1641 766 1695 iiii
788 1659 844 1696 non
870 1645 927 1696 tim
947 1641 976 1694 in
1004 1642 1110 1696 divinis
1136 1659 1160 1697 c.
1181 1649 1223 1698 25.
1241 1660 1356 1699 numero
1374 1643 1545 1700 duodenario
1564 1643 1698 1698 includit:
1732 1648 1756 1700 1.
1777 1644 1879 1698 Prima
1899 1662 1972 1698 cere·

270 1723 375 1787 istem,
393 1741 480 1792 neqree
495 1733 649 1795 praecepto
668 1743 755 1795 nepae
774 1729 899 1796 eaeneplo
917 1729 1110 1796 commendati,
1135 1730 1231 1782 monia
1249 1738 1289 1784 est
1303 1731 1450 1799 professio
1469 1730 1605 1799 narniam,
1632 1732 1741 1785 asr'tma
1760 1731 1971 1801 catechumenis,

270 1818 366 1862 mmen
393 1828 455 1863 mem
480 1810 538 1880 ipsi
564 1811 649 1864 stiam
672 1814 871 1882 (aduersarii)
899 1814 1013 1882 aiipnid
1022 1830 1109 1882 prae·
1136 1817 1186 1885 qni
1202 1833 1236 1869 ee
1254 1834 1286 1871 ee
1304 1817 1437 1871 dicantar
1457 1825 1639 1886 competentes
1658 1835 1708 1872 sea
1726 1818 1810 1874 elici.
1848 1823 1872 1873 2.
1887 1819 1972 1871 Serre·

268 1898 401 1952 semaam
416 1898 446 1950 is
461 1897 704 1953 administratione
717 1900 857 1969 baptimi,
877 1903 956 1970 prend
970 1901 1001 1954 in
1018 1900 1110 1953 samis
1135 1903 1234 1956 tiniam
1252 1904 1310 1957 sive
1328 1919 1442 1957 eceman
1460 1911 1487 1956 et
1506 1903 1664 1972 exploratio
1683 1907 1830 1974 precedam,
1848 1920 1887 1957 an
1901 1922 1972 1959 cont

269 1984 366 2038 biera
385 2001 440 2037 non
457 1984 636 2052 tartense-ant,
654 2003 709 2039 non
724 1994 860 2055 potentat
877 1988 928 2040 boc
945 1993 1109 2054 arpamento
1133 1996 1259 2056 petentes
1275 1989 1399 2059 fimiter
1426 1995 1451 2042 et
1474 1990 1582 2043 sincem
1606 1991 1732 2045 madent.
1771 1993 1799 2046 3.
1826 1991 1972 2045 Abs-erran·
2064 2042 2067 2049 .

266 2072 345 2124 rr‘tas
372 2071 408 2122 ab
437 2070 555 2123 materia
581 2079 707 2141 receptos
733 2080 862 2129 memore.
905 2076 932 2126 2.
949 2073 1034 2127 Riese
1061 2072 1109 2126 iili
1133 2076 1217 2129 tiatio
1240 2076 1366 2130 Satanoe
1383 2084 1411 2129 et
1429 2092 1545 2145 operam
1565 2077 1635 2145 ejas.
1677 2082 1701 2130 4.
1720 2077 1806 2131 ttae
1816 2079 1971 2146 professio,

267 2165 336 2212 sunt
352 2158 542 2226 antiquissimi
566 2166 594 2212 et
619 2159 664 2212 oei
682 2177 715 2212 ea
734 2160 889 2215 traditione
915 2160 1107 2230 apostoloram
1134 2180 1219 2232 pesam
1235 2165 1351 2232 saepias
1369 2163 1539 2233 interrogati
1555 2165 1874 2234 respondentetpostea
1885 2166 1971 2218 etiam

267 2252 432 2314 maerent,
449 2244 493 2298 oei
512 2261 530 2297 a
546 2246 733 2300 smvetissimis
748 2247 881 2316 patribus
898 2246 1020 2302 instituti
1035 2253 1106 2301 matt.
1133 2249 1164 2302 in
1187 2251 1250 2319 ipso
1274 2250 1321 2303 die
1340 2249 1475 2320 baptismi
1486 2249 1602 2318 publice
1615 2251 1804 2318 pronuntiant
1821 2252 1971 2305 recitantes

268 2331 497 2403 Respondemus:
515 2348 572 2386 uon
591 2338 693 2387 temere
713 2333 877 2388 damnamus
903 2333 975 2389 ritus
994 2332 1023 2386 in
1041 2349 1106 2403 apo
1133 2335 1294 2403 symbolam.
1336 2339 1363 2391 «5.
1385 2336 1502 2404 Siparsm
1527 2337 1618 2391 erneis
1644 2337 1788 2401 intrante
1806 2345 1968 2407 etpectore.
1998 2341 2000 2345 ’

266 2418 370 2474 stolica
385 2422 415 2473 et
432 2417 575 2489 primitiva
590 2408 709 2474 eccleiia
723 2426 863 2491 receptos,
884 2421 934 2476 sed
960 2418 1034 2489 illos,
1059 2419 1107 2491 qni
1133 2424 1159 2479 6.
1179 2424 1361 2476 anreismas
1376 2424 1434 2477 siue
1453 2422 1602 2492 adjuratio
1622 2423 1885 2477 domonamcertis
1900 2439 1967 2492 prs

266 2505 314 2561 vel
338 2504 444 2559 habent
465 2504 571 2576 aliquid
596 2505 746 2576 impietatis
768 2514 796 2563 et
816 2506 1038 2579 superstitionis,
1061 2506 1107 2560 vel
1132 2509 1209 2561 cibas
1236 2516 1315 2574 acta,
1345 2515 1377 2562 at
1407 2511 1543 2563 recedant
1573 2509 1610 2562 ab
1642 2510 1751 2564 bomine
1786 2510 1966 2578 baptizando.

267 2592 418 2648 continent
444 2591 546 2647 otiosos
576 2591 670 2662 lusus,
703 2610 754 2649 nec
779 2594 888 2648 faciunt
916 2594 953 2648 ad
977 2592 1106 2648 aedifica·
1134 2597 1157 2650 7.
1177 2596 1369 2665 Eosnfflatio,
1393 2612 1449 2664 per
1478 2613 1563 2665 qaam
1592 2598 1759 2650 monam
1788 2595 1915 2665 espuisio
1941 2603 1969 2650 et

266 2679 388 2743 tionem,
415 2678 460 2734 vel
484 2679 533 2750 qui
556 2695 607 2733 sua
631 2678 712 2749 copia
741 2679 897 2734 libertatem
921 2678 1105 2734 Christianam
1134 2681 1260 2750 Sps'ritrss
1285 2700 1309 2738 s.
1336 2683 1452 2752 afflatio
1478 2682 1659 2751 sipniftcetur.
1709 2686 1733 2738 8.
1758 2681 1864 2736 θιικω
1889 2682 1969 2738 salis.

269 2769 408 2838 gravant,
428 2764 473 2820 vel
490 2764 591 2837 quibus
610 2765 759 2835 spiritualis
776 2766 872 2836 aliqua
884 2764 1011 2821 efficacis
1028 2770 1107 2821 extra
1130 2771 1155 2823 9.
1176 2767 1247 2823 Cam
1263 2775 1418 2837 tanprmtar
1435 2769 1528 2823 salisa
1548 2786 1633 2823 acres
1651 2776 1676 2823 et
1693 2786 1779 2824 nares
1799 2777 1825 2824 et
1844 2769 1966 2823 dicitm:

269 2854 323 2908 Dei
349 2852 465 2908 verbum
492 2852 640 2920 tribuitur,
666 2851 710 2908 vel
739 2853 787 2924 qni
815 2854 868 2909 sub
894 2851 1025 2924 opinione
1048 2850 1105 2905 cul·
1131 2855 1258 2924 preta,
1290 2855 1325 2908 id
1354 2863 1395 2908 est
1425 2857 1546 2925 aperire.
1591 2858 1635 2911 10.
1663 2856 1813 2925 impositio
1837 2873 1968 2910 manaem

266 2947 313 2996 tus
337 2945 367 2996 et
389 2939 562 2994 necessitatis
586 2939 785 3005 obtruduntnr3
809 2939 930 3011 reliquos
952 2954 1018 2993 vero
1036 2937 1105 2991 ritus
1131 2959 1166 2994 ac
1184 2941 1339 2996 tenesmo
1358 2942 1555 2996 sacerdotalis.
1591 2947 1634 2997 11.
1658 2942 1754 2997 Unctio
1773 2942 1803 2996 in
1815 2949 1969 3012 pectoreet

269 3026 417 3098 analogiae
450 3025 516 3081 fidei
546 3043 701 3099 congruos,
737 3027 831 3082 decori
859 3031 890 3081 et
917 3023 1104 3082 aedificationi
1130 3028 1265 3098 scapulis.
1317 3030 1361 3082 12.
1392 3027 1569 3081 distinentis
1604 3028 1680 3097 vini,
1715 3029 1843 3082 earnium
1871 3036 1897 3082 et
1925 3027 1971 3081 rei

270 3113 404 3169 ecclesiae
421 3114 581 3182 servientes,
597 3130 679 3167 usum
697 3120 726 3169 et
745 3113 897 3169 efficaciam
916 3111 1048 3182 baptismi
1066 3109 1103 3166 ob
1131 3114 1257 3183 oseriae,
1276 3114 1392 3184 aliaque
1404 3132 1493 3184 opere
1501 3114 1702 3185 poenitentiae.
1729 3113 1860 3170 Secunda
1871 3115 1967 3169 classis

270 3200 363 3256 oculos
393 3199 536 3255 radiorum
561 3205 746 3270 proponentes
770 3206 798 3255 et
825 3199 990 3255 auctoritate
1012 3195 1104 3269 primi·
1132 3202 1256 3257 mutnet
1266 3199 1436 3256 ceremonias
1447 3201 1611 3257 comitantes
1623 3201 1800 3274 baptismum,
1813 3217 1882 3272 quas
1891 3217 1916 3255 c.
1924 3206 1965 3256 26.

269 3286 344 3342 tivae
381 3286 515 3342 ecclesiae
540 3285 602 3355 vel,
628 3291 662 3340 ut
688 3286 724 3340 D.
771 3286 948 3342 Chemnicius
974 3284 1104 3356 loquitur,
1130 3305 1245 3344 numero
1262 3285 1389 3358 quinario
1406 3287 1627 3358 comprehendit:
1651 3291 1675 3342 1.
1693 3289 1795 3343 Primo
1805 3288 1968 3342 ceremonia

271 3379 391 3447 augusta
412 3379 441 3429 et
461 3372 621 3428 veneranda
642 3371 817 3444 antiquitatis
841 3371 947 3428 canicie
967 3387 1104 3426 commen·
1132 3384 1171 3429 est
1193 3374 1337 3444 impositio
1359 3373 1489 3430 nominis.
1533 3377 1558 3430 2.
1585 3373 1773 3443 Ssoeoeptores.
1815 3376 1843 3429 3.
1865 3375 1967 3429 Conse-

271 3462 350 3517 datos
369 3460 533 3529 retinemus,
553 3458 631 3514 salva
650 3465 743 3514 minen
761 3459 905 3527 libertate,
926 3474 1009 3529 qnam
1028 3456 1105 3511 Chri·
1130 3462 1222 3516 eratio
1248 3477 1348 3530 aquae.
1392 3463 1418 3513 4.
1442 3460 1533 3514 Trina
1559 3460 1670 3517 mersio.
1717 3463 1745 3514 3.
1766 3460 1886 3529 Tempus
1909 3462 1967 3515 Pa·

272 3553 329 3603 stus
349 3548 380 3601 in
404 3547 447 3601 his
469 3545 628 3617 adiaphoris
648 3545 782 3602 ecclesiae
797 3547 942 3601 concessit.
975 3544 1104 3601 Ceterum
1130 3549 1226 3603 sciata
1249 3554 1277 3602 et
1296 3549 1480 3601 Pentecosten
1521 3545 1617 3601 Tertia
1640 3546 1736 3602 weit
1753 3547 1877 3602 continet
1892 3562 1967 3603 cere-

271 3642 301 3690 ut
319 3633 446 3688 Christus
469 3650 486 3687 a
505 3631 608 3688 Scribis
634 3638 662 3688 et
686 3633 843 3688 Pharisaeis
865 3638 993 3704 rogatus,
1019 3647 1105 3703 quare
1130 3634 1245 3702 manias,
1261 3650 1334 3705 quae
1345 3637 1500 3705 sequuntur
1511 3632 1696 3703 baptismum
1707 3631 1771 3688 illas
1781 3649 1805 3689 c.
1816 3639 1858 3689 27.
1868 3633 1965 3689 itidem

270 3721 399 3793 discipuli
425 3720 486 3791 ejus
509 3718 749 3791 transgrediantur
772 3718 950 3775 traditionem
970 3718 1104 3788 majorum
1131 3721 1257 3795 quinario
1273 3735 1388 3775 numero
1405 3719 1611 3790 complectitur:
1632 3724 1658 3776 1.
1670 3722 1772 3775 Prima
1789 3722 1965 3776 mosonium

268 3826 321 3864 non
339 3809 464 3864 lavantes
485 3822 667 3870 manussuas,
683 3821 857 3877 campanam
868 3803 1103 3868 manducantvi-
1125 3810 1218 3880 pacis.
1254 3809 1280 3865 2,
1303 3806 1402 3861 Unctis
1427 3807 1587 3861 cirismatis
1609 3807 1640 3859 in
1665 3807 1776 3860 vertice.
1814 3810 1842 3863 3.
1862 3807 1965 3861 Cereus

267 3895 360 3951 cissim
379 3893 607 3965 illosinterroget
626 3892 726 3949 Matth.
741 3898 781 3958 15,
799 3908 826 3948 v.
839 3897 868 3948 3:
890 3891 983 3953 Quare
1002 3897 1029 3944 et
1046 3891 1106 3960 spei
1129 3912 1276 3964 aceram,
1306 3892 1357 3964 pai
1386 3893 1474 3947 datar
1501 3893 1641 3961 baptisato
1666 3893 1697 3946 in
1722 3893 1832 3962 sipnum
1852 3893 1923 3961 fidei
1939 3901 1966 3947 et

267 3982 515 4051 transprediantar
537 3981 702 4033 mandatam
722 3979 782 4032 Dei
799 3985 918 4048 propter
935 3978 1104 4032 mactiones
1128 3982 1240 4050 gratiae
1266 3986 1405 4051 acceptae.
1447 3982 1472 4033 4.
1499 3978 1589 4032 Vestis
1613 3980 1753 4043 candido,
1782 3996 1867 4048 quam
1882 3981 1963 4046 ferre

267 4072 358 4126 aare
388 4067 429 4121 ita
458 4083 491 4121 ex
513 4065 682 4120 Bellarmino
706 4065 908 4137 interrogante,
934 4080 1021 4135 quare
1046 4080 1101 4118 non
1128 4068 1257 4121 sotebant
1275 4064 1446 4119 oscitatio
1459 4063 1610 4117 Pambotis
1627 4081 1713 4133 usone
1732 4066 1773 4117 ad
1785 4066 1965 4121 Dominicem

265 4157 417 4228 probemus
437 4169 531 4208 omnes
557 4152 619 4207 illos
642 4151 711 4207 ritus
733 4169 768 4206 ex
790 4151 941 4206 traditione
965 4151 1101 4220 majorum
1127 4155 1157 4208 ia
1186 4153 1270 4208 albis.
1314 4156 1341 4207 5.
1365 4150 1511 4204 Deis'batio
1540 4150 1624 4205 iactis
1650 4159 1677 4204 et
1703 4151 1797 4204 mettis
1822 4168 1870 4208 ssu
1896 4151 1964 4223 cini,

265 4241 473 4304 descendentes,
490 4237 611 4294 vicissim
628 4238 795 4313 quaerimus,
812 4254 898 4308 quare
914 4242 1027 4306 proptor
1045 4243 1101 4292 tra·
1127 4256 1198 4309 qaae
1224 4238 1276 4292 boc
1301 4244 1425 4307 tempore
1451 4254 1506 4290 non
1523 4237 1562 4291 sit
1580 4238 1610 4292 in
1627 4254 1689 4291 osu.
1724 4234 1768 4291 De
1784 4236 1827 4291 his
1844 4253 1964 4293 ceremo-

265 4331 385 4386 ditiones
411 4344 475 4382 suas
501 4326 742 4396 nansgrediantur
772 4323 935 4378 mandatnm
960 4322 1029 4391 Dei,
1052 4320 1101 4377 ad·
1126 4326 1179 4381 niis
1195 4325 1256 4380 noti
1274 4330 1339 4379 sunt
1354 4321 1497 4378 versiculi:

263 4419 453 4517 imm
469 4412 638 4511 Palmum
656 4412 686 4467 ³¹¹
704 4411 802 4509 ingl?
820 4426 978 4481 ¹³²¹⁰⁸¹³¹¹²’
996 4410 1100 4508 P⁰P¹¹¹⁰
1163 4446 1224 4515 aa,
1243 4446 1342 4515 oseam,
1361 4445 1493 4510 caram,
1512 4459 1616 4508 serm,
1635 4443 1792 4507 aemam,
1810 4443 1912 4512 sarva,

263 4510 370 4577 ignota,
389 4518 423 4556 ac
440 4500 594 4555 trrbuentes
614 4498 741 4553 humenis
753 4496 859 4566 nubes,
874 4496 950 4567 qnod
961 4495 1101 4566 baptismo
1160 4534 1282 4587 Flam,
1298 4517 1426 4586 artuum
1445 4529 1622 4601 bam-mm
1639 4528 1696 4583 &a
1717 4530 1858 4599 Mum,

262 4588 398 4645 divinitus
417 4588 542 4643 instituto
558 4584 708 4639 insolidum
725 4588 786 4640 erat
804 4581 996 4652 tribuendum,
1015 4588 1048 4638 ut
1066 4583 1100 4639 de
1160 4621 1241 4673 Haec
1261 4575 1322 4673 gum
1338 4619 1464 4689 pamm-8
1482 4635 1538 4670 mm
1556 4622 1664 4670 mm,
1682 4631 1749 4685 em,
1768 4617 1821 4670 m
1831 4571 1942 4672 o'rmm·
2034 4664 2036 4670 Ι

263 4674 527 4747 semproniensem
545 4677 716 4726 sacramento
729 4685 831 4726 coenae
841 4673 870 4725 et
887 4669 1101 4725 commutatione
2020 4713 2025 4722 .

262 4763 390 4834 ejusdem
408 4759 439 4814 in
452 4757 618 4814 sacrificium
630 4757 699 4811 nihil
713 4756 839 4812 hocloco
852 4755 985 4812 dicamus.
1010 4755 1100 4820 Quae·
1161 4762 1219 4813 258.
1247 4756 1281 4810 In
1297 4754 1400 4810 nostris
1418 4753 1542 4810 ecclesiis
1560 4752 1742 4808 observantur
1755 4753 1785 4809 hi
1797 4753 1875 4818 ritus,
1894 4771 1960 4824 quo
1972 4768 2037 4809 arms
2049 4763 2073 4810 ts

262 4851 351 4904 rimus
378 4848 469 4916 etiam,
495 4861 546 4900 cur
570 4859 664 4919 omnes
687 4843 752 4897 illos
768 4843 838 4896 ritus
863 4842 1006 4896 nominent
1030 4842 1100 4897 anti·
1126 4861 1186 4898 rum
1205 4842 1319 4914 quidam
1336 4841 1509 4912 praecedunt
1534 4839 1666 4911 baptismi
1685 4839 1958 4909 admmhuadonem
1973 4821 2081 4913 mih,
2132 4860 2134 4863 ·

263 4934 412 5007 quissimus
438 4948 540 5003 eosque
556 4930 593 4985 ab
614 4928 766 5000 apostolica
782 4927 933 4983 traditione
951 4935 1101 4994 arcessant,
1125 4930 1240 5001 quidam
1251 4945 1317 4983 vero
1328 4932 1489 4998 sequuntur,
1513 4931 1535 4981 l.
1545 4924 1716 4995 Proponitur
1729 4927 1959 4993 commonefactio
1973 4921 2057 4965 ”m

262 5037 328 5077 cnm
351 5037 407 5075 non
424 5019 560 5090 ignorent,
584 5016 731 5087 plerosque
755 5030 790 5069 ex
808 5014 863 5068 illis
885 5030 936 5069 nec
958 5030 1101 5084 sempera
1125 5020 1161 5071 de
1174 5022 1295 5086 peccato
1313 5014 1433 5085 oripiair
1450 5029 1500 5084 per
1518 5011 1627 5083 lapsum
1646 5012 1796 5083 primorum
1813 5020 1959 5083 pareutum
1973 4975 2076 5067 inhia-

259 5114 387 5177 ternpore
405 5104 606 5176 apostolorum,
624 5119 675 5158 nec
697 5102 802 5174 ubique
819 5103 850 5156 in
868 5100 995 5155 omnibus
1014 5101 1100 5156 eccle·
1124 5103 1153 5158 in
1172 5100 1306 5156 mundum
1322 5099 1481 5154 introducto
1499 5103 1528 5153 et
1544 5115 1594 5168 per
1605 5097 1744 5153 carnalem
1751 5097 1958 5168 generationem
1971 5077 2067 5181 32¹³,ss

259 5193 310 5247 siis
328 5197 453 5261 receptos
472 5194 501 5244 et
519 5189 636 5243 usitatos
655 5186 740 5243 fnisse
760 5204 793 5242 sc
811 5186 914 5241 multos
926 5186 1099 5242 exvetustis·
1123 5190 1154 5244 in
1176 5205 1272 5243 omnes
1295 5192 1421 5257 posteros
1443 5191 1611 5256 propagato,
1635 5201 1653 5239 a
1677 5201 1732 5255 quo
1753 5199 1810 5238 non
1830 5183 1885 5238 nisi
1908 5203 1959 5256 per
1973 5181 2077 5232 “tahh-

258 5280 339 5336 simis
362 5277 463 5332 ritibus
481 5293 531 5347 per
547 5282 672 5347 posteros
690 5275 810 5330 abolitos
829 5282 858 5330 et
875 5274 905 5329 in
922 5291 1008 5331 novos
1027 5291 1100 5329 com·
1127 5276 1268 5331 Christum
1290 5273 1427 5343 possimus
1449 5271 1576 5337 liberari,
1603 5270 1652 5342 qui
1674 5285 1726 5323 sua
1747 5268 1906 5326 obedientie
1931 5278 1959 5328 et

258 5372 383 5422 mutatos
410 5364 511 5432 inisse,
539 5370 571 5416 ut
598 5362 633 5416 de
658 5360 826 5429 delibatione
850 5360 931 5416 lactis
954 5366 984 5414 et
1001 5359 1100 5429 mellis,
1125 5361 1315 5417 satisfactione
1336 5359 1456 5430 gratiam
1480 5357 1549 5420 Dei,
1571 5355 1758 5417 remissionem
1773 5365 1959 5427 peccatorum,

258 5455 342 5524 cnjus
362 5449 529 5506 mentionem
548 5448 655 5503 iaciunt
667 5448 857 5504 Tertullianus
874 5448 938 5504 libr.
954 5454 976 5502 l.
990 5448 1098 5502 advers.
1122 5447 1262 5519 justifiam
1277 5452 1307 5502 et
1321 5445 1407 5498 vitam
1423 5449 1564 5498 aeternam
1575 5441 1656 5497 nobis
1668 5440 1833 5510 promeruit,
1850 5443 1958 5499 eadem·

260 5533 1099 5606 blmcionc.lt.etHieronymustt.dialogmontrslsucifera·
1126 5551 1180 5605 que
1205 5529 1343 5589 beneficia
1363 5547 1413 5601 per
1436 5528 1617 5599 baptismum,
1645 5525 1765 5581 salutare
1786 5526 1856 5584 illud
1881 5547 1960 5600 rege-

216 5643 248 5688 ta
260 5644 322 5698 nos,
339 5624 486 5680 manifeste
502 5629 619 5679 constat.
644 5622 830 5678 Bellarminus
850 5621 1007 5691 respondet,
1026 5621 1100 5674 tanc
1126 5619 1275 5675 nandonis
1293 5621 1322 5671 et
1338 5613 1524 5671 renovationis
1541 5614 1698 5679 lavacrum,
1715 5611 1795 5668 nobis
1812 5614 1959 5685 dispenset.

259 5713 448 5770 ceremoniam
476 5729 534 5765 noa
552 5712 643 5776 faisse
660 5709 829 5779 pastoralem.
866 5707 955 5779 Atqui
972 5707 1047 5761 idem
1066 5707 1101 5762 de
1121 5701 1442 5767 ‚Haeccommonefactio
1459 5700 1565 5756 utiliter
1581 5697 1731 5754 adhibebit
1745 5698 1966 5773 inadministra-⁸

258 5800 377 5872 reliquis
394 5798 494 5853 ritibus
511 5797 652 5869 plerisque
669 5795 727 5851 dici
743 5799 843 5867 potest
880 5793 926 5848 De
944 5792 1019 5848 trina
1031 5809 1101 5848 mer·
1127 5791 1202 5846 tione
1219 5786 1358 5860 baptismi,
1377 5793 1410 5843 ut
1426 5786 1462 5842 de
1479 5782 1643 5842 noeoesitate
1659 5783 1784 5855 ejusdem
1801 5794 1960 5858 praesentes

258 5889 339 5945 sione
362 5885 403 5942 sic
426 5883 524 5942 scribit
538 5883 632 5959 cauus
648 5883 711 5940 libr.
730 5888 762 5953 3,
779 5900 803 5940 a
822 5889 862 5939 tc
881 5881 974 5941 ibina
990 5880 1102 5950 meno,
1126 5876 1328 5934 admoneantur
1348 5873 1440 5943 adque
1462 5869 1587 5929 deman
1605 5868 1741 5942 ergshoc
1756 5881 1961 5939 mmmmm
