4800 6659
408 805 445 860 55
988 793 1109 851 LOCUS
1126 790 1296 849 DECIMUS
1314 792 1502 851 summus

405 950 493 1004 boaoe
514 949 589 1004 ritas
605 949 750 1019 redditur,
771 950 833 1004 Dei
849 949 945 1019 pratia
962 956 1011 1013 est,
1030 956 1057 1001 et
1075 949 1139 1019 ipsa
1162 949 1235 1002 euim
1262 950 1415 1004 admodum
1432 957 1459 1005 et
1476 950 1577 1004 Dauid
1593 948 1714 1019 euplioat
1724 949 1956 1021 beatificationem
1969 950 2104 1020 bominis,

402 1036 492 1105 pratis
511 1037 606 1104 datm,
625 1036 693 1105 quia
708 1035 881 1104 protisdota
898 1043 939 1089 est
956 1036 1010 1101 illi,
1028 1036 1235 1089 cuidaturetc.
1261 1036 1309 1088 eui
1342 1036 1456 1091 DEUS
1488 1037 1607 1106 imputat
1638 1037 1783 1105 justitiam
1820 1038 1922 1107 absquae
1960 1037 2103 1107 operibus.

403 1140 426 1177 c.
449 1130 477 1181 9:
510 1123 664 1193 Apostolus
693 1142 755 1177 cum
775 1125 913 1193 potuisset
940 1124 1034 1177 dicere
1064 1123 1235 1192 rapsodiam
1261 1126 1286 1178 6.
1304 1120 1418 1193 Regerit
1436 1122 1629 1188 Bellarminus‚
1647 1123 1834 1192 Auqustiuum
1860 1122 1963 1178 ibidem
1981 1125 2104 1192 addere,

395 1209 527 1277 justitiae
544 1211 605 1265 uita
621 1216 752 1278 aeurua,
778 1210 880 1264 malmt
900 1210 995 1264 dicere
1021 1210 1118 1277 qratia
1143 1216 1235 1263 autem
1261 1211 1339 1278 quod
1366 1210 1423 1266 ista
1452 1210 1650 1264 misericordia
1681 1210 1776 1264 debito
1801 1212 1839 1264 sit
1862 1210 1942 1265 bouis
1966 1210 2104 1281 operibus

402 1295 461 1349 Dei
476 1297 536 1351 rita
553 1304 683 1364 adema,
707 1296 819 1351 utlaius
847 1296 1081 1366 intelligeremus,
1103 1313 1158 1363 aaa
1177 1312 1236 1364 pro
1260 1303 1422 1350 reuotomm
1441 1313 1475 1350 ao
1487 1297 1612 1365 proinde
1632 1297 1790 1366 injudicio
1807 1315 1864 1351 ooo
1881 1305 1939 1352 tam
1966 1300 2101 1366 donetur,

400 1383 509 1437 meritis
527 1384 631 1439 uostris
648 1386 742 1438 Deum
759 1402 810 1438 nos
828 1387 871 1439 ad
895 1392 1037 1439 aeteruum
1060 1384 1163 1452 vitam,
1183 1384 1237 1436 sed
1246 1384 1250 1467 Ι
1261 1400 1345 1451 quam
1362 1384 1511 1439 reddatur.
1545 1381 1771 1453 Respondemus:
1791 1382 1847 1439 imo
1865 1400 1931 1439 vero
1949 1400 1984 1439 ex
2005 1382 2102 1439 debito

397 1487 454 1538 pro
481 1488 534 1524 sua
556 1470 732 1526 miseratione
751 1472 921 1541 perducere,
945 1472 980 1543 de
1006 1487 1060 1540 quo
1078 1470 1108 1523 ιἰι
1120 1468 1235 1538 psalmo
1262 1470 1416 1525 mercedem
1452 1470 1543 1526 meriti
1583 1471 1701 1528 reddere
1729 1471 1767 1526 ad
1793 1472 1933 1542 justitiam
1968 1470 2102 1542 pertinet,

402 1556 472 1610 dicit
495 1557 576 1612 bomo
593 1558 704 1611 animae
720 1574 802 1627 suae,
828 1557 884 1621 Qui
901 1566 1017 1612 coronat
1035 1566 1060 1611 ts
1078 1558 1108 1611 io
1130 1558 1236 1611 maseri-
1263 1554 1466 1611 misericordiae
1482 1556 1626 1627 proprium
1643 1563 1686 1612 est
1711 1556 1798 1628 gratis
1821 1557 1933 1613 donare
1980 1557 2101 1629 Fugou'

401 1644 502 1697 cordia
518 1651 544 1697 et
561 1644 748 1699 miseratione.
786 1645 934 1715 Numquid
956 1662 1013 1698 noa
1031 1661 1136 1699 corona
1156 1644 1235 1698 bonis
1261 1648 1304 1695 est
1320 1641 1431 1711 debita,
1454 1660 1509 1699 non
1527 1643 1580 1699 erit
1596 1644 1785 1700 misericordie
1800 1645 1937 1717 gratuite,
1965 1649 1996 1699 et
2014 1643 2038 1697 si
2058 1649 2102 1700 est

401 1730 529 1798 operibsss
552 1731 704 1785 redditur!
724 1733 777 1785 sed
797 1732 866 1800 quia
888 1732 952 1801 ipso
976 1732 1048 1785 bcua
1075 1748 1161 1801 opera
1183 1731 1234 1785 ille
1263 1725 1447 1784 misericordie
1468 1731 1603 1800 gratuita,
1632 1748 1688 1786 non
1714 1730 1767 1787 erit
1789 1730 1893 1787 debita
1937 1729 2008 1786 Ideo
2032 1746 2100 1801 apo

308 1859 313 1866 .
399 1816 430 1869 irs
449 1815 530 1870 robis
548 1825 695 1886 operatur,
718 1818 784 1873 idco
806 1818 879 1872 dicit
898 1817 1043 1887 psalmus:
1067 1825 1183 1871 coronat
1209 1825 1235 1871 te
1261 1813 1347 1869 stolus
1373 1814 1453 1871 Rom.
1482 1823 1512 1883 t,
1540 1833 1566 1871 r.
1597 1823 1622 1873 4.
1653 1817 1801 1889 distinguit
1828 1818 1902 1874 inter
1940 1818 2100 1871 mercedem

402 1903 432 1955 ιἰι
445 1904 624 1958 reumaticus
637 1913 663 1959 et
674 1904 880 1967 misericordia,
900 1905 968 1973 quia
979 1903 1041 1972 eius
1054 1904 1233 1958 miseratione
1260 1903 1411 1956 smuudum
1432 1904 1552 1957 debitum
1580 1911 1608 1958 et
1627 1907 1779 1959 mercedem
1797 1905 1949 1959 secuudum
1964 1901 2100 1972 qratiam.

402 1988 474 2042 borsa
493 2006 655 2059 operamur,
685 1989 783 2061 quibus
801 2008 905 2047 carossa
923 1993 1012 2048 detur.
1055 2007 1135 2046 serm.
1155 1997 1179 2047 2.
1200 1990 1235 2046 de
1260 1987 1295 2041 In
1316 1988 1492 2044 coronatione
1518 1989 1627 2060 piorum
1653 2007 1723 2062 opus
1753 1997 1796 2046 est
1824 1989 2014 2047 misericordia
2042 2004 2100 2044 non

400 2075 475 2131 verb.
493 2084 595 2148 apost:
614 2078 649 2133 Si
663 2086 754 2132 amem
772 2079 876 2149 qratia,
889 2080 956 2149 jum
972 2096 1028 2133 ιιοιι
1046 2095 1079 2134 ec
1096 2079 1235 2149 operibus,
1260 2079 1367 2128 ιιιιιιιιιι
1385 2083 1497 2146 propter
1514 2076 1690 2148 quotidianos
1707 2077 1818 2148 lapsus,
1835 2076 1885 2133 sed
1903 2082 2017 2147 propter
2035 2074 2098 2148 ipsa¹

402 2163 513 2232 alioqui
532 2165 629 2233 pratia
645 2182 702 2221 ιιοιι
714 2174 755 2220 est
765 2166 868 2235 pratia.
893 2166 969 2219 Nam
981 2166 1015 2233 ei,
1029 2166 1078 2236 qui
1090 2173 1234 2235 operatur,
1264 2160 1337 2215 bona
1353 2178 1450 2233 opere,
1475 2179 1547 2234 quae
1563 2169 1630 2218 sunt
1647 2163 1810 2234 imperfecto
1828 2168 1856 2219 et
1870 2162 2031 2231 immunda,
2048 2160 2099 2216 illa

400 2263 504 2303 merces
533 2267 589 2304 ιιιιι
619 2251 801 2321 imputabitur
826 2253 978 2306 secundum
1015 2252 1150 2322 qratiam,
1183 2252 1235 2305 sed
1260 2248 1347 2319 igitur
1376 2250 1518 2306 coronatio
1544 2268 1600 2305 non
1622 2258 1665 2307 est
1689 2267 1793 2307 merces
1810 2248 1900 2305 meriti
1925 2248 2040 2320 proprie
2058 2246 2098 2302 sic

399 2338 550 2391 secundam
572 2337 696 2392 debdum
718 2343 771 2393 etc.
792 2346 819 2393 ts
841 2347 934 2392 autem
957 2346 1074 2393 coronat
1099 2339 1180 2393 Deus
1204 2339 1234 2391 ιἰι
1261 2334 1342 2403 dicti,
1366 2336 1417 2392 sed
1436 2344 1478 2393 est
1496 2338 1588 2409 gratia
1614 2345 1643 2394 et
1669 2338 1867 2407 misericordia,
1892 2335 1950 2392 sive
1973 2335 2099 2408 gramis

398 2424 597 2479 misericordia
615 2432 641 2477 et
663 2424 854 2494 miseratione,
879 2432 905 2478 et
924 2424 951 2478 si
966 2433 1016 2479 tuo
1033 2424 1134 2478 merita
1149 2441 1235 2495 proe-
1260 2421 1421 2491 retribuum
1451 2424 1553 2495 quibus
1575 2425 1648 2479 enim
1671 2425 1800 2497 operibus
1824 2422 1974 2479 deberetur
1992 2422 2098 2477 miseri·

399 2518 554 2579 ιιιιιιιιιιι,
584 2510 654 2564 dicit
681 2511 748 2564 tibi:
777 2511 886 2566 discuts
917 2512 991 2566 borsa
1011 2512 1113 2566 merito
1133 2520 1184 2565 tuo
1209 2520 1235 2565 et
1261 2508 1355 2563 cordia
1377 2510 1519 2566 remittem
1544 2517 1661 2583 peccata
1681 2511 1812 2576 venialia,
1836 2527 1899 2564 cum
1925 2508 1988 2579 ipsa
2015 2524 2099 2579 opera

398 2597 518 2666 uidebis,
543 2598 611 2668 quio
629 2597 702 2651 bora
726 2605 790 2651 ιιιιιι
805 2614 867 2650 meo
886 2603 939 2654 etc.
980 2605 1005 2654 5.
1022 2597 1065 2653 Ex
1088 2596 1132 2652 hie
1148 2598 1234 2652 mani·
1261 2593 1406 2665 indigeant
1423 2597 1611 2654 misericordia
1628 2606 1741 2669 propter
1757 2596 1953 2653 ιᾰΙιιιιιιιιιιιιι
1967 2594 2097 2667 imperie-

398 2682 501 2739 festum
521 2688 571 2751 est,
591 2682 716 2754 quamvis
734 2682 909 2755 Augustinus
925 2689 1039 2754 asserat,
1056 2683 1236 2755 bonisoperi·
1259 2680 1401 2736 ctionem?
1435 2683 1459 2738 si
1484 2692 1598 2756 possent
1623 2685 1713 2740 sancti
1744 2684 1874 2755 operibus
1902 2682 1960 2737 suia
1994 2679 2100 2736 miseri·

399 2766 453 2824 bus
474 2768 534 2823 dari
552 2769 638 2823 vitam
655 2774 809 2836 aeternam,
833 2769 925 2841 ipsum
947 2776 1041 2826 tamen
1059 2787 1235 2842 nequequam
1260 2768 1382 2823 cordiam
1421 2769 1498 2825 illam
1532 2778 1648 2842 peccate
1682 2777 1823 2843 tegentem
1854 2774 1882 2825 et
1910 2768 2100 2825 remittentem

403 2854 579 2910 introducere
598 2854 726 2910 medium
745 2854 858 2927 aliquod
876 2872 941 2913 rere
958 2863 987 2913 et
1009 2858 1120 2928 proprie
1138 2857 1178 2912 sio
1196 2856 1236 2911 di·
1261 2855 1423 2926 promereri,
1449 2866 1627 2928 peccatorum
1653 2857 1776 2913 remissio
1801 2872 1858 2911 non
1888 2856 2008 2925 amplius
2027 2853 2101 2910 foret

403 2948 487 3000 ctum
541 2941 674 3008 Quemvis
708 2942 782 2998 enim
811 2942 901 2998 meriti
932 2944 1119 3015 appellatione
1154 2961 1237 3000 sensu
1261 2942 1396 3014 gratnm
1421 2944 1496 3014 quod
1520 2946 1592 3000 enim
1616 2962 1650 3000 er
1667 2944 1762 2998 debito
1785 2942 1923 3011 redditur,
1952 2941 2025 2997 illud
2043 2958 2100 2997 non

400 3027 566 3100 generaliori
579 3036 608 3084 et
620 3017 770 3100 improprio
784 3033 826 3098 (ut
839 3047 890 3085 suo
901 3028 962 3086 loco
977 3030 1236 3099 demonstrabimus)
1263 3029 1381 3084 donatur
1397 3046 1430 3084 ex
1441 3029 1540 3101 gratia
1558 3030 1633 3101 quod
1645 3030 1745 3085 nostris
1755 3028 1885 3099 operibus
1901 3044 2100 3099 promeremur,

400 3131 464 3169 cum
492 3114 554 3170 aliis
578 3115 718 3172 veteribus
740 3120 849 3186 utatur,
876 3123 970 3173 ιιιιιιιι
988 3117 1074 3172 vitam
1095 3125 1236 3174 aeternam
1262 3114 1331 3169 illud
1358 3133 1413 3171 non
1438 3116 1575 3188 contingit
1598 3116 1699 3188 gratis,
1729 3116 1754 3170 si
1772 3114 1960 3170 misericordia
1982 3115 2035 3170 illa
2052 3116 2100 3171 de·

400 3201 503 3275 gratis,
526 3219 582 3257 non
601 3219 635 3258 ex
654 3202 761 3273 debito,
786 3219 842 3259 non
858 3204 1026 3276 promeritis
1051 3205 1165 3274 nostris,
1186 3204 1236 3259 sed
1261 3200 1344 3256 betur
1360 3202 1462 3257 nostris
1481 3203 1619 3275 operibus,
1639 3221 1695 3259 non
1712 3202 1855 3273 continget
1870 3202 1959 3273 gratis
1985 3211 2101 3274 propter

400 3304 452 3359 pro
484 3287 660 3344 miseratione
678 3288 732 3343 Dei
763 3289 843 3344 nobis
875 3289 936 3344 dari
966 3288 1108 3345 evidenter
1131 3291 1237 3357 asserit,
1262 3286 1401 3344 Christum
1427 3290 1611 3347 mediatorem.
1658 3289 1771 3345 Rectius
1795 3287 1921 3343 Hilarius
1952 3288 1982 3342 in
2008 3304 2101 3345 enan.

400 3374 471 3430 illud
489 3374 581 3430 adbuc
600 3375 702 3431 clarius
720 3381 799 3446 patet
817 3391 851 3431 ex
871 3374 920 3430 illo
937 3374 1007 3445 ipso,
1027 3393 1109 3447 quem
1129 3374 1236 3432 Beller-
1262 3374 1363 3431 Psalm.
1388 3381 1429 3433 bt
1452 3377 1505 3432 sub
1529 3376 1657 3433 initium:
1679 3377 1863 3431 Peccatorum
1885 3376 2015 3430 remissio
2043 3393 2102 3430 roa

399 3461 492 3516 miuus
510 3461 628 3533 allegat,
653 3461 715 3517 loco
742 3461 791 3519 lib.
811 3462 846 3518 de
869 3468 986 3533 corrept.
1010 3469 1039 3517 et
1056 3470 1127 3536 grat
1145 3481 1169 3521 c.
1191 3470 1236 3521 13:
1258 3463 1411 3532 probitatis
1430 3472 1471 3517 cst
1488 3465 1631 3532 meritum,
1649 3465 1702 3517 sed
1717 3470 1887 3533 spoutaaeae
1904 3462 2102 3533 iadulqeatiae

402 3548 513 3603 Sanctis
530 3548 641 3619 (inquit)
658 3549 795 3603 adbaeret
807 3550 868 3602 Dei
883 3549 1081 3604 misericordia
1097 3551 1155 3606 sios
1174 3569 1236 3605 mem
1261 3549 1391 3604 uoluntas
1413 3568 1446 3605 ec
1471 3551 1604 3604 bonitatis
1627 3550 1736 3604 diuitiis
1759 3551 1800 3603 od
1823 3550 1981 3603 miserandi
1999 3566 2101 3606 mussas

400 3642 609 3700 conuertuntur,
633 3636 690 3690 sios
713 3653 775 3690 cum
786 3636 983 3706 proeliantur,
1001 3638 1059 3691 sire
1077 3654 1138 3691 ιιιιιι
1158 3655 1236 3691 coro
1262 3637 1422 3691 auterens.
1467 3634 1522 3692 Sed
1549 3636 1616 3707 quid
1639 3636 1675 3692 de
1698 3635 1858 3707 Augustino
1880 3633 1947 3690 fiet?
1975 3634 2000 3690 is
2023 3635 2100 3692 claro

399 3727 512 3775 matur.
560 3722 635 3776 Nam
653 3729 679 3775 et
698 3729 762 3776 tunc
780 3737 839 3777 esse
857 3722 919 3777 illis
936 3724 997 3778 Dei
1012 3722 1236 3779 misericordiam
1262 3727 1394 3792 testatur,
1425 3723 1650 3776 misericordiam
1679 3723 1760 3777 illam
1785 3723 1858 3791 Dei,
1873 3738 1943 3791 ¹qua
1966 3722 2100 3791 operibus

398 3807 585 3862 reccaredum
603 3816 704 3862 sarecto
724 3808 875 3880 Scriptura
897 3817 1030 3879 tutatur,
1051 3810 1102 3864 ubi
1123 3820 1237 3865 sauctus
1261 3810 1420 3863 redduntur
1439 3809 1584 3878 praemia,
1614 3825 1673 3862 esse
1698 3809 1826 3862 debitam.
1872 3806 2100 3878 Respondemus:

398 3894 501 3948 Dauid
519 3896 553 3951 de
573 3896 698 3950 Domino
715 3896 781 3951 Deo
797 3913 848 3951 suo
869 3897 939 3951 dicit
958 3897 1070 3952 animae
1087 3916 1163 3967 suae,
1183 3898 1239 3962 Qui
1263 3894 1326 3951 Nou
1349 3893 1481 3967 intelligit
1502 3893 1627 3950 debitum
1653 3894 1793 3974 justitiae,
1821 3894 1926 3965 quod
1918 3911 1948 3949 m
1975 3893 2099 3992 quadam

279 3988 340 4082 vul.
353 3990 386 4036 ιι
399 3989 515 4037 emerat
545 3988 571 4036 ts
596 3982 627 4036 irs
655 3981 834 4037 ιιιιιιιιιιοιιι
857 3990 883 4037 ct
901 3984 1107 4042 misericordia.
1156 3985 1238 4039 Dicit
1262 3981 1402 4035 meritoria
1429 3996 1543 4078 operum
1570 3979 1720 4051 dignitate,
1750 3980 1800 4035 sed
1831 3978 1956 4035 debitum
1981 3980 2098 4051 promis·

290 4122 293 4127 ,
399 4069 482 4121 etiam
498 4065 790 4139 Jacobusapostolus,
804 4068 949 4139 judicium
966 4070 1237 4125 siuemisericordia
1262 4067 1362 4137 sionis,
1393 4066 1508 4137 quod
1499 4084 1528 4121 ιιι
1559 4065 1680 4139 gratuita
1709 4065 1763 4122 Dei
1791 4065 1916 4121 bonitate
1952 4064 2098 4139 fundatur,

399 4154 454 4224 alii,
472 4156 522 4225 qui
537 4174 595 4211 ιιοιι
611 4156 682 4221 (ecit
694 4156 928 4221 mirericordiam,
949 4158 999 4210 ubi
1015 4159 1136 4213 orandis
1153 4159 1236 4213 etiam
1262 4156 1414 4210 debitorem
1437 4170 1467 4208 se
1483 4154 1559 4220 jecit
1580 4155 1659 4207 Deus
1683 4154 1775 4223 pratis
1802 4154 1881 4207 uobis
1896 4155 2099 4225 pomideado,

399 4242 429 4294 ia
448 4241 500 4295 illo
514 4241 642 4311 judicio,
670 4244 700 4297 irs
726 4260 781 4315 quo
799 4243 871 4312 iusti
891 4252 1063 4299 coronantur
1082 4246 1236 4316 injustique
1262 4261 1313 4297 uos
1331 4260 1392 4297 sum
1411 4257 1468 4294 ιιοιι
1486 4241 1683 4308 obstrinpimus
1700 4242 1838 4296 mersae.
1880 4239 1954 4296 Vide
1978 4247 2098 4297 enarrat.

399 4329 577 4392 damnantur,
590 4328 665 4384 alios
677 4348 739 4385 oum
750 4330 957 4400 misericordia,
970 4330 1044 4386 alios
1056 4332 1117 4386 sime
1128 4332 1237 4385 miseri·
1262 4331 1323 4400 ejus
1340 4329 1368 4383 in
1387 4328 1490 4385 Psalm.
1512 4332 1568 4384 109.
1589 4326 1700 4382 stetin
1719 4327 1807 4398 princ.
1841 4325 1973 4383 ’1.Τιιιίι
1989 4326 2098 4385 Beller-

398 4415 498 4469 cordia
523 4414 709 4483 judicandos.
765 4417 889 4487 Propter
918 4419 995 4487 quod
1031 4418 1114 4471 etiam
1146 4426 1237 4472 mater
1262 4414 1329 4470 mini
1346 4414 1486 4485 responsio
1501 4430 1557 4467 uon
1574 4430 1629 4467 uno
1648 4412 1757 4468 laborat
1773 4412 1849 4467 vitio.
1891 4412 2100 4486 Praesuppouit

398 4500 637 4556 Maccahaeorum
648 4502 716 4571 filio
734 4520 784 4560 suo
802 4504 880 4572 dicit,
897 4503 970 4558 sitiri
988 4503 1043 4557 illa
1059 4503 1237 4560 miseratione
1262 4503 1336 4558 enim
1367 4508 1483 4572 peccata
1513 4498 1633 4554 venialia
1663 4515 1723 4553 esse
1759 4515 1811 4553 sua
1837 4505 1939 4554 namra
1966 4502 2098 4570 venialis,

399 4603 460 4639 mm
489 4588 634 4654 fratribus
664 4590 720 4643 tuis
752 4598 778 4645 ts
803 4592 948 4662 recipiam.
997 4589 1067 4645 Οιιιιι
1092 4592 1165 4646 euim
1185 4609 1237 4647 ree
1263 4588 1359 4644 eadem
1381 4586 1451 4642 nihil
1477 4587 1611 4658 derogare
1633 4584 1796 4656 perfectioni
1822 4584 1940 4639 actualis
1960 4586 2100 4667 Justitiae,

393 4674 505 4742 justus,
529 4676 757 4745 couscriptum
775 4684 827 4746 est,
862 4677 967 4731 sederit
992 4677 1023 4731 ιἰι
1040 4677 1154 4742 throno,
1180 4696 1237 4733 uon
1263 4691 1319 4730 non
1337 4690 1418 4746 posse
1432 4674 1510 4745 iusto
1527 4672 1582 4728 Dei
1594 4672 1702 4743 judicio
1722 4672 1775 4727 nisi
1799 4671 1966 4742 temporaria
1986 4680 2099 4729 tantm

399 4760 599 4815 adversabitur
615 4768 680 4816 ants
701 4778 764 4817 eum
782 4779 861 4819 omre
883 4764 997 4817 molum.
1043 4762 1112 4826 Quis
1130 4764 1236 4832 pluria·
1264 4775 1353 4833 poena
1372 4760 1478 4832 puniri,
1502 4760 1532 4815 in
1547 4761 1613 4832 igne
1638 4757 1798 4831 purgatorio
1824 4773 1875 4830 pro
1893 4757 1948 4812 illis
1967 4759 2100 4816 sahsfieri

401 4846 482 4914 bitur,
505 4854 611 4901 costum
633 4865 664 4901 se
684 4847 785 4902 babere
803 4866 871 4907 cor.
900 4856 950 4903 aut
976 4849 1038 4918 quis
1058 4850 1237 4920 ploriabitur,
1264 4866 1345 4920 posse
1377 4853 1430 4905 etc.
1459 4846 1495 4902 de
1526 4846 1628 4917 quibus
1655 4843 1855 4917 hypothesibus
1888 4844 1955 4899 alibi
1984 4847 2099 4917 copiose

399 4933 533 4987 muudum
553 4949 583 4988 se
608 4950 668 4988 csse
694 4952 712 4988 a
729 4936 869 5004 peccato!
893 4951 929 4990 oc
953 4951 1007 5006 per
1024 4935 1076 4990 boc
1094 4938 1178 4990 ctiam
1198 4936 1239 4990 ibi
1264 4935 1319 4990 fuit
1347 4943 1448 4990 actum
1495 4932 1525 4990 Si
1554 4932 1637 4987 ullius
1666 4930 1754 4987 ιιιιιιί
1783 4938 1900 5002 peccata
1929 4938 2024 4987 ament
2047 4946 2101 4988 sua

399 5018 440 5089 (in
461 5018 582 5091 judicio)
568 5020 661 5087 >Dei
681 5021 880 5078 misericordia
907 5023 1069 5080 necessaria
1095 5032 1150 5094 est,
1181 5041 1239 5094 qua
1265 5029 1364 5077 natura
1380 5018 1514 5118 venialia,
1540 5018 1581 5072 ita
1602 5024 1713 5073 utnon
1731 5018 1836 5089 possint
1852 5018 1907 5073 nisi
1931 5019 2102 5089 temporaria

398 5108 446 5171 fiet
471 5105 578 5169 braim,
604 5108 652 5161 cui
673 5124 729 5162 ιιοιι
756 5109 904 5181 imputauit
924 5110 1065 5164 Dominus
1080 5117 1237 5181 peccatum.
1265 5123 1356 5179 poena
1373 5105 1477 5177 puniri,
1501 5105 1525 5159 is
1545 5112 1620 5161 certe
1635 5104 1733 5160 ιιιὶιιιι
1749 5104 1786 5162 Ι).
1809 5105 1928 5174 Paulus,
1953 5105 2006 5173 qui
2025 5108 2104 5161 omrai

398 5191 477 5248 Haec
494 5192 682 5264 Augustinus,
710 5210 744 5251 er
761 5198 842 5268 cujus
861 5195 954 5251 verbis
972 5197 1012 5252 sic
1030 5196 1238 5252 concludimus:
1266 5195 1437 5250 couscientia
1479 5194 1550 5247 borsa
1585 5201 1761 5247 conversatus
1801 5201 1840 5246 cst
1876 5208 1970 5247 coram
2005 5194 2104 5266 ΠΕΟ,

400 5276 470 5333 si
462 5296 491 5333 ιιι
521 5278 582 5350 ipso
608 5271 717 5351 ju'dicio
744 5288 774 5337 et
803 5281 980 5339 coronatione
1011 5283 1168 5339 necessaria
1196 5292 1239 5339 est
1266 5282 1330 5338 Act.
1351 5284 1392 5341 23,
1412 5297 1438 5333 v.
1459 5285 1480 5334 1
1502 5295 1550 5347 qus
1546 5277 1675 5331 'studuit
1691 5279 1752 5332 siae
1771 5278 1940 5348 offendiculo
1958 5281 2105 5335 conmiss-

399 5364 602 5433 misericordia,
631 5382 703 5439 quae
725 5367 849 5424 remittat
874 5375 1007 5441 peccata,
1034 5369 1131 5442 ntique
1158 5368 1238 5425 bonis
1265 5371 1333 5421 tiam
1364 5366 1466 5420 babere
1485 5381 1553 5433 erqo
1570 5367 1664 5417 Deum
1687 5373 1713 5419 et
1742 5381 1810 5435 erpa
1839 5365 1962 5419 homines
1983 5382 2106 5439 semper,

398 5450 528 5521 operibus
564 5470 621 5509 non
654 5453 781 5510 redditur
816 5455 875 5510 rita
912 5462 1025 5512 aeterna
1062 5473 1096 5512 ex
1130 5455 1236 5512 merito.
1265 5455 1330 5509 Act.
1359 5458 1400 5522 24,
1434 5470 1459 5507 v.
1480 5456 1520 5508 16.
1550 5453 1601 5521 qur·
1620 5453 1715 5522 potuit
1743 5452 1874 5521 ploriori,
1904 5469 1963 5506 sese
1992 5454 2106 5511 nullius

397 5534 481 5593 Item:
505 5538 535 5595 si
557 5539 606 5595 illa
625 5537 744 5596 Doridis
768 5541 906 5597 sententia
929 5558 1018 5613 usque
1043 5543 1080 5598 ad
1103 5542 1173 5598 illud
1198 5541 1238 5598 ibi
1264 5539 1391 5593 criminis
1408 5539 1547 5593 conscisco
1565 5553 1638 5608 esse,
1659 5541 1681 5592 1.
1701 5536 1763 5597 Cer.
1782 5544 1813 5606 1,
1840 5556 1865 5592 v.
1887 5544 1912 5594 4.
1952 5537 1994 5594 At
2017 5557 2057 5608 ue
2080 5542 2107 5597 is

395 5624 536 5680 novissimi
549 5626 652 5697 judicii
671 5633 714 5683 est
732 5628 919 5697 extendenda,
947 5629 1044 5700 ntique
1062 5628 1147 5700 hujus
1165 5631 1238 5700 ejus·
1264 5625 1378 5697 quidem
1399 5631 1516 5696 peccata
1540 5640 1592 5680 sua
1610 5632 1667 5680 tam
1684 5624 1765 5695 perri
1783 5624 1923 5694 ιιιιίιιιιι,
1952 5632 1984 5681 ut
1995 5643 2032 5682 ea
2052 5643 2114 5685 suu

395 5710 459 5765 dem
484 5712 638 5770 sentcntiae
662 5714 815 5785 apostolica
840 5713 1036 5786 interpretatio
1057 5714 1093 5769 de
1109 5713 1158 5770 ilio
1175 5714 1237 5785 ipso
1265 5719 1365 5768 nature
1380 5712 1509 5779 venialia,
1526 5711 1578 5768 hoc
1595 5718 1639 5766 est
1656 5710 1843 5782 veniadigna,
1862 5727 2002 5782 quamque
2021 5711 2114 5771 Deua

391 5796 500 5868 judicio
534 5806 576 5855 est
611 5800 802 5874 intelligenda
855 5802 896 5856 At
923 5800 1001 5872 prius
1037 5815 1070 5857 ex
1100 5801 1238 5856 sententia
1264 5816 1320 5856 non
1342 5798 1394 5854 nisi
1416 5798 1583 5871 temporaria
1602 5813 1692 5869 poena
1716 5798 1815 5870 punire
1844 5798 1942 5869 possit,
1977 5798 2114 5870 profiteri

394 5883 554 5956 Augustini.
589 5884 665 5960 argo
683 5894 712 5944 et
730 5887 876 5961 posterius,
896 5894 925 5944 et
942 5903 994 5961 per
1017 5896 1189 5958 conseqrm
1207 5886 1238 5943 in
1264 5886 1347 5955 ausit,
1366 5885 1434 5959 quio
1452 5886 1545 5958 potius
1558 5882 1751 5941 miserabiliter
1769 5883 1937 5942 etflebiliter
1948 5886 2114 5945 admodum

394 5969 442 6027 illo
453 5969 562 6042 jndicio
581 5969 688 6047 absque
711 5973 843 6047 operibus
860 5972 983 6047 (absque
995 5968 1237 6043 meritisopernm)
1263 5972 1443 6045 conqumitur
1458 5971 1539 6030 Bou.
1564 5977 1586 6043 7,
1604 5989 1632 6026 ι.
1652 5976 1701 6028 ιιι
1725 5971 1820 6026 Miser
1836 5986 1889 6043 spo
1915 5971 2012 6045 mmo,
2038 5976 2111 6047 quis

354 6049 1114 6134 -bmmhndaiusnimapostdnaltomtnms
1136 6056 1236 6121 Quera-
1263 6057 2106 6132 mseripietseboocorporsmortiobaosiotpnhans
