4800 6659
408 668 468 727 273
1071 660 1193 720 LOCUS
1211 659 1416 719 VIOESIMUS

406 816 544 885 infantem
560 814 692 881 fidelium
710 823 858 883 parentam
875 816 941 885 jam
958 833 1016 871 esse
1034 817 1168 887 baptismo
1183 816 1239 884 fla·
1266 816 1433 887 quaudoque
1452 816 1480 870 in
1497 816 1588 871 feudis
1608 817 1762 873 succedunt
1778 818 1913 888 peculiari
1930 817 2103 875 dominorum

406 904 490 958 minis
511 902 688 970 baptisatam,
707 921 768 957 cum
786 905 823 957 sit
840 906 1006 970 infeodare.
1037 905 1167 960 Bucanus
1179 903 1241 958 loco
1266 902 1431 973 privilegio?
1457 911 1480 956 3.
1492 904 1540 958 An
1557 921 1613 958 uon
1630 905 1797 976 quandoque
1816 911 1900 960 testes
1914 911 1981 960 sunt
1993 906 2023 959 in
2037 923 2103 961 casa

408 990 489 1045 dicto.
531 988 757 1058 Respondemus:
794 997 816 1045 1.
841 990 1118 1063 yssaimpcmmpdv
1144 994 1245 1052 contra,
1267 989 1458 1042 necessitatis?
1486 996 1510 1045 t.
1529 990 1612 1045 Adde
1630 992 1704 1062 quod
1724 992 1819 1061 dispar
1836 991 1906 1046 ratio
1920 992 2037 1047 dominii
2048 999 2102 1047 ter·

299 1094 304 1115 ¹
408 1093 566 1146 expressum
583 1075 696 1146 aliquod
717 1075 840 1131 divinum
860 1077 1021 1131 mandatum
1042 1094 1178 1148 pugnare,
1195 1076 1241 1129 de·
1268 1073 1327 1127 reni
1346 1079 1375 1128 et
1392 1075 1552 1130 hereditatis
1571 1076 1706 1140 coelestis,
1726 1094 1789 1132 cum
1807 1079 1837 1131 in
1854 1079 1966 1133 Christo
1980 1096 2104 1135 mamas

407 1162 553 1216 monstrari
578 1164 701 1216 nondum
720 1163 817 1233 potuit.
854 1168 878 1219 2.
898 1163 931 1217 In
952 1164 1011 1217 sols
1031 1161 1133 1217 Christi
1154 1168 1241 1216 morto
1268 1161 1305 1212 sit
1322 1177 1373 1215 nec
1391 1162 1502 1226 femina
1521 1161 1583 1216 Gal,
1603 1168 1627 1226 3,
1646 1182 1673 1220 v.
1693 1169 1734 1219 28.

407 1255 435 1304 et
455 1249 568 1304 foedere
588 1250 695 1321 gratiae
715 1251 901 1321 quaerendam
919 1268 979 1306 esse
997 1250 1131 1319 salutem,
1156 1248 1242 1304 ambi·
1304 1252 1345 1301 43.
1375 1247 1423 1301 Ad
1446 1264 1558 1302 causam
1578 1248 1816 1305 instrumentalem
1834 1250 1966 1320 baptismi
1985 1246 2143 1339 pertinctffg

407 1354 462 1409 gne
483 1336 601 1405 dicitur3
626 1336 671 1390 vel
690 1337 763 1391 enim
783 1337 932 1407 opponitur
951 1336 1089 1408 particula
1105 1337 1168 1390 sota
1186 1353 1242 1390 me·
1269 1333 1396 1404 quaestio
1424 1334 1459 1389 da
1482 1334 1620 1405 baptismo
1638 1335 1789 1404 lobannis,
1814 1336 1866 1391 hoc
1884 1344 1928 1391 est
1946 1338 1981 1391 de
2000 1337 2144 1409 baptis-m

408 1422 461 1476 diis
479 1422 681 1493 applicationis,
700 1439 756 1494 qua
773 1422 880 1477 ratione
899 1440 1075 1495 nequaquam
1091 1422 1243 1493 propositio
1269 1438 1322 1489 mo,
1340 1437 1422 1491 quem
1440 1420 1582 1476 Jobannes
1604 1421 1632 1475 in
1652 1422 1687 1478 N.
1705 1421 1739 1479 T.
1760 1422 1845 1476 etiam
1863 1429 2015 1494 antequam
2027 1404 2144 1480 cmi-⁵¹¹

407 1509 456 1563 illa
480 1508 620 1563 exclusiva
646 1509 823 1562 concedenda
846 1516 902 1578 est,
928 1509 1044 1580 perinde
1071 1509 1143 1563 enim
1163 1508 1243 1571 foret,
1270 1513 1329 1561 stus
1347 1506 1637 1577 abeobaptizaretur,
1650 1508 1712 1562 aliis
1725 1504 2106 1576 administravitsitneidem

407 1612 440 1649 ac
466 1595 489 1649 si
515 1594 577 1666 quis
601 1594 731 1665 colligere
749 1594 844 1649 vellet:
881 1594 976 1650 Solum
994 1593 1097 1650 Christi
1116 1594 1244 1649 meritum
1270 1600 1470 1648 sacramentum
1498 1593 1670 1665 eandemque
1687 1594 1789 1650 habeat
1806 1595 1960 1650 efficaciam
1979 1614 2043 1652 cum
2059 1598 2106 1653 ba-

408 1700 458 1736 nos
478 1680 574 1736 salvat.
610 1681 686 1752 Ergo
706 1680 863 1751 baptismus
881 1699 930 1735 nos
948 1699 1003 1735 non
1021 1681 1122 1750 salvat,
1147 1686 1245 1735 contra
1270 1679 1370 1748 ptismo
1391 1679 1507 1749 Christi,
1533 1680 1586 1735 hoc
1603 1687 1645 1734 est
1664 1696 1728 1734 cum
1745 1696 1794 1748 eo,
1812 1699 1895 1752 quem
1912 1681 2041 1738 Christus
2057 1700 2107 1754 per

411 1773 434 1823 t.
453 1767 527 1821 Petr.
548 1770 578 1832 3,
597 1785 624 1822 v.
641 1773 681 1822 21.
717 1767 791 1838 Ergo
812 1766 987 1838 evangelium
1006 1784 1061 1821 non
1085 1773 1128 1821 est
1146 1773 1244 1838 poten·
1271 1765 1409 1834 apostolos
1432 1772 1491 1819 turn
1511 1772 1591 1829 anta,
1620 1773 1680 1821 tum
1703 1773 1767 1837 post
1782 1769 2011 1824 resurrectionem
2029 1785 2105 1825 suam

408 1854 447 1907 tia
472 1853 526 1907 Dei
551 1853 588 1907 ad
612 1852 743 1921 salutem,
773 1860 871 1908 contra
893 1853 971 1907 Rom.
993 1859 1020 1922 l,
1044 1872 1070 1910 v.
1092 1858 1131 1908 16.
1168 1852 1243 1925 Ergo
1271 1850 1481 1917 administravit,
1499 1858 1528 1906 et
1546 1869 1597 1923 per
1614 1869 1784 1924 consequens
1804 1872 1891 1909 unum
1912 1855 2044 1911 sufficere
2060 1873 2107 1926 po·

408 1940 477 1995 fides
501 1956 551 1994 nos
578 1956 633 1994 non
659 1940 762 2001 salvat,
791 1946 888 1994 contra
911 1946 931 1995 1.
952 1940 1026 1995 Petr.
1048 1945 1076 2008 1,
1099 1959 1125 1996 v.
1146 1945 1175 2009 93
1200 1940 1244 1994 vel
1270 1937 1354 1990 tuerit
1372 1937 1502 2008 cuiquam
1522 1937 1676 2010 baptismus
1693 1941 1845 2004 iohannis,
1869 1941 1909 1994 ita
1927 1949 1959 1996 ut
1978 1948 2043 2012 post
2059 1943 2106 1999 ba·

408 2025 546 2098 particula
563 2028 626 2080 sola
646 2026 795 2097 opponitur
814 2026 875 2079 aliis
894 2025 923 2080 in
941 2025 993 2081 hoc
1011 2043 1112 2080 causae
1132 2042 1243 2097 genere,
1271 2030 1401 2092 ptrsmum
1427 2024 1562 2077 «Iohannis
1588 2042 1643 2078 non
1667 2025 1751 2079 fuerit
1774 2028 1930 2080 necessario
1955 2028 2105 2098 percipisn·

409 2132 465 2186 qua
482 2113 587 2169 ratione
606 2111 758 2184 propositio
777 2112 917 2167 exclusiva
935 2131 989 2166 non
1008 2113 1131 2168 excludit
1145 2112 1242 2167 salutis
1272 2108 1323 2161 dus
1348 2108 1502 2179 baptismus
1525 2110 1650 2165 Christi?
1680 2111 1861 2166 Affirmamus
1877 2131 1941 2181 nos,
1967 2113 2105 2169 Pontificii

410 2200 502 2256 media
527 2218 560 2255 ex
583 2206 662 2270 parte
686 2204 746 2253 tum
759 2198 818 2262 ¹Dei
837 2205 895 2253 tum
914 2200 1008 2254 nostri.
1045 2207 1067 2255 3.
1086 2199 1138 2254 Rei
1157 2205 1243 2254 exter·
1271 2200 1384 2265 negant.
1420 2194 1580 2266 Antequam
1606 2214 1671 2252 vero
1693 2199 1847 2255 sententiae
1872 2198 1984 2254 nocuae
2007 2201 2105 2255 funda·

409 2305 462 2342 nae
489 2304 545 2341 non
572 2302 633 2341 esse
659 2285 829 2358 affigendam
854 2285 970 2340 salutem
993 2284 1189 2340 enthusiastice
1216 2291 1244 2340 et
1272 2287 1364 2335 menta
1389 2297 1596 2351 expromamus,
1625 2283 1699 2338 circa
1717 2286 1886 2354 quaestionis
1906 2292 2012 2341 statum
2038 2286 2105 2341 haec

409 2373 611 2444 anabaptisticc
632 2372 749 2441 dicitur3
768 2371 939 2442 praedicatio
952 2371 1028 2426 verbi
1046 2379 1074 2426 et
1092 2389 1244 2428 sacramen·
1271 2385 1426 2422 monemus:
1459 2373 1481 2422 1.
1501 2368 1530 2421 in
1550 2369 1677 2423 omnibus
1695 2372 1886 2426 controversiis
1904 2389 1950 2441 ea,
1969 2389 2043 2444 quae
2061 2382 2144 2428 neu.

409 2467 501 2515 torum
528 2458 728 2513 administratio
753 2464 817 2512 sunt
841 2459 953 2529 quidem
976 2475 1020 2512 res
1046 2465 1189 2529 externae,
1215 2458 1244 2512 in
1271 2453 1422 2508 cessarium
1453 2472 1534 2508 usum
1563 2455 1668 2510 habent
1695 2457 1724 2511 in
1753 2457 1889 2512 exercitiis
1910 2460 2104 2529 poenitentiae,

410 2564 506 2602 sensus
529 2545 713 2613 incurrentes,
738 2544 847 2600 interim
871 2551 966 2598 tamen
990 2562 1040 2615 per
1064 2544 1113 2599 bas
1136 2562 1180 2599 res
1201 2561 1245 2598 ex·
1271 2540 1336 2595 fidei
1354 2546 1382 2595 ct
1398 2541 1510 2611 pietatis
1527 2541 1711 2598 discernenda
1728 2561 1788 2598 esse
1806 2546 1842 2599 ab
1859 2544 1922 2599 aliis
1940 2545 2105 2616 disputatio

410 2641 502 2688 ternas
529 2632 673 2686 uobiscum
696 2647 779 2702 agere
803 2636 832 2685 et
854 2630 1013 2685 interiorem
1038 2632 1243 2687 conversionem
1272 2627 1369 2696 nibus,
1399 2628 1428 2682 in
1451 2628 1553 2699 quibus
1575 2629 1735 2699 opinionum
1760 2630 1919 2696 diversitas,
1948 2632 1995 2687 vel
2023 2634 2105 2688 etiam

410 2737 443 2774 ac
472 2719 590 2773 salutem
617 2717 725 2788 operari
744 2716 804 2772 Deo
823 2717 936 2787 placuit.
976 2725 997 2773 1.
1020 2717 1082 2773 Cor.
1105 2724 1133 2786 l,
1151 2736 1178 2774 v.
1197 2724 1243 2774 21:
1272 2714 1340 2768 levis
1360 2714 1496 2786 quaedam
1515 2716 1696 2771 hallucinatio
1713 2734 1769 2771 non
1789 2717 1872 2773 infert
1885 2720 2028 2788 iacturam
2042 2718 2106 2776 fidei

301 2805 338 2845 ¹¹·
352 2801 396 2845 101.
410 2806 525 2859 Placuit
556 2806 620 2858 Deo
646 2821 702 2872 per
732 2803 882 2855 stultitiam
901 2803 1128 2871 praedicationis
1150 2804 1244 2857 salvos
1273 2808 1300 2857 et
1319 2801 1430 2868 salutis,
1458 2801 1575 2871 proinde
1593 2820 1657 2857 cum
1675 2802 1827 2873 disputatio
1846 2804 1881 2859 de
1900 2806 2041 2876 baptismo
2059 2808 2107 2865 Jo-

408 2894 509 2958 sacers
539 2892 689 2946 credontes.
732 2895 757 2944 t.
776 2888 910 2943 Libenter
929 2890 1121 2959 concedimus,
1153 2889 1244 2945 Deum
1271 2888 1383 2951 hannis,
1413 2892 1511 2957 utpote
1540 2888 1576 2942 de
1604 2888 1760 2944 ceremonia
1785 2890 1914 2960 temporis
1938 2893 2107 2961 jamdudum

410 2978 626 3049 haudquaquam
646 2975 686 3029 ita
702 2991 762 3029 esse
776 2973 920 3047 alligatum
933 2974 1079 3045 baptismo,
1099 2976 1244 3047 quominus
1270 2974 1414 3045 praeteriti
1431 2981 1460 3029 ct
1478 2973 1590 3044 quidem
1609 2974 1715 3045 exigui,
1739 2993 1795 3031 non
1818 2993 1907 3049 aequo
1926 2980 1963 3035 sit
1980 2996 2106 3037 necessa

409 3081 460 3119 sua
484 3062 576 3136 gratia
599 3061 627 3116 in
651 3059 819 3125 infantibus,
845 3060 893 3131 qui
916 3059 961 3114 vel
978 3061 1007 3115 in
1024 3061 1084 3132 ipso
1102 3068 1180 3117 utero
1199 3080 1243 3116 cx·
1270 3061 1327 3128 ria,
1356 3066 1388 3116 ut
1415 3059 1542 3115 doctrina
1569 3061 1605 3114 de
1627 3061 1779 3131 baptismo,
1809 3081 1863 3135 quo
1886 3082 1963 3120 nunc
1988 3066 2107 3123 ccclesia

408 3152 603 3223 stinguuntur,
633 3147 678 3203 vel
706 3154 772 3202 ante
799 3147 932 3217 baptismi
957 3148 1160 3217 perceptionem
1187 3149 1245 3203 vita
1270 3149 1303 3204 N.
1330 3148 1363 3201 Τ.
1388 3140 1525 3217 baptizat,
1556 3148 1619 3203 idco
1647 3166 1703 3203 non
1732 3167 1793 3205 csse
1816 3151 1910 3206 statim
1928 3154 2107 3209 anathemate

409 3238 612 3308 defunguntur,
641 3234 730 3305 possit
752 3249 812 3289 esse
830 3231 943 3301 efficar3
969 3250 1019 3287 nos
1037 3240 1129 3287 tamen
1147 3234 1243 3289 mediis
1270 3233 1424 3303 feriendos,
1447 3234 1496 3305 qui
1514 3234 1550 3288 de
1566 3235 1619 3289 hac
1636 3235 1800 3306 quaestione
1818 3236 1926 3293 collatis
1944 3239 2107 3311 Scripturas

409 3324 506 3379 salutis
526 3324 566 3376 ita
584 3319 691 3391 alligati
712 3337 820 3387 sumus,
847 3325 879 3373 ut
901 3318 1059 3390 ubicunque
1077 3320 1243 3374 substantia·
1272 3319 1416 3400 sententiis
1442 3321 1527 3390 paulo
1548 3321 1630 3377 aliter
1652 3338 1736 3394 quam
1754 3329 1861 3380 vetares
1879 3325 1995 3395 quidam
2013 3327 2105 3398 dispu-

408 3411 448 3467 lia
467 3408 598 3480 baptismi
617 3406 715 3460 haberi
733 3405 853 3475 possint,
870 3405 1023 3459 infantibus
1043 3405 1160 3461 eundem
1181 3423 1244 3461 con·
1269 3412 1345 3475 tant,
1364 3407 1387 3459 si
1405 3406 1435 3460 id
1452 3406 1503 3461 fiat
1520 3406 1598 3461 salva
1613 3406 1730 3467 veritate
1749 3409 1892 3468 doctrinae
1911 3412 1947 3467 dc
1965 3413 2105 3481 poeniteu-

409 3497 482 3552 ferrs
505 3502 657 3549 teneamur.
695 3498 718 3547 5.
737 3491 800 3547 Non
828 3508 894 3563 ergo
921 3509 985 3556 nos,
1017 3493 1066 3547 sed
1093 3493 1244 3548 adversarii
1270 3491 1323 3560 tia,
1345 3492 1401 3547 lide
1425 3499 1454 3548 et
1470 3493 1583 3563 pictate
1620 3493 1696 3557 Quae
1718 3498 1785 3549 sunt
1803 3493 1889 3551 verba
1905 3496 2105 3556 Chemniciiin

410 3582 539 3637 fictitium
569 3579 707 3650 quendam
738 3594 832 3632 casum
860 3578 1033 3633 necessitatis
1056 3579 1244 3643 introducunt,
1271 3594 1359 3636 exam.
1392 3578 1492 3633 concil.
1525 3578 1650 3635 Trident
1676 3585 1748 3649 part
1775 3585 1799 3637 t.
1829 3597 1890 3639 can.
1915 3588 1937 3639 l.
1970 3585 2006 3640 de
2031 3585 2103 3656 bapt

411 3668 489 3740 quasi
508 3666 614 3720 sufficet
631 3663 750 3734 privatio
768 3663 899 3733 baptismi
917 3663 954 3717 sit
971 3665 1142 3734 necessaria,
1160 3666 1182 3719 si
1202 3683 1245 3720 or·
1271 3669 1295 3720 2.
1312 3664 1509 3729 Quaestionem
1528 3681 1588 3721 esse
1607 3666 1642 3721 de
1658 3666 1804 3723 identitate
1821 3685 1876 3722 non
1895 3669 2045 3741 individui,
2058 3672 2104 3729 md

411 3754 535 3810 dinarius
558 3753 690 3807 ecclcsiae
710 3750 834 3805 minister
857 3750 953 3806 haberi
971 3758 1104 3823 nequeat,
1132 3770 1194 3808 cum
1220 3752 1244 3807 is
1270 3750 1387 3820 speciei,
1414 3768 1469 3805 non
1498 3751 1653 3815 numerica,
1681 3752 1730 3806 sed
1756 3752 1893 3825 specifica.
1929 3757 1977 3813 An
2001 3758 2105 3814 scilicet

411 3843 522 3896 demum
546 3856 609 3893 verc
633 3839 669 3891 sit
691 3838 862 3892 necessariae
880 3838 1041 3908 privationis
1061 3856 1153 3908 casus,
1180 3857 1243 3894 cum
1270 3837 1425 3906 baptismus
1450 3836 1587 3892 Jcbannis
1615 3838 1652 3892 sit
1680 3838 1753 3894 idem
1785 3841 1876 3910 specie
1904 3851 2103 3901 sacramentum

412 3926 606 3982 substantialia
627 3925 758 3994 baptismi
784 3941 838 3978 non
864 3930 980 3995 possunt
1002 3925 1106 3982 baberi.
1152 3934 1175 3983 6.
1199 3927 1243 3981 ln·
1270 3940 1333 3977 cum
1353 3924 1489 3994 baptismo
1502 3923 1624 3978 Christi?
1653 3925 1785 3989 Quamvis
1802 3928 1875 3983 enim
1893 3929 1948 3985 sint
1959 3931 2104 3988 distinctae

411 4016 501 4069 fantes
523 4020 588 4067 anta
606 4012 773 4082 baptismum
792 4028 851 4066 csse
866 4012 895 4064 in
913 4013 1025 4066 foedere
1046 4011 1140 4067 itidem
1157 4014 1243 4068 ambi-
1271 4025 1414 4080 personae,
1432 4025 1482 4078 per
1500 4025 1569 4079 quas
1589 4009 1742 4080 baptismus
1761 4014 1978 4085 administratur,
1997 4016 2103 4074 iuterim

412 4118 467 4173 gue
486 4101 599 4165 dicitur,
628 4099 672 4153 vel
690 4097 765 4168 quod
784 4097 851 4166 ipsis
870 4098 962 4151 aditus
980 4104 1077 4167 pateat
1093 4099 1129 4152 ad
1145 4099 1243 4155 foedus
1270 4101 1362 4150 tamen
1379 4099 1473 4148 manet
1491 4113 1577 4147 unum
1595 4097 1735 4165 baptisma
1753 4099 1787 4154 N.
1805 4099 1837 4152 Τ.
1864 4099 1968 4170 Ephes.
1989 4109 2023 4172 t,
2038 4110 2101 4159 ma
2126 4117 2129 4122 ·

412 4188 466 4243 Dei
491 4204 541 4258 per
563 4186 731 4256 baptismum
756 4183 877 4255 itemque
900 4202 949 4254 per
975 4201 1072 4253 preces
1099 4192 1243 4255 parentum
1271 4181 1399 4237 nimirum
1417 4181 1484 4252 quia
1501 4200 1573 4234 ansts
1592 4190 1632 4236 est
1650 4185 1813 4257 Dominus,
1826 4186 1872 4256 qui
1890 4205 1941 4257 per
1959 4189 2101 4246 ᾶὶιιὶῃοωι

411 4275 440 4328 in
458 4290 525 4327 casu
541 4272 710 4341 privationis,
728 4272 773 4324 vel
791 4271 866 4341 quod
884 4278 949 4325 actu
967 4271 1023 4324 sint
1041 4271 1069 4325 in
1086 4271 1198 4327 foedere
1216 4278 1244 4327 et
1271 4268 1407 4323 ministros
1436 4268 1489 4323 hoc
1517 4275 1720 4324 sacramentum
1751 4271 1904 4342 dispensat,
1933 4294 1993 4330 ana
2022 4279 2100 4332 &aar

410 4360 502 4433 gratia
529 4359 611 4413 etiam
636 4365 701 4413 ante
726 4362 885 4425 susceptum
907 4356 1083 4426 baptismum.
1118 4359 1243 4413 Priorem
1269 4358 1341 4420 rides
1361 4362 1387 4408 ct
1405 4371 1462 4411 una
1479 4353 1609 4410 trinitatis
1628 4356 1776 4425 invocatio,
1796 4376 1858 4414 cum
1876 4379 1933 4431 qua
1949 4362 2100 4434 baptismus

411 4463 521 4500 sensum
540 4450 730 4514 acceptamus,
754 4444 934 4513 posteriorem
950 4442 1141 4513 repudiamus,
1162 4463 1243 4513 quem
1271 4441 1484 4498 administratur.
1521 4451 1546 4499 3.
1570 4443 1767 4507 Quaestionem
1793 4464 1853 4503 esse
1876 4466 1932 4504 non
1959 4450 1994 4505 de
2013 4451 2101 4523 gradi·

352 4590 355 4595 ,
411 4540 502 4589 umen
520 4530 670 4585 adversarii
688 4530 906 4600 amplectuntur,
930 4546 963 4584 ex
988 4546 1043 4601 quo
1067 4536 1184 4601 apparet
1200 4551 1244 4586 ra·
1270 4530 1323 4586 bus
1341 4528 1473 4583 donorum
1491 4529 1665 4593 coelestium,
1692 4532 1742 4585 sed
1769 4533 1805 4586 de
1827 4533 1895 4603 ipsis
1913 4536 2100 4606 spiritualibus

410 4621 464 4689 tio,
491 4636 540 4672 cur
560 4617 691 4686 baptismi
711 4633 791 4669 usum
810 4632 865 4669 non
886 4615 1042 4670 existiment
1061 4617 1101 4671 ita
1118 4635 1244 4673 necessa·
1271 4615 1358 4671 donis.
1395 4615 1525 4678 Quamvis
1553 4616 1707 4687 baptismus
1732 4617 1847 4684 Christi,
1876 4620 1930 4677 hoc
1954 4628 2000 4678 est
2023 4640 2101 4696 quem

410 4708 495 4774 rium,
521 4710 554 4757 ut
579 4702 649 4756 laico
676 4705 736 4774 ejus
756 4703 1019 4758 administrationem
1038 4703 1153 4759 absente
1172 4706 1244 4759 ordi·
1271 4704 1396 4761 Christus
1413 4718 1463 4772 per
1480 4702 1618 4772 apostolos
1636 4710 1719 4773 atque
1737 4704 1806 4758 alios
1820 4705 1849 4759 in
1859 4707 2003 4777 primitiva
2016 4710 2100 4766 eccle·

411 4793 488 4848 nario
515 4790 641 4843 ministro
668 4790 836 4857 concedant,
865 4788 994 4842 nimirum
1019 4789 1084 4859 quia
1110 4796 1245 4857 statuunt,
1272 4792 1313 4845 sia
1340 4788 1552 4855 administravit,
1589 4789 1739 4859 plurimum
1768 4793 1937 4861 praestiterit
1967 4796 2101 4868 baptismo

412 4878 533 4933 infantes
565 4873 689 4929 fidelium
714 4876 774 4943 jam
803 4881 868 4930 ante
898 4892 958 4929 esse
986 4874 1016 4929 in
1043 4876 1096 4930 Dei
1126 4876 1245 4948 foedere,
1272 4875 1404 4933 Johannis
1429 4875 1564 4929 donorum
1590 4875 1708 4945 Spiritus
1731 4880 1821 4933 sancti
1839 4880 1994 4936 visibilium
2013 4883 2102 4954 specie

413 4965 530 5035 ideoque
548 4978 646 5033 parum
665 4960 768 5015 referre
785 4962 843 5015 sive
862 4963 1053 5033 baptizentur,
1072 4962 1129 5019 sive
1146 4965 1245 5029 minus,
1273 4962 1446 5027 admiranda,
1472 4979 1506 5016 ac
1531 4961 1664 5018 donorum
1682 4961 1861 5020 invisibilium
1880 4968 2009 5037 copiast
2027 4970 2102 5025 uber·

414 5067 470 5122 qua
487 5051 522 5104 de
539 5066 568 5103 re
585 5046 667 5118 plura
686 5062 735 5099 suo
754 5046 823 5101 loco.
1274 5054 1332 5103 tate
1357 5048 1466 5117 majori,
1491 5065 1555 5102 cum
1576 5056 1640 5119 post
1662 5049 1890 5119 glorificationem
1914 5052 2019 5110 Christi
2038 5055 2102 5111 lucia

284 5140 304 5183 t.
318 5141 392 5182 flexus
449 5143 489 5192 42,
527 5141 551 5191 5.
579 5135 667 5187 Seras
692 5139 719 5184 et
739 5134 835 5199 pastor
854 5135 1032 5198 feminarum
1057 5135 1092 5186 ab
1121 5137 1246 5190 omnibns
1275 5134 1450 5206 evangelicae
1468 5135 1599 5206 splendor
1618 5138 1707 5207 magis
1727 5138 1875 5205 effulserit3
1901 5157 1934 5195 cx
1960 5158 1994 5197 ec
2013 5148 2102 5199 uma

285 5195 401 5284 iimiiii‘
410 5224 534 5293 practicis
553 5220 711 5275 maneribus
728 5235 776 5272 cas
794 5220 933 5287 caelestia·
957 5221 1046 5296 ettam„
1058 5222 1187 5277 civilibus
1208 5225 1246 5277 le·
1274 5238 1330 5274 non
1354 5225 1445 5290 potest
1465 5221 1575 5284 infami,
1600 5238 1709 5277 omnem
1727 5227 1836 5280 omnino
1855 5226 2031 5294 spiritualem
2048 5227 2102 5286 effi·

285 5307 334 5336 ¹⁰³¹
349 5298 377 5334 ‘¹¹'
413 5310 494 5376 pibus
520 5309 555 5361 ab
574 5307 678 5370 officiis
692 5304 816 5374 publicis
835 5307 966 5358 dornuum
983 5308 1174 5377 ditionemque
1191 5317 1245 5362 ter·
1274 5309 1378 5362 caciam
1399 5305 1535 5374 baptismo
1559 5307 1695 5362 Johannis
1720 5310 1920 5382 denegandam.
1957 5315 1993 5368 In
2020 5323 2103 5371 exter·

287 5348 393 5387 omnibns

286 5400 386 5490 mm·
413 5412 545 5449 renerum
570 5393 758 5447 dominiorum
781 5398 913 5458 tanqua-m
935 5393 1084 5462 incapaces
1107 5411 1247 5448 removen-
1275 5394 1317 5446 nis
1337 5391 1504 5464 quibusdam
1527 5393 1740 5449 circumstantiis
1759 5403 1788 5451 et
1807 5397 1898 5468 gradu
1916 5399 2102 5456 efficaciaeia

286 5504 328 5542 sss
343 5512 382 5541 aas
414 5488 459 5533 tur
489 5482 508 5533 l.
532 5480 662 5549 feminac
689 5479 722 5547 ff.
755 5479 790 5530 ds
819 5492 876 5543 rep.
902 5478 965 5544 jar.
1009 5480 1087 5547 Erpa
1119 5481 1201 5534 etiam
1228 5500 1246 5534 a
1275 5479 1353 5532 donis
1380 5476 1567 5548 spiritualibrs
1592 5480 1664 5535 inter
1681 5481 1850 5552 baptismum
1870 5484 1974 5541 Christi
1992 5494 2024 5541 et
2042 5504 2102 5559 apo-

287 5554 392 5595 ΝΜ·
414 5567 549 5634 baptismi
567 5564 812 5619 administratione
837 5571 900 5614 sant
918 5567 1065 5620 arcendae.
1102 5565 1246 5624 Innocens.
1274 5565 1407 5619 stolorum
1427 5563 1608 5621 differentiam
1626 5568 1767 5638 quandam
1784 5572 1975 5643 agnoscimus3
1996 5574 2103 5631 interim

415 5652 582 5709 Gentilletus
613 5652 641 5707 in
670 5651 779 5722 apolog.
813 5666 863 5720 pro
895 5649 989 5705 christ.
1016 5650 1104 5705 Gallis
1132 5670 1193 5724 cap.
1222 5661 1246 5711 6.
1274 5650 1455 5705 substantiale
1474 5650 1619 5708 discrimen
1638 5654 1809 5711 intercedere
1827 5673 1969 5728 negamus.
2001 5660 2103 5727 „Quale

414 5757 489 5795 num.
503 5745 526 5793 2.
565 5738 788 5808 Respondemus:
812 5742 834 5793 l.
847 5734 1043 5805 distinguenda
1055 5742 1098 5791 est
1108 5737 1248 5793 ordinaria
1275 5738 1421 5792 discrimen
1450 5742 1492 5792 est
1510 5736 1583 5791 inter
1601 5741 1713 5796 verbum
1733 5743 1768 5798 de
1786 5743 1897 5800 Christo
1915 5753 2047 5818 venturo,
2070 5748 2104 5804 dc

415 5825 561 5895 baptismi·
576 5824 777 5880 administratio
806 5841 824 5879 a
854 5837 921 5877 casu
949 5822 1135 5894 necessitatis,
1162 5824 1247 5891 illam,
1274 5825 1401 5881 veniente
1421 5829 1449 5879 ct
1467 5818 1605 5892 exhibit03
1623 5827 1683 5881 talis
1701 5828 1785 5883 etiam
1802 5836 1844 5886 est
1862 5831 2106 5893 differentiainter

415 5910 489 5967 absit
513 5917 545 5966 ut
568 5909 689 5978 feminis,
716 5910 899 5968 concedimus.
936 5912 960 5965 2.
984 5908 1031 5963 Aa
1054 5909 1246 5968 contaminas
1273 5909 1522 5975 circumcisionem,
1543 5909 1709 5980 baptismum
1732 5914 1868 5972 iohannis
1886 5925 1916 5976 et
1934 5919 2040 5978 Christi
2055 5922 2105 5979 be·
