4800 6659
784 609 837 665 nn
856 606 1154 667 cmcuucrsronn
1172 605 1224 662 ur
1241 607 1349 666 sano
1367 607 1568 667 resonum.
1819 565 1827 574 ¹
1969 613 2028 671 ιιι

330 770 361 815 ut
387 764 628 831 confirmationem
659 782 844 833 numeremus,
874 765 984 819 nullam
1011 764 1165 818 invenimus
1193 762 1270 833 nire3
1299 763 1347 819 sed
1379 764 1476 820 ardut
1497 763 1662 835 Gregorinm
1688 764 1723 820 de
1743 760 1876 819 Valentia
1903 762 1932 817 in
1958 760 2161 819 Ldetsnsue-

331 862 460 911 emesam,
490 851 531 902 ad
559 852 730 905 sacramenti
757 853 830 905 enim
855 852 1077 906 emittitutionem
1103 857 1168 903 ante
1193 866 1268 904 uum.
1292 857 1455 907 sacrament.
1479 869 1502 907 c.
1527 857 1551 906 3.
1573 859 1601 906 et
1619 857 1649 905 l:
1684 850 1826 904 Catholici
1849 850 1904 904 alii
1925 854 2031 918 nepant
2044 838 2160 921 ffffl*

332 935 427 989 onmia
463 936 619 1005 requiritur
659 939 772 992 uerbum
808 939 923 992 diuinae
954 937 1168 1007 promissionis,
1194 936 1418 1003 matrimonium,
1447 937 1503 989 alii
1526 937 1778 1005 confimationem,
1804 935 1861 989 alii
1883 942 2103 988 extremumue·

331 1038 385 1089 quo
401 1023 480 1090 fides
504 1031 673 1079 coerceatur.
710 1025 842 1078 Secunda
866 1024 962 1093 opinio
985 1023 1087 1093 (inquit
1106 1021 1167 1076 Bel·
1194 1022 1351 1075 nnctiouem
1375 1037 1434 1075 esse
1460 1022 1575 1076 univoce
1593 1030 1806 1076 sacramentum.
1840 1021 1950 1076 Audiat
1965 1018 2032 1075 an-

330 1105 473 1173 larminus)
491 1115 532 1161 est
550 1126 659 1176 eorum,
687 1111 737 1178 qui
754 1117 862 1163 tantum
881 1112 937 1163 duo
957 1117 1105 1161 mammam
1122 1126 1168 1161 aa·
1195 1107 1326 1161 sandrum
1344 1106 1393 1161 lib.
1413 1107 1530 1163 consult.
1552 1113 1602 1161 art
1623 1112 1671 1163 13:
1690 1110 1780 1177 Apud
1798 1115 1926 1161 aumores
1938 1105 2031 1177 pasto

330 1196 604 1262 aramentaproprie
624 1194 711 1264 dicta,
731 1197 897 1265 baptismum
915 1204 942 1248 et
960 1195 1168 1249 eucharistiam.
1194 1194 1358 1247 uetustiores
1388 1194 1462 1247 inter
1486 1203 1665 1248 sacramenta
1698 1194 1814 1263 proprie
1847 1194 1926 1248 dicta
1957 1210 2032 1247 nunc

330 1278 556 1348 Respondemus:
577 1280 645 1336 haec
664 1298 720 1336 non
737 1288 779 1336 est
795 1282 904 1352 opinio,
922 1281 972 1336 sed
992 1282 1105 1335 immota
1122 1265 1253 1349 velduo
1266 1287 1426 1349 ponuntur,
1444 1298 1517 1334 nunc
1535 1281 1607 1342 trio,
1626 1281 1792 1349 baptismus,
1814 1280 1986 1333 eucharistia
2006 1286 2033 1333 et
2139 1270 2147 1283 '

322 1365 406 1434 ritas,
424 1365 469 1420 cui
487 1382 629 1420 assensum
648 1368 784 1437 praebent
801 1367 1168 1423 omnesecclesiaeducosm
1196 1366 1380 1429 confirmatio.
1417 1366 1483 1420 Non
1510 1372 1610 1418 temere
1637 1382 1802 1434 quemquam
1820 1367 1945 1435 reperies
1968 1372 2033 1420 ante

331 1449 409 1505 verbi
428 1451 514 1505 divini
532 1459 652 1510 secutae.
692 1455 791 1507 Tertia
811 1454 907 1523 opinio
927 1462 967 1507 est
986 1469 1095 1520 cortem,
1120 1454 1169 1520 qui
1196 1451 1313 1504 Petrum
1334 1451 1535 1513 Lombardum,
1554 1452 1604 1520 qui
1621 1460 1726 1505 emtum
1743 1452 1865 1520 aliquem
1882 1470 1917 1505 ac
1934 1452 2033 1515 defini-

331 1537 391 1589 tria
406 1546 553 1590 numerant
571 1548 758 1601 samamenta,
778 1540 951 1609 baptismum,
969 1538 1168 1591 nectarietiam
1195 1544 1253 1589 tum
1278 1545 1518 1591 sacramentorum
1543 1554 1691 1599 numerum,
1712 1545 1850 1591 statuerat
1878 1546 1905 1591 et
1930 1539 1965 1591 de
1988 1536 2033 1591 eie

332 1630 358 1674 et
378 1623 589 1690 poenitentiam.
625 1622 744 1695 Apolog.
769 1623 889 1696 August.
914 1623 1032 1679 confess.
1054 1629 1105 1677 art.
1129 1630 1168 1678 13.
1196 1630 1301 1691 septem
1316 1641 1372 1677 non
1390 1640 1483 1676 omnes
1500 1624 1611 1692 qseidem
1627 1624 1799 1677 scholastici
1813 1640 1900 1692 aeque
1913 1623 2033 1692 proprie

332 1707 557 1777 Respondemus:
585 1727 641 1780 quo
663 1728 745 1765 sensu
769 1719 798 1766 et
825 1716 955 1780 respectu
978 1709 1117 1764 absolutio
1140 1708 1169 1762 in
1195 1717 1374 1761 sacramenta
1391 1710 1537 1765 vocabant.
1559 1709 1663 1764 Verum
1681 1707 1824 1763 hicfuisse
1837 1707 2032 1774 Casandrum,

334 1793 464 1865 apologia
482 1796 663 1850 sacramentis
682 1797 793 1866 proprie
805 1797 888 1852 dictis
900 1801 1104 1861 annumeretur,
1123 1811 1168 1868 er·
1196 1810 1230 1847 ex
1249 1794 1410 1865 particulari
1430 1812 1533 1864 eorum,
1554 1813 1626 1867 quae
1643 1795 1824 1850 sacramentis
1842 1801 2032 1861 accensentur,

218 1883 264 1924 ιι.
288 1887 321 1929 eu
334 1880 475 1951 posuimus
498 1880 528 1935 in
553 1887 634 1936 tract.
662 1883 697 1937 de
722 1883 825 1953 poenit.
849 1880 877 1957 ξ
897 1888 938 1939 22.
974 1881 1110 1938 Nimirum
1128 1898 1170 1936 re·
1197 1880 1322 1934 examine
1349 1882 1402 1935 erit
1428 1882 1617 1951 conspicuum
1653 1881 1805 1935 Durandns
1834 1880 1882 1935 lib.
1910 1886 1933 1935 t.
1959 1886 2029 1934 sent

333 1972 445 2035 spectm
469 1966 588 2020 habetur
614 1966 650 2021 ad
678 1968 886 2038 principaliores
916 1968 1052 2038 quasdam
1078 1983 1168 2020 sacra
1197 1964 1260 2018 dist
1285 1971 1326 2020 26.
1353 1984 1399 2036 qu.
1423 1971 1448 2022 3.
1479 1966 1619 2038 disputat,
1649 1967 1859 2021 matrimonium
1890 1984 1946 2019 uon
1976 1965 2034 2019 nisi

333 2059 488 2107 mentorum
512 2052 710 2123 proprietates,
735 2071 807 2125 quae
834 2055 864 2108 in
881 2052 1056 2108 absolutione
1073 2053 1169 2122 depre-
1196 2050 1345 2119 aequivoce
1369 2061 1574 2106 sacramentum
1602 2052 1663 2106 dici
1682 2070 1777 2121 posse.
1813 2051 1952 2123 Agnoscit
1978 2053 2032 2107 boc

333 2137 508 2206 hendnntur,
539 2145 638 2208 utpote
666 2139 741 2211 quod
768 2140 798 2193 in
824 2157 857 2194 ea
883 2139 999 2210 singulis
1023 2140 1052 2192 in
1079 2138 1171 2208 specie
1196 2138 1256 2207 ipse
1275 2136 1461 2192 Bellsrminus
1478 2137 1526 2192 lib.
1548 2143 1570 2193 1.
1593 2138 1629 2193 de
1645 2155 1760 2193 sacram.
1780 2138 1934 2208 matrimes.
1958 2153 1983 2191 c.
1998 2143 2031 2192 i:

333 2230 509 2293 peccatorum
546 2224 670 2280 remissio
705 2223 898 2290 annuntiatur,
938 2224 1069 2295 quodque
1100 2225 1170 2278 ritus
1197 2226 1243 2276 Ee
1263 2226 1369 2279 nostris
1390 2224 1542 2278 Catholicis
1558 2242 1630 2277 unus
1647 2232 1687 2278 est
1707 2211 1880 2288 Durandm,
1907 2223 1958 2292 qui
1972 2240 2032 2277 ma-

329 2314 508 2379 lesensium
547 2309 636 2365 eidem
671 2311 838 2380 conjunctus
874 2309 1015 2380 aliquibus
1044 2308 1170 2379 partibus
1196 2312 1357 2364 trimonium
1385 2320 1591 2364 sumomontum
1621 2328 1678 2365 non
1707 2310 1766 2363 nisi
1793 2310 1941 2378 aequivoce
1973 2309 2036 2363 diei

334 2411 418 2465 qnam
441 2395 565 2464 proxime
586 2396 624 2450 ad
651 2401 885 2451 sacramentorum
901 2404 1030 2450 naturam
1048 2396 1171 2464 accedit3
1195 2413 1279 2464 posse
1307 2397 1442 2465 disputat.
1483 2394 1538 2451 Sed
1566 2412 1621 2450 non
1647 2412 1719 2449 unna
1744 2394 1908 2458 Durandus,
1937 2412 2034 2450 verum

333 2480 443 2535 interim
461 2486 553 2535 nmen
571 2498 634 2535 cum
651 2482 791 2552 impositio
810 2499 956 2549 manuum,
984 2480 1104 2552 quaein
1123 2481 1172 2535 ab·
1199 2482 1282 2535 enam
1301 2481 1350 2535 alii
1368 2481 1509 2536 Pontificii
1533 2481 1573 2536 its
1591 2486 1725 2537 statuunt.
1761 2480 1807 2536 Sic
1827 2480 1899 2535 enim
1916 2480 2034 2536 Cassan·

333 2566 470 2622 solntione
488 2567 644 2635 adhibetur,
664 2585 719 2623 non
737 2568 774 2622 sit
792 2569 848 2624 tale
867 2569 1009 2639 quoddam
1026 2574 1170 2622 externum
1199 2568 1249 2621 der
1268 2568 1287 2621 1.
1311 2568 1354 2623 d.:
1387 2570 1432 2621 De
1459 2568 1637 2622 matrimonio
1660 2584 1717 2620 non
1746 2568 1830 2620 morlo
1856 2567 2034 2621 Lomtardue

333 2658 362 2707 et
376 2651 487 2708 visibile
504 2653 685 2718 elementum,
713 2654 795 2725 quale
818 2659 861 2709 est
881 2653 911 2708 in
929 2652 1069 2723 baptismo
1089 2670 1170 2723 aqua,
1197 2654 1308 2721 nepaoit
1326 2654 1356 2706 in
1374 2671 1407 2707 eo
1425 2654 1555 2721 conferri
1571 2654 1703 2721 mamam,
1719 2654 1772 2706 sed
1790 2653 1874 2706 etiam
1888 2661 1955 2721 post
1972 2670 2033 2707 uem

333 2738 362 2793 in
381 2755 462 2793 sacra
479 2754 565 2794 coena
582 2740 663 2809 panis
682 2747 712 2795 et
727 2740 835 2809 vinum,
855 2739 906 2794 sed
925 2743 1034 2793 tantum
1051 2739 1121 2793 ritus
1137 2756 1170 2793 ac
1198 2741 1365 2807 Durandus,
1384 2748 1486 2808 nepant
1504 2740 1713 2794 matrimonium
1730 2756 1788 2792 esse
1798 2740 1915 2808 proprie
1927 2739 2033 2792 dietum

334 2825 491 2880 ceremonia
509 2827 661 2897 quaedam3
697 2826 857 2897 cumprimis
871 2842 937 2880 vero
955 2842 1018 2879 cum
1036 2824 1081 2879 hic
1101 2825 1170 2879 ritus
1196 2833 1413 2879 sacromentum.
1449 2824 1582 2879 Erasmus
1601 2826 1630 2879 in
1651 2831 1674 2881 1.
1688 2825 1751 2883 Cor.
1770 2832 1795 2880 l.
1816 2843 1842 2896 p.
1862 2830 1926 2880 3³1:
1945 2825 2036 2878 Haud

333 2929 388 2966 non
412 2912 448 2966 sit
472 2912 568 2966 divina
591 2913 764 2969 institutione
791 2929 936 2983 expressus
960 2919 989 2966 et
1004 2910 1170 2966 absolutioni
1196 2912 1256 2964 scio
1279 2929 1318 2964 an
1344 2911 1396 2965 loc
1419 2920 1626 2965 sacromentum
1644 2913 1793 2981 septimum
1811 2910 2036 2979 (munimentum)

334 2997 496 3066 ementinlis,
516 2999 565 3053 sed
585 2998 745 3054 indifferens
768 3004 797 3053 et
816 2998 903 3053 libere
914 2997 951 3052 ab
964 2997 1082 3053 ecclesia
1093 3015 1170 3052 usur-
1191 2998 1287 3063 suerit
1304 2998 1443 3051 ueteribus
1459 3000 1616 3066 cognitum,
1639 3000 1763 3067 primum
1787 3000 1864 3067 qrsod
1879 2999 2036 3067 Dionysius
2103 3015 2105 3020 ·

333 3088 430 3153 patus:
460 3084 523 3139 ideo
550 3084 689 3138 absolutio
720 3083 898 3139 sacramentis
926 3083 1115 3154 propriissime
1143 3090 1172 3138 et
1198 3100 1364 3137 annueram
1386 3084 1550 3137 nominatim
1573 3085 1687 3152 simpulo
1711 3094 1737 3137 et
1760 3084 1934 3153 simpulorum
1953 3086 2036 3152 eires,

334 3168 464 3239 specifice
482 3170 523 3224 sic
540 3170 622 3225 dictis
641 3171 781 3225 accenseri
798 3170 903 3241 nequit.
936 3170 1083 3240 Colligitur
1102 3170 1171 3224 haec
1197 3170 1270 3223 ritus
1294 3188 1330 3223 aa
1352 3170 1525 3224 ceremonias
1548 3170 1692 3238 explicans
1709 3172 1752 3223 de
1774 3170 1905 3239 coniugio
1926 3170 2037 3224 millam

334 3255 476 3325 responsio
496 3272 530 3311 ex
547 3256 616 3326 ipsis
633 3256 725 3311 verbis
742 3256 905 3328 apologiae:
943 3257 977 3311 Si
993 3265 1171 3325 sacramenta
1196 3257 1272 3322 facit
1291 3257 1461 3310 mentionern.
1497 3256 1611 3310 Deinde
1633 3272 1695 3308 cum
1715 3260 1755 3309 tot
1771 3254 1959 3309 uoluminibus
1976 3263 2037 3309 tra·

333 3358 464 3395 vocamus
482 3343 563 3406 ritus,
582 3345 632 3411 qui
648 3343 748 3396 habent
767 3344 933 3396 mandatum
952 3344 1013 3396 Dei
1029 3352 1056 3397 et
1071 3344 1171 3413 quibus
1197 3349 1301 3395 etatum
1324 3342 1362 3395 sit
1385 3343 1421 3396 de
1438 3341 1618 3395 matrimonio
1635 3342 1680 3396 vel
1698 3359 1718 3395 a
1741 3340 1860 3396 Graecis
1877 3342 1922 3394 uel
1942 3359 1962 3394 a
1978 3342 2035 3396 na·

335 3436 375 3481 eet
398 3428 503 3481 addita
524 3428 680 3497 promissio
705 3430 831 3495 pratiae,
859 3429 950 3493 facile
973 3437 1015 3481 est
1030 3430 1170 3498 judicare,
1196 3429 1272 3495 timis,
1289 3428 1386 3481 nullus
1403 3435 1443 3482 est
1459 3428 1546 3492 locres,
1564 3430 1639 3481 uncle
1656 3428 1773 3498 liqueat,
1791 3427 1859 3482 ellos
1872 3427 2036 3497 conjupium

335 3531 406 3582 quae
422 3514 480 3566 sint
492 3515 613 3583 proprie
632 3524 810 3568 sacramenta
830 3521 882 3571 etc.
918 3515 1007 3587 Atqui
1023 3515 1059 3568 ad
1080 3532 1171 3569 sacra·
1196 3516 1269 3567 inter
1287 3522 1393 3582 septem
1412 3521 1592 3567 samamenta
1609 3531 1758 3568 numerare
1775 3520 1828 3571 etc.
1858 3513 1930 3568 Vide
1942 3514 2034 3568 locum

335 3605 457 3654 mentum
477 3599 665 3669 propriissime
681 3606 710 3655 et
729 3600 859 3671 specifice
878 3600 919 3654 sic
937 3600 1171 3671 dictumrequiri-
1195 3600 1343 3672 integrum.
1389 3599 1434 3654 De
1458 3599 1608 3654 Melchiore
1635 3598 1713 3654 Cano
1737 3599 1872 3672 scriptore
1889 3598 2033 3670 pontificio

335 3688 380 3738 tur
400 3690 512 3754 praeter
528 3684 597 3740 haec
620 3686 704 3741 etiam
720 3686 829 3741 visibile
850 3693 878 3741 et
896 3693 1039 3741 externum
1057 3687 1170 3757 aliquod
1196 3685 1382 3741 Belluminus
1402 3692 1423 3741 1.
1442 3686 1478 3740 de
1496 3685 1650 3742 matrimon.
1668 3703 1692 3740 c.
1712 3691 1743 3740 6:
1767 3687 1870 3752 Canus,
1890 3687 1955 3739 dum
1968 3686 2034 3740 totis

334 3770 509 3826 elementum.
550 3770 660 3832 Quarta
691 3773 789 3841 opinio
817 3781 857 3825 eet
883 3773 1033 3842 Zwinplii‚
1063 3774 1113 3840 qui
1140 3773 1171 3825 in
1196 3773 1255 3825 suis
1289 3773 1396 3825 ruribus
1427 3773 1550 3842 probare
1587 3779 1712 3841 conam,
1743 3772 1950 3825 matrimonium
1973 3774 2034 3826 sine

335 3856 382 3909 tit.
401 3858 438 3909 de
455 3874 522 3910 uera
540 3866 566 3910 et
591 3859 674 3921 falsa
693 3859 831 3925 relipione
850 3860 1057 3913 matrimonium
1075 3877 1171 3912 sacra-
1189 3861 1293 3927 sorma
1325 3861 1471 3915 uerborum
1499 3878 1518 3911 a
1546 3859 1675 3912 ministro
1705 3860 1892 3913 ecclesiastico
1914 3860 2034 3928 prolatu
2047 3859 2085 3899 ¹¹·
2098 3856 2131 3899 ⁸¹·

335 3942 435 3995 mentis
455 3951 629 3996 annumerat.
669 3944 772 4006 Quinta
797 3945 893 4014 opinio
912 3954 953 3998 est
971 3943 1097 4009 Caluini,
1122 3947 1173 4014 qni
1196 3946 1362 3998 celebratum
1382 3964 1439 3999 non
1456 3961 1516 3999 mse
1532 3955 1746 4012 armamentum,
1763 3945 1848 3999 simul
1862 3947 1947 3999 etiam
1964 3964 2034 4016 pro·

335 4029 542 4083 ordinationem
559 4030 620 4082 illis
637 4038 770 4085 accenset.
807 4030 1031 4102 Respondemus:
1060 4030 1170 4085 illorum
1197 4033 1256 4098 bat,
1280 4039 1414 4100 quantum
1432 4032 1464 4084 in
1481 4048 1512 4084 se
1532 4040 1585 4094 est,
1613 4032 1722 4086 nullum
1745 4048 1844 4085 revera
1868 4032 1898 4084 in
1916 4032 2035 4085 molesia

334 4114 476 4185 opiniones
501 4115 538 4169 ad
563 4133 612 4170 nos
641 4116 710 4170 nihil
739 4117 875 4177 attinent.
905 4116 1023 4170 dicimus
1052 4118 1169 4182 interim,
1196 4136 1255 4172 esse
1274 4119 1402 4186 conjugii
1415 4127 1624 4173 sacramentum
1658 4114 1925 4173 Deconfirmatione
1937 4115 2034 4171 scribit

334 4200 408 4271 quod
433 4200 573 4272 accipiant
597 4202 764 4257 vocabulum
789 4202 953 4257 sacmmenti
978 4203 1007 4256 in
1030 4220 1112 4258 sensu
1130 4204 1168 4257 la
1196 4204 1308 4259 Alassio
1325 4209 1396 4274 part
1413 4212 1437 4261 4.
1464 4222 1510 4275 qu.
1530 4211 1571 4260 st
1595 4211 1646 4259 art
1667 4211 1690 4260 1.
1719 4205 1798 4272 quod
1815 4219 1865 4255 nec
1883 4220 1903 4255 a
1922 4201 2034 4257 Christo

334 4286 411 4354 tiori,
440 4293 473 4339 ut
496 4287 639 4342 evidenter
656 4298 774 4359 apparet
792 4305 826 4342 er
845 4305 869 4343 c.
888 4290 923 4343 de
942 4290 1123 4344 sacramentis
1139 4290 1168 4343 in
1197 4309 1248 4345 nee
1270 4293 1306 4344 ad
1329 4293 1479 4361 apostolis,
1507 4293 1561 4345 sed
1581 4308 1636 4360 per
1659 4290 1810 4344 concilium
1828 4290 1977 4343 Meldense
1995 4289 2033 4341 eit

335 4372 430 4428 οοᾶοιιι
459 4373 531 4427 libro
558 4374 686 4446 Zwinglii
711 4380 740 4429 et
762 4392 796 4429 ex
817 4375 865 4429 lib.
888 4382 913 4431 4.
937 4392 961 4429 c.
985 4381 1025 4432 18.
1052 4375 1170 4430 instituit.
1197 4377 1341 4446 instincta,
1371 4394 1455 4448 quam
1483 4394 1543 4433 esse
1572 4376 1683 4431 elensis
1711 4375 1876 4431 sententiam
1906 4374 2033 4445 agnem

335 4458 457 4527 Caluini,
481 4458 530 4513 nbi
558 4459 614 4513 duo
631 4465 740 4514 tantum
759 4460 901 4515 ordinaria
919 4467 948 4515 et
965 4462 1016 4516 toti
1036 4462 1170 4517 ecclesiae
1197 4463 1349 4535 Gregorius
1377 4465 1413 4521 de
1436 4463 1548 4520 Valent
1571 4464 1589 4517 l.
1615 4463 1650 4518 de
1674 4481 1749 4518 num.
1772 4470 1934 4517 sacmment.
1960 4478 1985 4516 c
2009 4466 2034 4516 3.

335 4545 492 4600 communia
518 4552 691 4600 sacramenta
720 4546 864 4601 nobiscum
887 4554 1040 4602 numerant
1085 4547 1170 4601 Sesto
1197 4570 1224 4622 p.
1242 4556 1301 4607 337.
1326 4551 1401 4606 unde
1425 4550 1486 4605 Biel
1510 4557 1533 4606 4.
1568 4555 1638 4605 sent.
1666 4549 1730 4606 dist.
1753 4556 1767 4605 7
1779 4568 1786 4602 :
1819 4549 1889 4602 [lires
1920 4545 2033 4619 (inquit)

336 4632 431 4700 opinio
450 4639 490 4684 est
508 4632 641 4703 Philippi
660 4641 685 4686 et
704 4634 805 4701 Lossii,
823 4633 873 4701 qui
887 4641 1007 4702 quatuor
1024 4641 1172 4687 numerant
1197 4636 1360 4690 contrariae
1387 4638 1423 4690 de
1445 4638 1655 4701 confirmatione
1678 4644 1744 4690 suut
1765 4635 1923 4689 sententiae.
1959 4635 2035 4688 Nam

333 4726 526 4786 sumomonte,
551 4719 733 4789 baptismum,
759 4736 887 4787 coenam,
910 4720 1115 4788 poenitentiam
1145 4728 1171 4772 et
1198 4724 1313 4777 Alensis
1344 4730 1370 4776 et
1393 4725 1595 4776 Bonaoertura
1619 4724 1733 4791 docent,
1757 4728 1964 4776 sacramentum
1982 4722 2035 4774 boc

335 4804 552 4859 ordinationem.
587 4803 714 4874 Septimo
734 4806 830 4875 opinio
843 4813 883 4858 est
896 4806 1022 4874 ejusdcm
1030 4806 1171 4874 Philippi,
1197 4827 1284 4879 neque
1306 4826 1325 4861 a
1344 4809 1456 4862 cbristo
1474 4825 1563 4878 neque
1579 4809 1614 4860 ab
1631 4809 1770 4877 apostolis
1791 4808 1960 4870 institutum,
1984 4805 2040 4861 ted

335 4891 385 4959 qui
403 4890 434 4943 in
453 4890 524 4943 locis
547 4891 647 4945 ultimo
673 4892 757 4945 culitis
779 4892 987 4945 matrimonium
1004 4891 1065 4944 illis
1081 4892 1171 4945 addit.
1198 4895 1233 4947 ab
1251 4896 1371 4949 ecelesia
1389 4896 1420 4947 in
1437 4893 1557 4947 concilio
1578 4894 1737 4960 Meldensi5
1764 4894 1881 4964 qnidam
1905 4901 2035 4947 asserent

334 4975 558 5045 Respondemus:
577 4993 632 5046 quo
645 4995 727 5032 sensu
739 4995 773 5032 ac
785 4984 913 5047 respectu
924 4977 954 5031 id
964 4977 1070 5031 iactum
1080 4977 1171 5042 fuerit,
1197 4990 1401 5035 aameaememum
1417 4982 1574 5034 institutum
1592 4988 1618 5034 et
1635 4982 1822 5034 ministratum
1839 4980 1876 5032 ab
1888 4979 2034 5049 apostolis.

336 5078 369 5117 er
389 5062 452 5132 ipsa
470 5062 593 5118 locorum
610 5063 783 5134 inspectione
794 5063 940 5119 manifeste
949 5069 1034 5135 patet.
1064 5065 1171 5119 Octava
1202 5067 1331 5133 Thomas,
1353 5067 1453 5121 Scotus
1472 5074 1498 5120 et
1516 5067 1572 5120 alii
1589 5069 1688 5122 dicunt
1703 5086 1722 5120 a
1742 5066 1854 5121 Christo
1872 5065 2034 5119 instituerem.

336 5150 432 5218 opinio
452 5156 492 5202 est
510 5150 644 5217 Postelli,
668 5152 718 5220 qni
740 5168 789 5204 sea
810 5151 966 5204 numeravit
983 5160 1171 5208 sacramenta.
1198 5152 1347 5206 Holcottus
1374 5154 1510 5209 referente
1538 5153 1696 5208 Cassandro
1719 5153 1737 5206 l.
1764 5151 1791 5206 d.
1810 5157 1908 5221 negat,
1935 5153 2036 5220 confir·

335 5233 560 5306 Respondemus:
590 5252 623 5289 en
644 5253 709 5291 vero
729 5254 857 5292 noanon
880 5236 1006 5308 attingit,
1031 5236 1171 5307 cumipse
1197 5239 1347 5293 orationem
1381 5256 1440 5291 esse
1473 5240 1592 5308 proprie
1628 5246 1841 5293 sacramentum
1885 5234 1985 5291 Scotns
2008 5244 2033 5293 t.

335 5321 521 5378 Bellsrminus
545 5321 644 5390 addat,
673 5323 826 5377 Poetelium
851 5323 1001 5391 catholice,
1026 5323 1056 5376 id
1081 5323 1171 5377 estin
1197 5330 1267 5379 sent.
1299 5324 1362 5379 dist.
1388 5332 1410 5377 7.
1441 5342 1488 5394 qu.
1516 5331 1536 5380 1.
1573 5324 1783 5396 Respondemus
1811 5323 1846 5375 ad
1875 5308 1897 5377 l.
1922 5321 2034 5384 fatetur,

335 5408 398 5464 fide·
409 5408 544 5476 Romana,
562 5408 672 5463 obiisse.
708 5411 794 5462 Nono
812 5410 908 5478 opinio
928 5417 968 5461 eet
987 5404 1171 5462 Interimtsta·
1198 5411 1250 5463 lroc
1272 5418 1480 5463 sacramentum
1498 5428 1554 5464 non
1575 5428 1659 5478 posse
1676 5405 1799 5479 probari
1817 5425 1849 5461 en
1869 5408 2035 5477 scripturn.

334 5513 411 5563 rum,
439 5495 488 5563 qni
511 5503 676 5562 receperunt
696 5503 801 5563 septem
827 5502 1014 5551 armamenta.
1050 5494 1171 5565 Respon-
1197 5494 1345 5550 Rationale
1370 5495 1526 5551 divinornm
1550 5495 1705 5551 officiorum
1723 5494 1842 5562 indicat,
1861 5495 2035 5562 jamdudum

336 5581 448 5637 demus:
486 5598 536 5635 nos
566 5586 740 5651 metarycum
769 5581 839 5635 illud
868 5582 1002 5651 scriptum
1028 5598 1171 5652 nunquam
1198 5583 1336 5651 quosdam
1345 5582 1449 5645 fuisse,
1467 5584 1516 5651 qni
1535 5584 1610 5635 illud
1627 5582 1853 5650 improbaverunt,
1872 5588 2036 5649 quorem

333 5666 500 5739 agnovimus
525 5665 570 5720 vel
596 5667 763 5737 recepimus,
799 5667 915 5737 proinde
943 5667 1171 5722 Interimistarum
1198 5668 1394 5721 Arnoldrstos.
1425 5668 1610 5722 Bellsrminus
1630 5665 1678 5721 lib.
1699 5673 1723 5720 t.
1744 5666 1779 5721 de
1796 5665 1947 5720 confirmat
1966 5682 1991 5721 c.
2009 5671 2032 5723 t.

336 5752 465 5807 vafricies
481 5752 591 5808 raritati
610 5753 803 5823 praejudicare
823 5753 927 5824 nequit.
1198 5772 1232 5809 cx
1251 5753 1400 5823 scripturis
1417 5760 1533 5808 conatur
1563 5752 1696 5824 probare,
1719 5753 1842 5806 chrisma
1868 5769 1928 5806 esse
1951 5760 2053 5806 mats·-

218 5817 308 5922 ffim-
369 5843 413 5895 ιι.
443 5837 586 5893 canatur
603 5838 715 5908 queem
736 5837 930 5904 nummum,
951 5855 1018 5895 sun
1038 5839 1105 5895 fiaes
1124 5838 1171 5894 no·
1197 5841 1272 5893 rum
1298 5839 1530 5906 communen,
1554 5839 1604 5893 ms
1627 5837 1743 5894 uensu
1772 5838 1802 5892 ιιι
1826 5837 1914 5893 inst.
1945 5852 2036 5892 ma·

219 5889 321 5983 ssslllsdli'
334 5923 424 5979 mines
445 5924 474 5979 in
495 5924 652 6004 septenario
675 5931 908 5981 sacramentorum
930 5941 1044 5980 numero
1071 5941 1170 5980 conve·
1198 5927 1256 5983 dot.
1274 5925 1407 5996 disputat,
1426 5925 1571 5996 apostolos
1588 5925 1619 5978 in
1638 5926 1690 5981 loc
1707 5934 1884 5981 sacramento
1901 5941 1959 5979 non
1975 5938 2035 5979 esse
