4800 6659
411 535 470 596 192
999 525 1121 585 LOCUS
1139 523 1308 582 DECIMUS
1328 523 1504 586 OCTAVUS

338 695 344 711 ⁶
409 684 546 756 siquidem
564 682 645 739 etiam
663 682 819 739 christiano
839 688 916 739 recte
932 682 987 737 diei
1005 689 1111 753 potest:
1135 682 1165 737 Si
1184 695 1241 734 cre·
1270 684 1456 755 apostolorum
1490 682 1663 738 insolentiam
1698 683 1830 747 ostendit,
1865 700 1895 739 se
1929 700 1986 739 uon
2013 684 2100 739 minus

409 770 511 826 dideris
534 769 561 823 in
586 768 725 825 Christum
752 776 780 825 et
808 769 854 840 pie
878 768 993 836 rixeris,
1019 768 1172 838 baptismus
1190 765 1242 821 tibi
1268 786 1349 840 posse
1375 769 1487 843 gloriari
1517 771 1546 824 in
1576 770 1680 825 cernaii
1712 771 1909 843 praerogativa
1936 778 1966 827 et
1991 769 2102 842 justins

409 857 538 928 proderit.
576 855 604 911 si
623 873 688 911 vero
706 873 761 911 non
782 856 931 911 credideris
940 844 977 911 ¹ac
988 856 1120 912 scelerate
1132 853 1241 917 vixeris,
1268 856 1367 929 legali,
1388 874 1471 929 quarn
1491 856 1552 928 ipsi,
1570 856 1593 911 si
1613 873 1662 913 eae
1680 874 1723 912 res
1743 857 1981 914 commendatione
2000 858 2102 930 dignae

409 942 524 1014 perinde
542 947 591 1005 est,
609 959 643 997 ac
663 943 685 996 si
705 960 761 998 non
779 960 853 998 esses
871 942 1037 1015 baptisatus.
1062 941 1097 997 D.
1111 940 1241 995 Hunnius
1269 950 1374 1014 essent3
1396 962 1425 1000 ss
1447 962 1511 1000 vcro
1528 943 1596 1000 haec
1616 944 1709 998 emnia
1725 943 1794 998 nihil
1811 943 1956 1000 aestimare
1974 950 2102 1015 respectu

410 1029 492 1083 aliam
519 1028 623 1099 profert
648 1029 716 1083 dicti
741 1030 887 1101 apostolici
919 1028 1128 1101 explicationem
1157 1026 1242 1098 priori
1268 1031 1416 1103 agnitionis
1446 1031 1547 1087 Christi
1586 1038 1615 1086 et
1645 1030 1839 1086 beneficiorum
1871 1047 1921 1101 per
1953 1029 2102 1100 Christum,

412 1115 577 1183 imsittntor.
614 1114 793 1171 Circumcisic
810 1116 920 1188 signum
941 1121 1000 1170 erat
1016 1114 1146 1183 foederis,
1167 1112 1242 1185 quod
1268 1135 1385 1190 quorum
1414 1136 1468 1174 non
1501 1119 1591 1172 minus
1621 1117 1747 1173 conversi
1778 1135 1811 1172 ex
1843 1118 1988 1189 gentibus,
2018 1134 2102 1189 quam

409 1222 472 1259 cum
490 1204 601 1259 homine
618 1203 695 1259 Deus
713 1202 809 1260 inibat.
844 1204 920 1276 Ergo
937 1220 1050 1260 necesse
1068 1208 1141 1268 erat,
1159 1209 1190 1256 ut
1209 1218 1243 1255 ea
1268 1205 1368 1261 Judaei
1391 1205 1541 1276 participes
1564 1206 1725 1262 reddantur.
1770 1203 1934 1276 Comparate
1957 1204 2047 1277 igitur
2067 1203 2102 1259 de

408 1292 461 1347 sibi
487 1291 647 1361 adjunctam
670 1288 786 1345 haberet
807 1291 960 1361 plenariam
980 1289 1195 1345 satisfactionem
1214 1294 1243 1343 et
1268 1292 1474 1348 circumcisione
1504 1292 1644 1363 spostolus
1671 1292 1801 1362 loquitur.
1852 1290 1931 1355 Quae
1957 1295 2102 1361 praeterea

408 1378 594 1447 impletionem
620 1376 704 1431 totius
730 1377 840 1431 divinae
865 1377 943 1449 legis.
986 1377 1069 1432 Ratio
1096 1381 1149 1445 est,
1175 1373 1242 1445 quia
1268 1379 1381 1434 adducit
1404 1378 1602 1448 Bellarminus,
1631 1396 1664 1434 ex
1688 1377 1918 1450 praecedentibus
1936 1376 2058 1449 intelligi
2076 1382 2102 1433 et

409 1466 486 1520 Deus
506 1482 568 1519 cum
586 1462 696 1517 nemine
718 1462 769 1517 init
781 1462 880 1518 foedus
891 1463 1006 1535 gratiae,
1024 1462 1078 1520 nisi
1091 1462 1241 1517 incommu-
1267 1465 1398 1537 explicari
1416 1470 1538 1537 possunt,

409 1552 489 1607 tabili
508 1559 535 1607 et
554 1555 682 1606 aeternae
701 1567 767 1605 suae
781 1549 1001 1621 justitiacplene
1015 1544 1140 1606 satisfiat.
1167 1548 1241 1613 Quo·
1303 1560 1342 1609 76,
1379 1552 1446 1624 cap.
1469 1559 1508 1609 15.
1531 1551 1660 1623 producit
1684 1549 1869 1604 Bellarminus
1888 1548 1965 1603 dicta
1982 1552 2141 1646 patrumffl·

408 1640 483 1693 niam
497 1655 563 1693 vero
574 1637 716 1693 Abrabam
735 1637 826 1693 etalii
846 1636 943 1693 fideles
957 1654 1012 1692 non
1031 1642 1161 1707 poterant
1179 1651 1240 1706 per·
1266 1642 1489 1713 Respondemus:
1519 1646 1540 1696 1.
1560 1640 1686 1695 Collocat
1711 1638 1739 1693 in
1763 1637 1852 1709 prima
1877 1637 1936 1693 acie
1955 1635 2100 1692 Philonem

359 1754 362 1760 ι
408 1725 508 1780 tectam
527 1724 604 1779 illam
622 1724 809 1794 impletionem
830 1723 941 1794 ipsimet
954 1729 1103 1795 praestare,
1120 1721 1241 1794 require·
1269 1734 1297 1783 et
1313 1728 1474 1800 Josephum,
1493 1728 1541 1801 qni
1560 1745 1614 1782 non
1633 1726 1739 1781 faciant
1755 1724 1921 1780 mentionem
1933 1722 2100 1794 hujnsfinis,

408 1812 499 1880 batur,
518 1818 550 1866 ut
567 1811 623 1866 fide
640 1810 880 1882 apprehenderent
897 1810 1023 1877 alienam,
1044 1810 1096 1865 hoc
1115 1816 1241 1872 cetram,
1267 1817 1342 1888 quod
1365 1814 1537 1872 circumcisio
1560 1813 1687 1868 instituta
1711 1812 1797 1867 fuerit
1819 1812 1849 1866 in
1867 1810 2021 1867 remedium
2041 1827 2101 1883 pec·

409 1916 492 1970 quam
516 1897 642 1953 Chritiufl
675 1898 732 1970 legi
761 1899 945 1970 prssessfitum
976 1906 1048 1963 emt»
1073 1904 1157 1970 atque
1188 1897 1241 1951 hac
1268 1903 1332 1957 cati.
1368 1902 1407 1955 At
1425 1902 1486 1973 quis
1507 1918 1523 1955 a
1543 1900 1658 1955 Philone
1682 1906 1710 1955 et
1727 1898 1844 1954 Judseis
1867 1896 2042 1969 exspectabit
2058 1914 2106 1952 ve·

408 1987 515 2042 ratione
533 1985 702 2042 reddebatur
722 1986 762 2040 eis
779 1986 951 2041 circumcisio
970 1982 1113 2049 salutaris,
1138 1984 1242 2055 quippe
1267 2006 1328 2043 rum
1347 1988 1490 2044 institutae
1507 1986 1722 2042 circumcisionis
1739 1985 1843 2041 finem?
1869 1983 2028 2039 Audiamus
2040 1983 2100 2038 Phi·

411 2073 570 2143 adjunctam
590 2071 695 2127 habens
714 2072 900 2127 obedientiam
919 2073 989 2145 legis
1007 2070 1243 2143 perfectissimam,
1268 2076 1359 2131 lenem
1379 2079 1408 2131 et
1429 2074 1589 2146 apparebit,
1615 2089 1698 2144 quam
1716 2070 1817 2143 frigide
1835 2070 1888 2125 hac
1906 2070 1941 2126 de
1960 2086 1989 2125 re
2008 2069 2099 2142 dispa-

409 2160 475 2215 licet
493 2160 614 2230 ipsorum
631 2166 759 2229 respectu
776 2159 894 2213 alienam
912 2176 962 2230 per
981 2158 1065 2215 fidem
1082 2165 1175 2213 tamen
1192 2157 1241 2212 im·
1268 2167 1316 2218 tet.
1352 2161 1398 2218 Sic
1424 2168 1516 2217 antem
1538 2159 1633 2215 scribit
1659 2158 1720 2214 libr.
1744 2158 1780 2213 de
1804 2156 1957 2214 circumcis.
1982 2174 2012 2227 p.
2039 2162 2099 2213 514:

408 2250 534 2317 putatum
565 2252 593 2302 et
619 2246 760 2317 propriam
777 2245 931 2301 redditam.
977 2246 1078 2317 ltaque
1097 2247 1157 2316 J'am
1182 2250 1242 2300 erat
1269 2249 1377 2304 Causae
1396 2249 1616 2304 circumcisionis
1634 2256 1698 2301 sunt
1713 2246 1823 2316 prime,
1842 2253 1871 2299 ut
1891 2252 2027 2299 cccmus
2041 2262 2097 2298 ecr-

409 2332 580 2388 circumcisio
603 2332 643 2386 sic
666 2348 683 2385 a
705 2332 769 2403 lege
786 2331 822 2385 ad
841 2332 1051 2403 premissionem
1070 2333 1178 2404 gratiae
1197 2346 1240 2384 re·
1269 2337 1415 2401 tuncuius,
1439 2337 1489 2407 qui
1510 2335 1630 2400 sardius
1647 2333 1839 2404 praeputiatis
1856 2332 2032 2403 innascitur;
2056 2333 2098 2384 de·

409 2420 505 2487 dacta,
530 2425 563 2473 ut
586 2420 748 2473 Abrahamo
775 2427 846 2473 esset
871 2419 997 2488 sipittum
1020 2410 1148 2488 iustitiae
1157 2419 1242 2488 fidei,
1267 2426 1334 2480 inde
1350 2434 1380 2479 ut
1399 2433 1486 2479 totum
1504 2440 1606 2494 corpus
1628 2421 1732 2491 purius
1751 2420 1802 2490 sit,
1825 2436 1859 2472 ne
1881 2420 1953 2490 quid
1974 2419 2098 2473 sordium

408 2507 487 2562 Rom.
507 2512 537 2574 4,
557 2522 582 2562 v.
605 2512 643 2561 11.
686 2512 711 2560 2.
730 2505 812 2560 Idem
838 2506 995 2575 apostolus,
1019 2507 1068 2558 ubi
1091 2511 1112 2559 1.
1131 2503 1194 2560 Cor.
1218 2511 1239 2559 7.
1267 2514 1308 2566 iti
1325 2513 1456 2578 haereat;
1482 2511 1577 2580 tertio,
1600 2511 1677 2579 qued
1694 2510 1763 2562 hoec
1778 2508 1922 2579 particula
1940 2506 2024 2560 dubet
2042 2517 2138 2559 cor-vu

408 2596 493 2664 dicit,
516 2593 754 2647 circumcisionem
771 2592 844 2646 nihil
862 2608 935 2656 esse,
961 2592 1085 2661 loquitur
1100 2610 1157 2663 pre
1175 2601 1241 2646 tem·
1268 2601 1314 2653 dis
1333 2600 1552 2667 similitudinem,
1570 2599 1668 2651 ambas
1686 2597 1760 2650 enim
1776 2593 1954 2663 penerutioni
1970 2593 2095 2656 seruiunt,

401 2698 489 2750 pore,
514 2698 567 2750 quo
593 2680 719 2748 eipebct;
746 2697 812 2732 nam
830 2680 922 2748 paule
944 2686 1009 2734 ante
1029 2680 1156 2734 dixerut:
1179 2682 1241 2736 Uir·
1266 2689 1301 2739 cb
1329 2687 1422 2740 altera
1451 2686 1568 2755 spiritus
1593 2683 1742 2748 animales,
1772 2682 1808 2736 ab
1835 2683 1928 2735 alteru
1954 2681 2095 2751 pens‘turue

386 2767 543 2823 .cumcisus
559 2773 673 2820 rosetus
691 2768 754 2819 est!
767 2784 823 2819 non
843 2767 968 2820 adducat
981 2768 1170 2837 praeputium.
1202 2769 1239 2822 Iu
1262 2774 1502 2844 proficiscuntur,·
1523 2779 1625 2842 quarto
1644 2777 1764 2840 propter
1783 2769 2001 2836 fecunditatem,
2024 2776 2095 2821 reete

404 2854 557 2924 praeputio
582 2860 696 2905 uocatus
721 2855 784 2906 est!
806 2870 862 2906 non
880 2853 1107 2908 circumcidetur.
1143 2857 1182 2909 Et
1201 2864 1240 2910 est
1266 2862 1338 2917 enim
1358 2878 1449 2915 semen
1467 2860 1634 2929 eiaculatur.
1671 2857 1764 2928 Atque
1784 2856 1853 2909 haec
1872 2872 1905 2910 ex
1922 2853 2054 2926 patribus
2070 2871 2095 2909 se

407 2957 519 3010 reem,
541 2940 660 3009 perinde
683 2955 754 3008 ⁶⁸⁸4,
777 2946 870 2993 “irum
895 2941 958 3009 Ψιὶδ
982 2957 1014 2994 ⁶4
1039 2941 1182 3005 iudairmo
1200 2945 1242 2996 ad
1266 2948 1406 3020 accepisse
1428 2945 1510 3002 Philo
1534 2946 1615 3014 dicit,
1646 2950 1743 3015 postea
1765 2941 1843 2998 addit
1867 2942 1903 2997 ds
1926 2958 1992 3008 suc,
2027 2940 2095 3015 qncd

402 3028 491 3098 fidem
519 3025 626 3081 Christi
650 3028 759 3093 reniet,
791 3046 828 3081 an
856 3045 888 3082 ee
913 3029 1087 3099 cenaticum
1116 3030 1240 3099 loquitur
1266 3035 1476 3091 circumcisione
1501 3033 1667 3102 sipnificcta
1683 3031 1778 3100 fuerit
1799 3031 1902 3083 excisio
1927 3029 2095 3101 uoluptatum

408 3133 473 3183 erqo
492 3116 527 3167 de
547 3114 614 3183 illis,
633 3115 684 3183 qui
699 3115 817 3179 fusrrmt
833 3115 990 3169 circumcisi
1010 3117 1116 3187 siponto
1134 3119 1193 3187 lece
1214 3127 1240 3172 et
1266 3132 1293 3177 st
1324 3123 1523 3191 arscennene,
1559 3120 1609 3189 qui
1642 3128 1705 3173 sunt
1733 3135 1832 3187 praem
1861 3118 1975 3171 animae
2003 3115 2094 3171 morbi

402 3211 505 3272 postea
519 3204 559 3255 acl
575 3202 659 3267 fidem
674 3200 783 3255 Christi
799 3212 937 3268 venerant,
958 3212 984 3257 et
1001 3205 1069 3259 silos
1086 3214 1185 3276 monet,
1205 3224 1239 3260 ne
1265 3210 1405 3281 Joscphus
1423 3225 1535 3265 causam
1552 3205 1766 3262 circumcisionis
1785 3204 1850 3259 alibi
1868 3220 1898 3259 se
1911 3203 2094 3276 expositurum

408 3289 566 3359 clericatur
588 3296 705 3359 praeter
726 3297 849 3343 caeteros
865 3290 899 3343 ob
919 3291 1154 3346 circumcisionem
1173 3293 1240 3347 olim
1266 3297 1419 3368 pollicetur.
1462 3302 1485 3351 2.
1510 3294 1627 3360 Quando
1645 3300 1751 3349 veteres
1769 3295 1887 3364 negant,
1912 3290 2094 3347 circumcisio·

408 3384 564 3445 acceptum,
590 3375 656 3444 quia
674 3374 747 3429 nihil
767 3383 813 3429 cst.
855 3376 1080 3448 Respondemus:
1103 3380 1240 3437 imovero
1266 3404 1330 3441 nem
1354 3391 1382 3440 et
1405 3384 1461 3439 alia
1484 3390 1608 3439 veterum
1631 3386 1804 3437 sacramenta
1825 3380 1862 3433 ad
1879 3378 1989 3450 peccati
2007 3376 2094 3434 remis

408 3461 661 3519 manifestissimum
691 3468 747 3527 est,
779 3463 935 3533 apostolum
959 3465 1036 3537 loqui
1064 3466 1099 3521 dc
1125 3468 1240 3522 circum·
1266 3472 1371 3529 sionem
1390 3478 1418 3527 et
1431 3470 1570 3542 justitiam
1589 3467 1724 3541 quidquid
1734 3466 1868 3536 conferre,
1886 3464 2095 3539 intelligendum

408 3549 510 3606 cisione
534 3552 662 3619 respectu
679 3547 754 3602 illius
774 3550 918 3619 temporis,
947 3568 1001 3623 quo
1020 3558 1079 3608 erat
1097 3552 1239 3626 abrogata.
1267 3561 1295 3616 id
1314 3566 1356 3615 est
1373 3559 1418 3615 rel
1435 3565 1562 3630 respectu
1579 3555 1674 3611 habito
1701 3556 1737 3610 ad
1761 3563 1869 3626 tempus
1888 3553 1924 3611 N.
1945 3553 1978 3609 T.
1998 3553 2098 3625 inque

407 3635 558 3707 Postquam
583 3634 655 3689 enim
677 3633 802 3689 Christus
824 3636 952 3709 passione
978 3644 1006 3693 et
1029 3646 1116 3695 morte
1136 3659 1188 3695 sua
1204 3643 1238 3698 V.
1266 3652 1440 3703 sacramenta
1460 3651 1554 3700 vetera
1580 3649 1646 3698 sunt
1669 3644 1811 3715 antiquata
1835 3648 1863 3697 ct
1881 3641 2033 3713 abrogats;
2055 3638 2095 3695 sel

407 3721 440 3779 T.
457 3721 540 3777 finem
558 3720 688 3792 imposuit
705 3727 733 3776 et
747 3720 983 3779 circumcisionem
998 3725 1152 3797 abrogavit,
1169 3729 1240 3784 nibil
1265 3740 1393 3806 respectu
1424 3732 1514 3803 operis
1548 3730 1671 3802 operati,
1705 3731 1780 3803 quod
1805 3729 1864 3785 sine
1892 3745 1959 3784 vera
1986 3727 2043 3784 fide
2069 3727 2096 3782 in

406 3816 448 3863 est
467 3808 656 3877 circumcisio,
681 3807 710 3861 id
730 3814 773 3864 est
791 3824 846 3864 non
862 3818 1005 3881 promovet
1025 3813 1143 3884 amplius
1164 3816 1239 3887 quic·
1266 3820 1407 3877 Christum
1418 3836 1474 3875 non
1487 3817 1655 3890 profuerint;
1672 3817 1716 3872 rel
1728 3823 1856 3891 respectu
1868 3815 1964 3872 habito
1976 3814 2014 3871 ad
2026 3812 2096 3873 NT.

406 3909 490 3968 quam
527 3894 555 3947 in
589 3894 672 3949 rebus
709 3894 745 3949 ad
784 3895 901 3951 salutem
942 3898 1163 3972 pertinentibus,
1205 3921 1239 3958 ac
1265 3913 1451 3976 sacramenta,
1481 3922 1551 3978 quae
1580 3910 1645 3960 sunt
1673 3904 1776 3960 virtute
1798 3904 1904 3974 majora
1928 3909 1956 3959 et
1980 3901 2098 3960 neuim

400 3982 583 4052 praeputium
612 3980 683 4035 nihil
718 3989 773 4049 est,
812 3982 841 4037 id
872 3989 914 4039 est
945 3984 1013 4040 nibil
1042 3986 1157 4060 impedit
1186 4008 1238 4046 nec
1265 3994 1391 4063 meliora;
1417 3993 1461 4047 rel
1485 3998 1614 4063 respectu
1641 3991 1750 4046 illorum
1767 3991 1881 4058 rituum,
1908 3989 1957 4063 qui
1976 4006 2033 4046 non
2050 3987 2103 4045 bs·'

405 4068 556 4141 quidquam
581 4074 723 4140 promovet
746 4068 783 4123 ad
802 4069 920 4126 salutem
937 4078 1091 4139 aetemam;
1117 4075 1239 4148 loquitur
1264 4081 1385 4136 buerunt
1404 4096 1540 4133 annerum
1559 4077 1673 4133 verbum
1690 4076 1886 4149 promissionis.
1920 4082 1945 4134 3.
1966 4075 2098 4150 Assigna·

405 4172 471 4228 ergo
495 4155 635 4226 apostolus
662 4155 697 4210 de
721 4154 824 4209 adultis
852 4155 880 4210 in
908 4157 942 4213 N.
966 4158 1000 4214 T.
1024 4161 1071 4232 qui
1093 4164 1154 4232 jam
1170 4180 1238 4219 rere
1264 4169 1303 4223 tio
1329 4166 1392 4221 finis
1417 4165 1499 4220 unius
1527 4184 1582 4221 non
1605 4164 1727 4221 excludit
1749 4165 1873 4222 alterum.
1919 4163 2099 4221 circumcisio

405 4241 459 4297 fide
497 4242 526 4296 in
560 4240 699 4296 Christum
734 4241 880 4312 justificati
916 4251 994 4315 sunt,
1030 4247 1084 4302 illis
1122 4250 1237 4306 circum·
1265 4253 1439 4310 discernebat
1464 4253 1606 4309 lsraillitss
1632 4271 1649 4308 a
1674 4254 1817 4328 gentibus,
1849 4259 1908 4309 erat
1937 4250 2030 4325 figura
2051 4252 2100 4309 ba·

405 4327 535 4382 cisionem
566 4334 595 4382 et
624 4329 801 4398 praeputium
830 4329 899 4385 nihil
927 4349 987 4388 esse
1014 4332 1110 4402 docet,
1138 4335 1167 4390 id
1197 4345 1239 4393 est
1264 4342 1368 4415 ptismi,
1385 4346 1444 4397 erat
1462 4339 1613 4397 admonitio
1634 4341 1669 4396 de
1683 4340 1857 4413 corruptione
1869 4338 2007 4412 originali,
2025 4337 2101 4412 quod

405 4430 503 4485 perum
520 4414 631 4478 referre,
651 4414 709 4470 sive
730 4416 795 4470 olim
813 4416 967 4472 circumcisi
985 4419 1096 4489 fuerint,
1114 4421 1171 4477 sive
1188 4424 1237 4477 mi·
1265 4446 1299 4484 ex
1323 4430 1384 4500 ipsa
1410 4428 1515 4499 origine
1540 4426 1726 4500 generationis
1752 4428 1879 4482 vitiatum
1898 4426 1949 4496 sit,
1974 4427 2051 4501 qnod
2069 4443 2102 4483 er

405 4514 473 4569 nus,
501 4516 552 4554 nec
579 4500 680 4555 debere
707 4508 770 4571 post
794 4510 934 4574 receptam
952 4503 1053 4559 Christi
1071 4506 1169 4580 fidem,
1194 4511 1238 4566 vcl
1265 4533 1348 4571 carne
1375 4514 1513 4584 naseitur3
1543 4520 1603 4568 erat
1629 4514 1854 4570 commonefactio
1883 4513 1917 4569 de
1940 4511 2047 4569 Messia
2070 4531 2104 4570 ex

405 4586 639 4643 circumcisionem
661 4588 800 4660 suscipere
827 4591 871 4645 rel
895 4592 1071 4663 praeputium
1091 4594 1235 4653 adducere.
1265 4604 1369 4658 semine
1388 4601 1517 4656 Abrahae
1536 4600 1677 4656 nascituro
1695 4608 1746 4657 etc.
1771 4601 1879 4657 interim
1904 4606 2000 4656 tamen
2018 4600 2105 4657 etiam

405 4678 432 4728 3.
452 4674 561 4729 Paulus
585 4675 655 4728 dicit
687 4673 753 4729 Gai.
779 4682 803 4734 4.
833 4678 965 4747 antiquos
986 4688 1086 4749 patres
1109 4684 1159 4736 suh
1183 4686 1237 4739 ele·
1265 4696 1324 4746 erat
1341 4689 1479 4757 medium,
1495 4705 1545 4758 per
1565 4689 1640 4760 quod
1657 4688 1778 4745 infantes
1795 4685 1943 4744 Israiilitici
1959 4687 2103 4745 inicedns

405 4762 504 4816 neentis
523 4760 607 4830 bssjus
624 4762 724 4814 mundi
740 4764 896 4820 servientes.
925 4764 1146 4837 Respondemus:
1164 4788 1237 4827 cere·
1265 4776 1371 4848 gratiae
1389 4773 1606 4846 recipiebantur,
1632 4792 1664 4830 ac
1683 4774 1858 4844 sipnecuium
1869 4776 2002 4847 justitiae
2021 4775 2103 4846 fidei,

405 4846 513 4903 moniac
525 4846 661 4902 mosaicae
680 4846 709 4901 in
721 4848 755 4905 N.
767 4848 800 4903 T.
814 4867 876 4905 rere
896 4859 961 4907 sunt
979 4853 1087 4909 infirma
1108 4862 1136 4912 et
1148 4874 1238 4931 egena
1264 4870 1296 4920 ut
1313 4882 1346 4919 ex
1364 4860 1541 4916 institutionis
1560 4862 1625 4917 sede
1642 4868 1670 4917 et
1688 4862 1766 4918 Rom.
1787 4868 1816 4932 4,
1839 4876 1865 4919 r.
1888 4869 1926 4919 ll.
1952 4861 2104 4919 manifeste

406 4934 551 4999 elementa,
570 4939 716 5006 postquem
736 4936 898 4993 adveniente
919 4942 1237 5011 corporeumbraeillse
1263 4956 1386 5023 apparet.
1423 4957 1447 5004 4.
1473 4948 1648 5019 Augustinus
1678 4948 1706 5002 in
1733 4948 1834 5004 Psalm.
1861 4954 1902 5005 73.
1925 4958 2104 5007 sacramenta

407 5028 563 5089 cessarunt,
590 5021 640 5076 sed
665 5022 694 5076 in
721 5022 756 5079 V.
781 5023 815 5082 T.
841 5025 954 5080 fuerunt
979 5028 1040 5099 typi
1066 5027 1184 5086 Messiae
1210 5041 1237 5088 et
1264 5035 1298 5091 V.
1319 5035 1353 5092 T.
1382 5035 1450 5089 dicit
1469 5036 1637 5104 promisisse
1659 5037 1843 5107 saluatorem,
1871 5035 1919 5091 sed
1943 5033 1978 5093 N.
2000 5034 2037 5093 T.
2060 5054 2103 5093 sa·

408 5110 524 5183 proinde
542 5108 673 5164 exercitia
689 5108 762 5165 fidei.
798 5115 823 5167 4.
841 5113 967 5184 Philipp.
985 5118 1011 5171 3.
1032 5116 1116 5187 dicit,
1134 5136 1163 5172 se
1181 5138 1237 5173 non
1263 5129 1405 5178 eramenta
1428 5125 1499 5176 dere
1523 5124 1660 5191 salutcm;
1688 5122 1736 5178 illa
1762 5129 1844 5179 vocat
1866 5124 2104 5193 praenuntiatius

406 5196 507 5251 irater-e
518 5196 657 5267 fiduciam
675 5197 705 5249 in
724 5213 818 5266 carne,
839 5200 873 5252 id
890 5208 930 5254 est
949 5220 1004 5256 non
1022 5204 1118 5271 crepui
1130 5206 1237 5277 fecere,
1265 5210 1373 5264 Christi
1399 5210 1520 5278 venturi,
1546 5208 1615 5264 haec
1633 5226 1697 5266 vero
1718 5210 1913 5265 annusttietisa
1931 5207 2044 5266 Chresti
2059 5230 2105 5268 es·

406 5286 482 5355 quod
505 5284 683 5337 circumcisus
710 5283 746 5336 sit
773 5291 869 5338 octavo
895 5288 956 5357 die,
979 5292 1127 5344 contemnit
1149 5293 1237 5363 ipitur
1263 5297 1360 5366 trititi-
1390 5296 1439 5350 illa
1461 5303 1542 5351 vocat
1565 5298 1768 5368 promissiones
1798 5315 1891 5351 rerum
1921 5298 2103 5369 complendu-

328 5371 336 5390 “
406 5372 651 5438 circumcisionem,
669 5386 752 5441 quum
771 5382 925 5441 acceperet,
943 5393 1003 5428 cuns
1017 5377 1235 5448 adtusvicsrsr.
1263 5402 1339 5451 rum,
1367 5383 1435 5438 hacc
1462 5401 1527 5440 vero
1553 5386 1660 5439 indicia
1688 5386 1896 5455 completurum.
1938 5381 2105 5457 Responde·

404 5454 626 5527 Respondemus:
648 5456 897 5527 pseudo-apostoli
917 5461 1097 5534 jactitabant,
1122 5483 1152 5521 se
1177 5484 1236 5523 esse
1264 5488 1337 5524 mus:
1365 5468 1592 5541 distinguendum
1622 5477 1665 5526 est
1692 5473 1762 5527 inter
1781 5457 2011 5539 incarnationem,
2039 5492 2104 5548 pas

405 5538 545 5599 hmini&
574 5550 602 5599 ei
625 5543 814 5612 θῖῐθῦῐῦθῑὸθθ,
838 5543 901 5599 ideo
922 5545 1106 5615 Christianos,
1136 5552 1183 5624 qui
1202 5571 1235 5609 ex
1249 5556 1366 5651 'sionem
1397 5563 1512 5611 mortem
1543 5557 1660 5628 Christi,
1692 5558 1817 5631 adeoque
1848 5563 1936 5614 totum
1968 5578 2042 5633 opus
2061 5578 2103 5618 re-
2127 5615 2131 5634 1

406 5627 535 5700 gentibus
562 5630 598 5685 ed
620 5628 760 5685 Christum
786 5632 910 5685 conversi
938 5641 1031 5701 eraut,
1060 5638 1116 5694 alto
1142 5643 1408 5760 super-pdemtionis
1433 5662 1450 5699 a
1476 5643 1586 5701 Christo
1611 5653 1771 5718 peractum
1799 5653 1826 5703 et
1852 5646 1923 5702 inter
1950 5646 2104 5705 salutarem

406 5714 469 5769 cilio
495 5716 708 5773 contemnebant
735 5725 764 5774 et
791 5722 905 5773 externa
932 5718 1003 5792 legis
1028 5724 1138 5794 justitia
1164 5726 1235 5784 inso-
1249 5729 1382 5828 yfructum
1401 5730 1612 5804 incarnationis,
1633 5733 1772 5804 passionis
1790 5740 1818 5788 et
1835 5733 1945 5799 mortis,
1974 5734 2106 5810 adeoque

406 5800 561 5872 lescebant3
583 5803 724 5874 apostolus
744 5805 829 5878 igitur
845 5805 881 5859 sd
898 5806 1098 5866 retundendam
1116 5815 1234 5885 pseudo·
1262 5815 1347 5871 totius
1384 5817 1474 5886 operis
1514 5820 1692 5877 redemtionis
1735 5839 1752 5875 a
1790 5819 1901 5877 Christe
1940 5823 2104 5893 praestum.
