<?xml version="1.0" encoding="UTF-8"?>
<!DOCTYPE html PUBLIC "-//W3C//DTD XHTML 1.0 Transitional//EN"
    "http://www.w3.org/TR/xhtml1/DTD/xhtml1-transitional.dtd">
<html xmlns="http://www.w3.org/1999/xhtml" xml:lang="en" lang="en">
 <head>
  <title>
</title>
<meta http-equiv="Content-Type" content="text/html;charset=utf-8" />
  <meta name='ocr-system' content='tesseract 3.04.00' />
  <meta name='ocr-capabilities' content='ocr_page ocr_carea ocr_par ocr_line ocrx_word'/>
</head>
<body>
  <div class='ocr_page' id='page_1' title='image "./locitheologicit02gerhgoog/locitheologicit02gerhgoog_0392.png"; bbox 0 0 4800 6659; ppageno 0'>
   <div class='ocr_carea' id='block_1_1' title="bbox 917 512 1974 589">
    <p class='ocr_par' dir='ltr' id='par_1_1' title="bbox 917 512 1974 589">
     <span class='ocr_line' id='line_1_1' title="bbox 917 512 1974 589; baseline -0.002 -20"><span class='ocrx_word' id='word_1_1' title='bbox 917 513 971 569; x_wconf 84' lang='lat' dir='ltr'><strong>nn</strong></span> <span class='ocrx_word' id='word_1_2' title='bbox 989 512 1112 571; x_wconf 76' lang='lat' dir='ltr'><strong>sanes</strong></span> <span class='ocrx_word' id='word_1_3' title='bbox 1128 513 1332 574; x_wconf 73' lang='grc'><strong>0101000.</strong></span> <span class='ocrx_word' id='word_1_4' title='bbox 1910 529 1974 589; x_wconf 64' lang='lat'><strong>303</strong></span> 
     </span>
    </p>
   </div>
   <div class='ocr_carea' id='block_1_2' title="bbox 267 666 2094 4969">
    <p class='ocr_par' dir='ltr' id='par_1_2' title="bbox 267 666 2094 4969">
     <span class='ocr_line' id='line_1_2' title="bbox 270 666 1978 748; baseline 0.006 -27"><span class='ocrx_word' id='word_1_5' title='bbox 270 668 385 721; x_wconf 72' lang='lat' dir='ltr'><strong>intrem</strong></span> <span class='ocrx_word' id='word_1_6' title='bbox 416 668 494 734; x_wconf 83' lang='lat' dir='ltr'><strong>qnod</strong></span> <span class='ocrx_word' id='word_1_7' title='bbox 521 669 558 719; x_wconf 81' lang='lat' dir='ltr'><strong>de</strong></span> <span class='ocrx_word' id='word_1_8' title='bbox 595 676 774 723; x_wconf 72' lang='lat' dir='ltr'><strong>commento</strong></span> <span class='ocrx_word' id='word_1_9' title='bbox 811 668 944 738; x_wconf 80' lang='lat' dir='ltr'><strong>baptismi</strong></span> <span class='ocrx_word' id='word_1_10' title='bbox 978 666 1114 736; x_wconf 69' lang='lat' dir='ltr'><strong>defuerit,</strong></span> <span class='ocrx_word' id='word_1_11' title='bbox 1140 678 1257 725; x_wconf 76' lang='lat' dir='ltr'><strong>renatas</strong></span> <span class='ocrx_word' id='word_1_12' title='bbox 1271 672 1370 739; x_wconf 83' lang='lat' dir='ltr'><strong>suerit</strong></span> <span class='ocrx_word' id='word_1_13' title='bbox 1394 687 1429 725; x_wconf 79' lang='lat' dir='ltr'><strong>sn</strong></span> <span class='ocrx_word' id='word_1_14' title='bbox 1450 690 1531 743; x_wconf 77' lang='lat' dir='ltr'><strong>equo</strong></span> <span class='ocrx_word' id='word_1_15' title='bbox 1555 682 1582 729; x_wconf 83' lang='lat' dir='ltr'><strong>et</strong></span> <span class='ocrx_word' id='word_1_16' title='bbox 1601 675 1727 746; x_wconf 70' lang='lat' dir='ltr'><strong>Spiritu,</strong></span> <span class='ocrx_word' id='word_1_17' title='bbox 1752 694 1810 731; x_wconf 79' lang='lat' dir='ltr'><strong>non</strong></span> <span class='ocrx_word' id='word_1_18' title='bbox 1824 684 1918 748; x_wconf 82' lang='lat' dir='ltr'><strong>potest</strong></span> <span class='ocrx_word' id='word_1_19' title='bbox 1936 678 1978 731; x_wconf 85' lang='lat' dir='ltr'><strong>in·</strong></span> 
     </span>
     <span class='ocr_line' id='line_1_3' title="bbox 271 752 1979 833; baseline 0.009 -29"><span class='ocrx_word' id='word_1_20' title='bbox 271 753 423 821; x_wconf 79' lang='lat' dir='ltr'><strong>complevit</strong></span> <span class='ocrx_word' id='word_1_21' title='bbox 438 752 635 821; x_wconf 79' lang='lat' dir='ltr'><strong>omnipotentia</strong></span> <span class='ocrx_word' id='word_1_22' title='bbox 649 754 959 823; x_wconf 54' lang='lat' dir='ltr'><strong>interemptricem</strong></span> <span class='ocrx_word' id='word_1_23' title='bbox 971 753 1113 825; x_wconf 79' lang='lat' dir='ltr'><strong>superbio,</strong></span> <span class='ocrx_word' id='word_1_24' title='bbox 1139 757 1228 811; x_wconf 78' lang='lat' dir='ltr'><strong>tros&#39;rs</strong></span> <span class='ocrx_word' id='word_1_25' title='bbox 1253 758 1284 811; x_wconf 82' lang='lat' dir='ltr'><strong>in</strong></span> <span class='ocrx_word' id='word_1_26' title='bbox 1307 772 1427 827; x_wconf 78' lang='lat' dir='ltr'><strong>repares</strong></span> <span class='ocrx_word' id='word_1_27' title='bbox 1446 760 1512 816; x_wconf 84' lang='lat' dir='ltr'><strong>Dei.</strong></span> <span class='ocrx_word' id='word_1_28' title='bbox 1558 760 1782 833; x_wconf 74' lang='lat' dir='ltr'><strong>Respondemus:</strong></span> <span class='ocrx_word' id='word_1_29' title='bbox 1809 767 1829 818; x_wconf 95' lang='grc'><strong>1.</strong></span> <span class='ocrx_word' id='word_1_30' title='bbox 1856 762 1934 819; x_wconf 86' lang='lat' dir='ltr'><strong>dieta</strong></span> <span class='ocrx_word' id='word_1_31' title='bbox 1950 769 1979 819; x_wconf 87' lang='lat' dir='ltr'><strong>et</strong></span> 
     </span>
     <span class='ocr_line' id='line_1_4' title="bbox 270 840 1977 916; baseline 0.008 -25"><span class='ocrx_word' id='word_1_32' title='bbox 270 857 329 891; x_wconf 82' lang='lat' dir='ltr'><strong>non</strong></span> <span class='ocrx_word' id='word_1_33' title='bbox 348 845 499 907; x_wconf 84' lang='lat' dir='ltr'><strong>contemta,</strong></span> <span class='ocrx_word' id='word_1_34' title='bbox 529 841 582 893; x_wconf 82' lang='lat' dir='ltr'><strong>scd</strong></span> <span class='ocrx_word' id='word_1_35' title='bbox 598 841 762 894; x_wconf 84' lang='lat' dir='ltr'><strong>necessitate</strong></span> <span class='ocrx_word' id='word_1_36' title='bbox 785 841 937 910; x_wconf 78' lang='lat' dir='ltr'><strong>‹lesnerat,·</strong></span> <span class='ocrx_word' id='word_1_37' title='bbox 963 842 1054 895; x_wconf 82' lang='lat' dir='ltr'><strong>sicin</strong></span> <span class='ocrx_word' id='word_1_38' title='bbox 1072 840 1114 895; x_wconf 76' lang='grc'><strong>10-</strong></span> <span class='ocrx_word' id='word_1_39' title='bbox 1140 843 1268 914; x_wconf 85' lang='lat' dir='ltr'><strong>exempla</strong></span> <span class='ocrx_word' id='word_1_40' title='bbox 1290 843 1449 914; x_wconf 82' lang='lat' dir='ltr'><strong>Scripturas</strong></span> <span class='ocrx_word' id='word_1_41' title='bbox 1479 862 1531 916; x_wconf 90' lang='lat' dir='ltr'><strong>pro</strong></span> <span class='ocrx_word' id='word_1_42' title='bbox 1553 847 1761 903; x_wconf 85' lang='lat' dir='ltr'><strong>confirmatione</strong></span> <span class='ocrx_word' id='word_1_43' title='bbox 1784 854 1895 904; x_wconf 74' lang='lat' dir='ltr'><strong>nocuae</strong></span> <span class='ocrx_word' id='word_1_44' title='bbox 1916 866 1977 904; x_wconf 89' lang='lat' dir='ltr'><strong>sen·</strong></span> 
     </span>
     <span class='ocr_line' id='line_1_5' title="bbox 269 926 1977 999; baseline 0.006 -21"><span class='ocrx_word' id='word_1_45' title='bbox 269 926 413 992; x_wconf 71' lang='lat' dir='ltr'><strong>soricibus,</strong></span> <span class='ocrx_word' id='word_1_46' title='bbox 444 927 495 995; x_wconf 77' lang='lat' dir='ltr'><strong>qna·</strong></span> <span class='ocrx_word' id='word_1_47' title='bbox 522 927 660 996; x_wconf 61' lang='lat' dir='ltr'><strong>baptisati</strong></span> <span class='ocrx_word' id='word_1_48' title='bbox 682 926 854 991; x_wconf 71' lang='lat' dir='ltr'><strong>moriamur,</strong></span> <span class='ocrx_word' id='word_1_49' title='bbox 887 928 986 980; x_wconf 84' lang='lat' dir='ltr'><strong>eedsm</strong></span> <span class='ocrx_word' id='word_1_50' title='bbox 1017 928 1114 997; x_wconf 78' lang='lat' dir='ltr'><strong>pratia</strong></span> <span class='ocrx_word' id='word_1_51' title='bbox 1139 929 1245 985; x_wconf 79' lang='lat' dir='ltr'><strong>tentiae</strong></span> <span class='ocrx_word' id='word_1_52' title='bbox 1262 929 1385 986; x_wconf 83' lang='lat' dir='ltr'><strong>adducta</strong></span> <span class='ocrx_word' id='word_1_53' title='bbox 1404 932 1548 987; x_wconf 81' lang='lat' dir='ltr'><strong>evidenter</strong></span> <span class='ocrx_word' id='word_1_54' title='bbox 1566 933 1722 999; x_wconf 75' lang='lat' dir='ltr'><strong>ostendunt,</strong></span> <span class='ocrx_word' id='word_1_55' title='bbox 1743 934 1977 990; x_wconf 73' lang='grc' dir='ltr'><strong>11000οο010100-</strong></span> 
     </span>
     <span class='ocr_line' id='line_1_6' title="bbox 272 1012 1979 1091; baseline 0.006 -25"><span class='ocrx_word' id='word_1_56' title='bbox 272 1013 472 1082; x_wconf 77' lang='lat' dir='ltr'><strong>omnr‘potentis</strong></span> <span class='ocrx_word' id='word_1_57' title='bbox 484 1012 596 1082; x_wconf 74' lang='lat' dir='ltr'><strong>explere</strong></span> <span class='ocrx_word' id='word_1_58' title='bbox 616 1014 760 1067; x_wconf 71' lang='grc' dir='ltr'><strong>00000ιά0</strong></span> <span class='ocrx_word' id='word_1_59' title='bbox 777 1020 825 1081; x_wconf 83' lang='lat' dir='ltr'><strong>est,</strong></span> <span class='ocrx_word' id='word_1_60' title='bbox 844 1014 923 1082; x_wconf 79' lang='lat' dir='ltr'><strong>quod</strong></span> <span class='ocrx_word' id='word_1_61' title='bbox 938 1030 995 1067; x_wconf 82' lang='lat' dir='ltr'><strong>oon</strong></span> <span class='ocrx_word' id='word_1_62' title='bbox 1013 1030 1045 1067; x_wconf 80' lang='lat' dir='ltr'><strong>ee</strong></span> <span class='ocrx_word' id='word_1_63' title='bbox 1063 1014 1113 1067; x_wconf 80' lang='lat' dir='ltr'><strong>im·</strong></span> <span class='ocrx_word' id='word_1_64' title='bbox 1139 1016 1242 1071; x_wconf 91' lang='lat' dir='ltr'><strong>tionem</strong></span> <span class='ocrx_word' id='word_1_65' title='bbox 1259 1014 1375 1087; x_wconf 87' lang='lat' dir='ltr'><strong>Christi,</strong></span> <span class='ocrx_word' id='word_1_66' title='bbox 1402 1017 1445 1072; x_wconf 92' lang='lat' dir='ltr'><strong>uti</strong></span> <span class='ocrx_word' id='word_1_67' title='bbox 1463 1022 1493 1073; x_wconf 91' lang='lat' dir='ltr'><strong>et</strong></span> <span class='ocrx_word' id='word_1_68' title='bbox 1513 1035 1589 1088; x_wconf 90' lang='lat' dir='ltr'><strong>eam,</strong></span> <span class='ocrx_word' id='word_1_69' title='bbox 1612 1035 1685 1091; x_wconf 87' lang='lat' dir='ltr'><strong>quae</strong></span> <span class='ocrx_word' id='word_1_70' title='bbox 1706 1019 1741 1076; x_wconf 94' lang='lat' dir='ltr'><strong>de</strong></span> <span class='ocrx_word' id='word_1_71' title='bbox 1769 1019 1979 1076; x_wconf 77' lang='lat' dir='ltr'><strong>circumcisione</strong></span> 
     </span>
     <span class='ocr_line' id='line_1_7' title="bbox 267 1098 1978 1176; baseline 0.004 -23"><span class='ocrx_word' id='word_1_72' title='bbox 267 1102 324 1170; x_wconf 83' lang='lat' dir='ltr'><strong>pia</strong></span> <span class='ocrx_word' id='word_1_73' title='bbox 340 1099 498 1162; x_wconf 70' lang='lat' dir='ltr'><strong>satanicae,</strong></span> <span class='ocrx_word' id='word_1_74' title='bbox 517 1100 569 1151; x_wconf 83' lang='lat' dir='ltr'><strong>sed</strong></span> <span class='ocrx_word' id='word_1_75' title='bbox 586 1114 619 1152; x_wconf 82' lang='lat' dir='ltr'><strong>ec</strong></span> <span class='ocrx_word' id='word_1_76' title='bbox 640 1099 742 1152; x_wconf 82' lang='grc'><strong>0010110</strong></span> <span class='ocrx_word' id='word_1_77' title='bbox 761 1098 933 1168; x_wconf 66' lang='lat' dir='ltr'><strong>insipentia,</strong></span> <span class='ocrx_word' id='word_1_78' title='bbox 958 1115 1009 1153; x_wconf 88' lang='lat' dir='ltr'><strong>nee</strong></span> <span class='ocrx_word' id='word_1_79' title='bbox 1025 1102 1111 1154; x_wconf 84' lang='lat' dir='ltr'><strong>eorde</strong></span> <span class='ocrx_word' id='word_1_80' title='bbox 1140 1107 1230 1156; x_wconf 83' lang='lat' dir='ltr'><strong>exstat</strong></span> <span class='ocrx_word' id='word_1_81' title='bbox 1246 1101 1350 1159; x_wconf 82' lang='lat' dir='ltr'><strong>Genes.</strong></span> <span class='ocrx_word' id='word_1_82' title='bbox 1371 1107 1419 1172; x_wconf 80' lang='grc'><strong>11,</strong></span> <span class='ocrx_word' id='word_1_83' title='bbox 1441 1122 1467 1158; x_wconf 82' lang='lat' dir='ltr'><strong>v.</strong></span> <span class='ocrx_word' id='word_1_84' title='bbox 1497 1108 1536 1160; x_wconf 87' lang='grc'><strong>11.</strong></span> <span class='ocrx_word' id='word_1_85' title='bbox 1559 1121 1616 1159; x_wconf 85' lang='grc'><strong>000</strong></span> <span class='ocrx_word' id='word_1_86' title='bbox 1639 1105 1676 1161; x_wconf 88' lang='lat' dir='ltr'><strong>ad</strong></span> <span class='ocrx_word' id='word_1_87' title='bbox 1693 1122 1789 1160; x_wconf 87' lang='lat' dir='ltr'><strong>casum</strong></span> <span class='ocrx_word' id='word_1_88' title='bbox 1805 1105 1978 1176; x_wconf 77' lang='lat' dir='ltr'><strong>privationis,</strong></span> 
     </span>
     <span class='ocr_line' id='line_1_8' title="bbox 271 1182 1977 1263; baseline 0.004 -24"><span class='ocrx_word' id='word_1_89' title='bbox 271 1188 391 1239; x_wconf 62' lang='lat' dir='ltr'><strong>erectae</strong></span> <span class='ocrx_word' id='word_1_90' title='bbox 415 1186 458 1237; x_wconf 78' lang='lat' dir='ltr'><strong>art</strong></span> <span class='ocrx_word' id='word_1_91' title='bbox 473 1182 629 1252; x_wconf 82' lang='lat' dir='ltr'><strong>justitiam,</strong></span> <span class='ocrx_word' id='word_1_92' title='bbox 653 1200 704 1237; x_wconf 84' lang='lat' dir='ltr'><strong>nce</strong></span> <span class='ocrx_word' id='word_1_93' title='bbox 721 1200 770 1239; x_wconf 87' lang='lat' dir='ltr'><strong>ore</strong></span> <span class='ocrx_word' id='word_1_94' title='bbox 789 1185 917 1251; x_wconf 70' lang='lat' dir='ltr'><strong>confieri</strong></span> <span class='ocrx_word' id='word_1_95' title='bbox 929 1191 1049 1255; x_wconf 82' lang='lat' dir='ltr'><strong>possent</strong></span> <span class='ocrx_word' id='word_1_96' title='bbox 1073 1188 1115 1240; x_wconf 83' lang='lat' dir='ltr'><strong>ad</strong></span> <span class='ocrx_word' id='word_1_97' title='bbox 1140 1186 1191 1240; x_wconf 88' lang='lat' dir='ltr'><strong>sed</strong></span> <span class='ocrx_word' id='word_1_98' title='bbox 1212 1188 1249 1242; x_wconf 87' lang='lat' dir='ltr'><strong>ad</strong></span> <span class='ocrx_word' id='word_1_99' title='bbox 1266 1193 1437 1244; x_wconf 84' lang='lat' dir='ltr'><strong>contemtum</strong></span> <span class='ocrx_word' id='word_1_100' title='bbox 1454 1190 1621 1245; x_wconf 74' lang='lat' dir='ltr'><strong>sacramenti</strong></span> <span class='ocrx_word' id='word_1_101' title='bbox 1639 1190 1785 1263; x_wconf 90' lang='lat' dir='ltr'><strong>pertinere.</strong></span> <span class='ocrx_word' id='word_1_102' title='bbox 1827 1196 1851 1246; x_wconf 82' lang='lat'><strong>2.</strong></span> <span class='ocrx_word' id='word_1_103' title='bbox 1868 1191 1977 1246; x_wconf 88' lang='lat' dir='ltr'><strong>Deseri-</strong></span> 
     </span>
     <span class='ocr_line' id='line_1_9' title="bbox 271 1269 1978 1348; baseline 0.004 -24"><span class='ocrx_word' id='word_1_104' title='bbox 271 1272 402 1326; x_wconf 81' lang='lat' dir='ltr'><strong>saiutem.</strong></span> <span class='ocrx_word' id='word_1_105' title='bbox 444 1269 561 1338; x_wconf 86' lang='lat' dir='ltr'><strong>(Eadem</strong></span> <span class='ocrx_word' id='word_1_106' title='bbox 583 1269 654 1325; x_wconf 89' lang='lat' dir='ltr'><strong>ratio</strong></span> <span class='ocrx_word' id='word_1_107' title='bbox 677 1269 804 1340; x_wconf 86' lang='lat' dir='ltr'><strong>procedit</strong></span> <span class='ocrx_word' id='word_1_108' title='bbox 824 1270 853 1325; x_wconf 91' lang='lat' dir='ltr'><strong>in</strong></span> <span class='ocrx_word' id='word_1_109' title='bbox 871 1269 1024 1325; x_wconf 85' lang='lat' dir='ltr'><strong>infantibus</strong></span> <span class='ocrx_word' id='word_1_110' title='bbox 1047 1272 1113 1323; x_wconf 88' lang='lat' dir='ltr'><strong>ente</strong></span> <span class='ocrx_word' id='word_1_111' title='bbox 1140 1272 1217 1328; x_wconf 88' lang='lat' dir='ltr'><strong>bitur</strong></span> <span class='ocrx_word' id='word_1_112' title='bbox 1234 1274 1321 1345; x_wconf 81' lang='lat' dir='ltr'><strong>igitur</strong></span> <span class='ocrx_word' id='word_1_113' title='bbox 1338 1275 1367 1330; x_wconf 93' lang='lat' dir='ltr'><strong>in</strong></span> <span class='ocrx_word' id='word_1_114' title='bbox 1387 1275 1461 1330; x_wconf 87' lang='lat' dir='ltr'><strong>dieto</strong></span> <span class='ocrx_word' id='word_1_115' title='bbox 1482 1275 1586 1330; x_wconf 86' lang='lat' dir='ltr'><strong>Christi</strong></span> <span class='ocrx_word' id='word_1_116' title='bbox 1604 1276 1743 1347; x_wconf 71' lang='lat' dir='ltr'><strong>gsnerdis</strong></span> <span class='ocrx_word' id='word_1_117' title='bbox 1763 1276 1875 1348; x_wconf 78' lang='lat' dir='ltr'><strong>regula,</strong></span> <span class='ocrx_word' id='word_1_118' title='bbox 1895 1278 1978 1348; x_wconf 85' lang='lat' dir='ltr'><strong>juxta</strong></span> 
     </span>
     <span class='ocr_line' id='line_1_10' title="bbox 272 1355 1977 1433; baseline 0.003 -22"><span class='ocrx_word' id='word_1_119' title='bbox 272 1357 445 1427; x_wconf 90' lang='lat' dir='ltr'><strong>baptismum</strong></span> <span class='ocrx_word' id='word_1_120' title='bbox 468 1355 601 1425; x_wconf 82' lang='lat' dir='ltr'><strong>mortuis,</strong></span> <span class='ocrx_word' id='word_1_121' title='bbox 621 1373 672 1426; x_wconf 90' lang='lat' dir='ltr'><strong>per</strong></span> <span class='ocrx_word' id='word_1_122' title='bbox 688 1357 749 1426; x_wconf 87' lang='lat' dir='ltr'><strong>pias</strong></span> <span class='ocrx_word' id='word_1_123' title='bbox 768 1355 903 1411; x_wconf 86' lang='lat' dir='ltr'><strong>ecclesiae</strong></span> <span class='ocrx_word' id='word_1_124' title='bbox 920 1361 950 1410; x_wconf 90' lang='lat' dir='ltr'><strong>et</strong></span> <span class='ocrx_word' id='word_1_125' title='bbox 966 1358 1113 1425; x_wconf 75' lang='lat' dir='ltr'><strong>parentum</strong></span> <span class='ocrx_word' id='word_1_126' title='bbox 1141 1374 1225 1428; x_wconf 84' lang='lat' dir='ltr'><strong>quam</strong></span> <span class='ocrx_word' id='word_1_127' title='bbox 1249 1360 1331 1416; x_wconf 93' lang='lat' dir='ltr'><strong>modo</strong></span> <span class='ocrx_word' id='word_1_128' title='bbox 1350 1361 1490 1416; x_wconf 90' lang='lat' dir='ltr'><strong>ordinario</strong></span> <span class='ocrx_word' id='word_1_129' title='bbox 1507 1361 1585 1416; x_wconf 88' lang='lat' dir='ltr'><strong>Deus</strong></span> <span class='ocrx_word' id='word_1_130' title='bbox 1609 1362 1753 1417; x_wconf 91' lang='lat' dir='ltr'><strong>nobiscum</strong></span> <span class='ocrx_word' id='word_1_131' title='bbox 1772 1362 1843 1433; x_wconf 83' lang='lat' dir='ltr'><strong>egit,</strong></span> <span class='ocrx_word' id='word_1_132' title='bbox 1866 1361 1977 1417; x_wconf 82' lang='lat' dir='ltr'><strong>interim</strong></span> 
     </span>
     <span class='ocr_line' id='line_1_11' title="bbox 273 1440 1978 1519; baseline 0.002 -21"><span class='ocrx_word' id='word_1_133' title='bbox 273 1460 375 1516; x_wconf 84' lang='lat' dir='ltr'><strong>preces</strong></span> <span class='ocrx_word' id='word_1_134' title='bbox 409 1440 519 1496; x_wconf 89' lang='lat' dir='ltr'><strong>Christo</strong></span> <span class='ocrx_word' id='word_1_135' title='bbox 549 1441 670 1511; x_wconf 89' lang='lat' dir='ltr'><strong>oblatis.)</strong></span> <span class='ocrx_word' id='word_1_136' title='bbox 719 1443 752 1496; x_wconf 92' lang='lat' dir='ltr'><strong>In</strong></span> <span class='ocrx_word' id='word_1_137' title='bbox 782 1441 861 1497; x_wconf 89' lang='lat' dir='ltr'><strong>Actis</strong></span> <span class='ocrx_word' id='word_1_138' title='bbox 896 1440 1055 1513; x_wconf 87' lang='lat' dir='ltr'><strong>apostolicis</strong></span> <span class='ocrx_word' id='word_1_139' title='bbox 1082 1440 1114 1495; x_wconf 85' lang='lat' dir='ltr'><strong>fit</strong></span> <span class='ocrx_word' id='word_1_140' title='bbox 1141 1448 1236 1500; x_wconf 90' lang='lat' dir='ltr'><strong>tamen</strong></span> <span class='ocrx_word' id='word_1_141' title='bbox 1257 1446 1295 1501; x_wconf 91' lang='lat' dir='ltr'><strong>ab</strong></span> <span class='ocrx_word' id='word_1_142' title='bbox 1319 1448 1372 1502; x_wconf 89' lang='lat' dir='ltr'><strong>huc</strong></span> <span class='ocrx_word' id='word_1_143' title='bbox 1397 1448 1496 1519; x_wconf 82' lang='lat' dir='ltr'><strong>regule</strong></span> <span class='ocrx_word' id='word_1_144' title='bbox 1521 1464 1603 1503; x_wconf 88' lang='lat' dir='ltr'><strong>casus</strong></span> <span class='ocrx_word' id='word_1_145' title='bbox 1622 1448 1796 1503; x_wconf 79' lang='lat' dir='ltr'><strong>necessitatis</strong></span> <span class='ocrx_word' id='word_1_146' title='bbox 1813 1447 1978 1519; x_wconf 79' lang='lat' dir='ltr'><strong>intelligitur</strong></span> 
     </span>
     <span class='ocr_line' id='line_1_12' title="bbox 274 1525 1978 1602; baseline 0.002 -18"><span class='ocrx_word' id='word_1_147' title='bbox 274 1529 380 1584; x_wconf 90' lang='lat' dir='ltr'><strong>mentio</strong></span> <span class='ocrx_word' id='word_1_148' title='bbox 400 1527 536 1592; x_wconf 87' lang='lat' dir='ltr'><strong>Cornelii,</strong></span> <span class='ocrx_word' id='word_1_149' title='bbox 556 1525 665 1599; x_wconf 78' lang='lat' dir='ltr'><strong>Lydiae</strong></span> <span class='ocrx_word' id='word_1_150' title='bbox 683 1534 711 1583; x_wconf 91' lang='lat' dir='ltr'><strong>et</strong></span> <span class='ocrx_word' id='word_1_151' title='bbox 729 1527 859 1595; x_wconf 85' lang='lat' dir='ltr'><strong>aliorum,</strong></span> <span class='ocrx_word' id='word_1_152' title='bbox 879 1527 1008 1599; x_wconf 84' lang='lat' dir='ltr'><strong>quivere</strong></span> <span class='ocrx_word' id='word_1_153' title='bbox 1026 1526 1113 1582; x_wconf 91' lang='lat' dir='ltr'><strong>credi-</strong></span> <span class='ocrx_word' id='word_1_154' title='bbox 1141 1538 1281 1602; x_wconf 85' lang='lat' dir='ltr'><strong>exceptus.</strong></span> <span class='ocrx_word' id='word_1_155' title='bbox 1335 1539 1359 1591; x_wconf 87' lang='grc'><strong>3.</strong></span> <span class='ocrx_word' id='word_1_156' title='bbox 1392 1533 1599 1589; x_wconf 73' lang='lat' dir='ltr'><strong>Sevedssimam</strong></span> <span class='ocrx_word' id='word_1_157' title='bbox 1633 1534 1711 1589; x_wconf 91' lang='lat' dir='ltr'><strong>illam</strong></span> <span class='ocrx_word' id='word_1_158' title='bbox 1738 1533 1978 1590; x_wconf 85' lang='lat' dir='ltr'><strong>comminationem</strong></span> 
     </span>
     <span class='ocr_line' id='line_1_13' title="bbox 273 1612 1978 1691; baseline 0.002 -20"><span class='ocrx_word' id='word_1_159' title='bbox 273 1617 392 1681; x_wconf 85' lang='lat' dir='ltr'><strong>derunt,</strong></span> <span class='ocrx_word' id='word_1_160' title='bbox 411 1619 560 1684; x_wconf 85' lang='lat' dir='ltr'><strong>antequam</strong></span> <span class='ocrx_word' id='word_1_161' title='bbox 577 1613 795 1684; x_wconf 74' lang='lat' dir='ltr'><strong>baptizarentur,</strong></span> <span class='ocrx_word' id='word_1_162' title='bbox 825 1613 866 1668; x_wconf 80' lang='lat' dir='ltr'><strong>illi</strong></span> <span class='ocrx_word' id='word_1_163' title='bbox 884 1613 907 1666; x_wconf 76' lang='lat' dir='ltr'><strong>si</strong></span> <span class='ocrx_word' id='word_1_164' title='bbox 924 1630 974 1685; x_wconf 76' lang='lat' dir='ltr'><strong>per</strong></span> <span class='ocrx_word' id='word_1_165' title='bbox 992 1612 1114 1683; x_wconf 64' lang='lat' dir='ltr'><strong>aliquem</strong></span> <span class='ocrx_word' id='word_1_166' title='bbox 1141 1616 1317 1687; x_wconf 57' lang='grc'><strong>(100100,</strong></span> <span class='ocrx_word' id='word_1_167' title='bbox 1340 1625 1379 1676; x_wconf 83' lang='grc'><strong>11.</strong></span> <span class='ocrx_word' id='word_1_168' title='bbox 1397 1637 1454 1676; x_wconf 85' lang='grc'><strong>000</strong></span> <span class='ocrx_word' id='word_1_169' title='bbox 1473 1637 1556 1691; x_wconf 90' lang='lat' dir='ltr'><strong>posse</strong></span> <span class='ocrx_word' id='word_1_170' title='bbox 1573 1620 1717 1676; x_wconf 89' lang='lat' dir='ltr'><strong>adomnes</strong></span> <span class='ocrx_word' id='word_1_171' title='bbox 1734 1619 1978 1675; x_wconf 83' lang='lat' dir='ltr'><strong>omninoiniantes</strong></span> 
     </span>
     <span class='ocr_line' id='line_1_14' title="bbox 274 1696 1977 1775; baseline 0.001 -17"><span class='ocrx_word' id='word_1_172' title='bbox 274 1701 453 1773; x_wconf 88' lang='lat' dir='ltr'><strong>repentinum</strong></span> <span class='ocrx_word' id='word_1_173' title='bbox 474 1700 570 1754; x_wconf 90' lang='lat' dir='ltr'><strong>mortis</strong></span> <span class='ocrx_word' id='word_1_174' title='bbox 591 1716 685 1753; x_wconf 88' lang='lat' dir='ltr'><strong>casum</strong></span> <span class='ocrx_word' id='word_1_175' title='bbox 712 1698 830 1753; x_wconf 81' lang='grc'><strong>10100001</strong></span> <span class='ocrx_word' id='word_1_176' title='bbox 847 1698 973 1770; x_wconf 86' lang='lat' dir='ltr'><strong>abrepti,</strong></span> <span class='ocrx_word' id='word_1_177' title='bbox 997 1696 1114 1752; x_wconf 86' lang='lat' dir='ltr'><strong>dubium</strong></span> <span class='ocrx_word' id='word_1_178' title='bbox 1140 1702 1200 1757; x_wconf 88' lang='lat' dir='ltr'><strong>sine</strong></span> <span class='ocrx_word' id='word_1_179' title='bbox 1221 1704 1429 1761; x_wconf 89' lang='lat' dir='ltr'><strong>circumcisione</strong></span> <span class='ocrx_word' id='word_1_180' title='bbox 1446 1713 1568 1762; x_wconf 87' lang='lat' dir='ltr'><strong>mortuos</strong></span> <span class='ocrx_word' id='word_1_181' title='bbox 1586 1707 1690 1771; x_wconf 88' lang='lat' dir='ltr'><strong>referri,</strong></span> <span class='ocrx_word' id='word_1_182' title='bbox 1709 1706 1832 1762; x_wconf 86' lang='lat' dir='ltr'><strong>ostendit</strong></span> <span class='ocrx_word' id='word_1_183' title='bbox 1850 1724 1895 1762; x_wconf 88' lang='lat' dir='ltr'><strong>res</strong></span> <span class='ocrx_word' id='word_1_184' title='bbox 1907 1706 1977 1775; x_wconf 89' lang='lat' dir='ltr'><strong>ipsa,</strong></span> 
     </span>
     <span class='ocr_line' id='line_1_15' title="bbox 273 1783 1977 1864; baseline 0.001 -20"><span class='ocrx_word' id='word_1_185' title='bbox 273 1788 401 1855; x_wconf 87' lang='lat' dir='ltr'><strong>nullum,</strong></span> <span class='ocrx_word' id='word_1_186' title='bbox 433 1787 500 1857; x_wconf 90' lang='lat' dir='ltr'><strong>quin</strong></span> <span class='ocrx_word' id='word_1_187' title='bbox 529 1791 671 1841; x_wconf 86' lang='lat' dir='ltr'><strong>aeternum</strong></span> <span class='ocrx_word' id='word_1_188' title='bbox 699 1785 818 1841; x_wconf 86' lang='lat' dir='ltr'><strong>fuissent</strong></span> <span class='ocrx_word' id='word_1_189' title='bbox 840 1786 948 1842; x_wconf 78' lang='grc'><strong>0010011.</strong></span> <span class='ocrx_word' id='word_1_190' title='bbox 989 1783 1115 1839; x_wconf 84' lang='lat' dir='ltr'><strong>Pertinet</strong></span> <span class='ocrx_word' id='word_1_191' title='bbox 1142 1789 1310 1863; x_wconf 88' lang='lat' dir='ltr'><strong>quandoque</strong></span> <span class='ocrx_word' id='word_1_192' title='bbox 1333 1792 1407 1846; x_wconf 90' lang='lat' dir='ltr'><strong>enim</strong></span> <span class='ocrx_word' id='word_1_193' title='bbox 1429 1792 1563 1849; x_wconf 70' lang='lat' dir='ltr'><strong>alteruter</strong></span> <span class='ocrx_word' id='word_1_194' title='bbox 1585 1798 1732 1864; x_wconf 89' lang='lat' dir='ltr'><strong>pareutum</strong></span> <span class='ocrx_word' id='word_1_195' title='bbox 1749 1798 1846 1847; x_wconf 88' lang='lat' dir='ltr'><strong>contra</strong></span> <span class='ocrx_word' id='word_1_196' title='bbox 1864 1790 1977 1847; x_wconf 87' lang='lat' dir='ltr'><strong>alterius</strong></span> 
     </span>
     <span class='ocr_line' id='line_1_16' title="bbox 275 1870 1976 1948; baseline 0.002 -19"><span class='ocrx_word' id='word_1_197' title='bbox 275 1877 332 1929; x_wconf 89' lang='lat' dir='ltr'><strong>hue</strong></span> <span class='ocrx_word' id='word_1_198' title='bbox 360 1873 496 1945; x_wconf 83' lang='lat' dir='ltr'><strong>gloriosus</strong></span> <span class='ocrx_word' id='word_1_199' title='bbox 524 1873 625 1928; x_wconf 92' lang='lat' dir='ltr'><strong>chorus</strong></span> <span class='ocrx_word' id='word_1_200' title='bbox 649 1880 816 1944; x_wconf 87' lang='lat' dir='ltr'><strong>martyrum,</strong></span> <span class='ocrx_word' id='word_1_201' title='bbox 848 1873 896 1943; x_wconf 92' lang='lat' dir='ltr'><strong>qui</strong></span> <span class='ocrx_word' id='word_1_202' title='bbox 927 1889 990 1927; x_wconf 93' lang='lat' dir='ltr'><strong>cum</strong></span> <span class='ocrx_word' id='word_1_203' title='bbox 1022 1870 1113 1926; x_wconf 85' lang='lat' dir='ltr'><strong>adhuc</strong></span> <span class='ocrx_word' id='word_1_204' title='bbox 1142 1874 1313 1932; x_wconf 83' lang='lat' dir='ltr'><strong>voluntatem</strong></span> <span class='ocrx_word' id='word_1_205' title='bbox 1335 1878 1452 1948; x_wconf 91' lang='lat' dir='ltr'><strong>impedit</strong></span> <span class='ocrx_word' id='word_1_206' title='bbox 1474 1879 1711 1934; x_wconf 85' lang='lat' dir='ltr'><strong>circumcisionem</strong></span> <span class='ocrx_word' id='word_1_207' title='bbox 1728 1878 1816 1933; x_wconf 84' lang='lat' dir='ltr'><strong>Erod.</strong></span> <span class='ocrx_word' id='word_1_208' title='bbox 1835 1885 1866 1948; x_wconf 86' lang='grc'><strong>1,</strong></span> <span class='ocrx_word' id='word_1_209' title='bbox 1891 1894 1917 1932; x_wconf 85' lang='lat' dir='ltr'><strong>v.</strong></span> <span class='ocrx_word' id='word_1_210' title='bbox 1936 1883 1976 1933; x_wconf 81' lang='lat'><strong>25.</strong></span> 
     </span>
     <span class='ocr_line' id='line_1_17' title="bbox 274 1956 1977 2036; baseline 0.001 -20"><span class='ocrx_word' id='word_1_211' title='bbox 274 1968 371 2017; x_wconf 84' lang='lat' dir='ltr'><strong>essent</strong></span> <span class='ocrx_word' id='word_1_212' title='bbox 395 1959 601 2028; x_wconf 75' lang='lat' dir='ltr'><strong>catechumeni,</strong></span> <span class='ocrx_word' id='word_1_213' title='bbox 631 1966 696 2031; x_wconf 77' lang='lat' dir='ltr'><strong>apta</strong></span> <span class='ocrx_word' id='word_1_214' title='bbox 718 1959 886 2030; x_wconf 84' lang='lat' dir='ltr'><strong>baptismum</strong></span> <span class='ocrx_word' id='word_1_215' title='bbox 913 1958 950 2013; x_wconf 87' lang='lat' dir='ltr'><strong>ad</strong></span> <span class='ocrx_word' id='word_1_216' title='bbox 977 1956 1115 2028; x_wconf 72' lang='lat' dir='ltr'><strong>supplicia</strong></span> <span class='ocrx_word' id='word_1_217' title='bbox 1142 1960 1179 2016; x_wconf 86' lang='lat' dir='ltr'><strong>ad</strong></span> <span class='ocrx_word' id='word_1_218' title='bbox 1196 1961 1308 2018; x_wconf 89' lang='lat' dir='ltr'><strong>adultos</strong></span> <span class='ocrx_word' id='word_1_219' title='bbox 1325 1963 1412 2035; x_wconf 79' lang='lat' dir='ltr'><strong>igitur</strong></span> <span class='ocrx_word' id='word_1_220' title='bbox 1430 1965 1559 2036; x_wconf 76' lang='lat' dir='ltr'><strong>pertinet,</strong></span> <span class='ocrx_word' id='word_1_221' title='bbox 1580 1964 1629 2035; x_wconf 92' lang='lat' dir='ltr'><strong>qni</strong></span> <span class='ocrx_word' id='word_1_222' title='bbox 1648 1980 1681 2019; x_wconf 86' lang='lat' dir='ltr'><strong>ex</strong></span> <span class='ocrx_word' id='word_1_223' title='bbox 1701 1968 1842 2019; x_wconf 90' lang='lat' dir='ltr'><strong>contemtu</strong></span> <span class='ocrx_word' id='word_1_224' title='bbox 1861 1962 1977 2018; x_wconf 89' lang='lat' dir='ltr'><strong>circum·</strong></span> 
     </span>
     <span class='ocr_line' id='line_1_18' title="bbox 273 2044 1976 2120; baseline 0 -18"><span class='ocrx_word' id='word_1_225' title='bbox 273 2048 390 2102; x_wconf 82' lang='lat' dir='ltr'><strong>fuerunt</strong></span> <span class='ocrx_word' id='word_1_226' title='bbox 408 2045 494 2116; x_wconf 89' lang='lat' dir='ltr'><strong>rapti,</strong></span> <span class='ocrx_word' id='word_1_227' title='bbox 519 2061 588 2116; x_wconf 92' lang='lat' dir='ltr'><strong>quos</strong></span> <span class='ocrx_word' id='word_1_228' title='bbox 606 2060 623 2099; x_wconf 90' lang='lat' dir='ltr'><strong>a</strong></span> <span class='ocrx_word' id='word_1_229' title='bbox 642 2046 731 2101; x_wconf 76' lang='lat' dir='ltr'><strong>aalide</strong></span> <span class='ocrx_word' id='word_1_230' title='bbox 751 2045 896 2101; x_wconf 83' lang='lat' dir='ltr'><strong>excludere</strong></span> <span class='ocrx_word' id='word_1_231' title='bbox 913 2044 995 2099; x_wconf 88' lang='lat' dir='ltr'><strong>nimis</strong></span> <span class='ocrx_word' id='word_1_232' title='bbox 1014 2044 1114 2099; x_wconf 89' lang='lat' dir='ltr'><strong>durum</strong></span> <span class='ocrx_word' id='word_1_233' title='bbox 1142 2046 1274 2103; x_wconf 87' lang='lat' dir='ltr'><strong>cisionem</strong></span> <span class='ocrx_word' id='word_1_234' title='bbox 1300 2049 1329 2103; x_wconf 90' lang='lat' dir='ltr'><strong>in</strong></span> <span class='ocrx_word' id='word_1_235' title='bbox 1356 2066 1471 2120; x_wconf 90' lang='lat' dir='ltr'><strong>corpore</strong></span> <span class='ocrx_word' id='word_1_236' title='bbox 1489 2067 1540 2104; x_wconf 92' lang='lat' dir='ltr'><strong>suo</strong></span> <span class='ocrx_word' id='word_1_237' title='bbox 1557 2049 1697 2119; x_wconf 87' lang='lat' dir='ltr'><strong>suscipere</strong></span> <span class='ocrx_word' id='word_1_238' title='bbox 1714 2048 1878 2118; x_wconf 89' lang='lat' dir='ltr'><strong>noluerunt,</strong></span> <span class='ocrx_word' id='word_1_239' title='bbox 1900 2049 1976 2103; x_wconf 90' lang='lat' dir='ltr'><strong>item-</strong></span> 
     </span>
     <span class='ocr_line' id='line_1_19' title="bbox 273 2119 2066 2207; baseline -0.001 -17"><span class='ocrx_word' id='word_1_240' title='bbox 273 2136 358 2190; x_wconf 83' lang='lat' dir='ltr'><strong>foret.</strong></span> <span class='ocrx_word' id='word_1_241' title='bbox 389 2133 434 2186; x_wconf 89' lang='lat' dir='ltr'><strong>De</strong></span> <span class='ocrx_word' id='word_1_242' title='bbox 451 2132 618 2202; x_wconf 86' lang='lat' dir='ltr'><strong>imperatore</strong></span> <span class='ocrx_word' id='word_1_243' title='bbox 635 2131 845 2200; x_wconf 86' lang='lat' dir='ltr'><strong>Valentiniano,</strong></span> <span class='ocrx_word' id='word_1_244' title='bbox 865 2131 913 2203; x_wconf 92' lang='lat' dir='ltr'><strong>qui</strong></span> <span class='ocrx_word' id='word_1_245' title='bbox 929 2131 989 2187; x_wconf 90' lang='lat' dir='ltr'><strong>sine</strong></span> <span class='ocrx_word' id='word_1_246' title='bbox 1008 2131 1113 2202; x_wconf 86' lang='lat' dir='ltr'><strong>baptis·</strong></span> <span class='ocrx_word' id='word_1_247' title='bbox 1142 2151 1196 2204; x_wconf 90' lang='lat' dir='ltr'><strong>que</strong></span> <span class='ocrx_word' id='word_1_248' title='bbox 1214 2134 1252 2188; x_wconf 86' lang='lat' dir='ltr'><strong>ud</strong></span> <span class='ocrx_word' id='word_1_249' title='bbox 1272 2134 1372 2191; x_wconf 90' lang='lat' dir='ltr'><strong>liberos</strong></span> <span class='ocrx_word' id='word_1_250' title='bbox 1387 2142 1591 2205; x_wconf 88' lang='lat' dir='ltr'><strong>apostatarum,</strong></span> <span class='ocrx_word' id='word_1_251' title='bbox 1619 2135 1668 2207; x_wconf 89' lang='lat' dir='ltr'><strong>qui</strong></span> <span class='ocrx_word' id='word_1_252' title='bbox 1696 2134 1733 2189; x_wconf 87' lang='lat' dir='ltr'><strong>ab</strong></span> <span class='ocrx_word' id='word_1_253' title='bbox 1752 2133 1870 2190; x_wconf 86' lang='lat' dir='ltr'><strong>ecelesia</strong></span> <span class='ocrx_word' id='word_1_254' title='bbox 1889 2135 1977 2189; x_wconf 73' lang='lat' dir='ltr'><strong>lsrae-</strong></span> <span class='ocrx_word' id='word_1_255' title='bbox 2060 2119 2066 2126; x_wconf 58' lang='grc'><strong>’</strong></span> 
     </span>
     <span class='ocr_line' id='line_1_20' title="bbox 273 2217 1978 2292; baseline -0.001 -17"><span class='ocrx_word' id='word_1_256' title='bbox 273 2238 321 2275; x_wconf 89' lang='lat' dir='ltr'><strong>mo</strong></span> <span class='ocrx_word' id='word_1_257' title='bbox 355 2223 479 2273; x_wconf 90' lang='lat' dir='ltr'><strong>mortuus</strong></span> <span class='ocrx_word' id='word_1_258' title='bbox 509 2223 565 2288; x_wconf 87' lang='lat' dir='ltr'><strong>est,</strong></span> <span class='ocrx_word' id='word_1_259' title='bbox 600 2217 765 2273; x_wconf 87' lang='lat' dir='ltr'><strong>Ambrosius</strong></span> <span class='ocrx_word' id='word_1_260' title='bbox 792 2218 821 2271; x_wconf 92' lang='lat' dir='ltr'><strong>in</strong></span> <span class='ocrx_word' id='word_1_261' title='bbox 851 2217 976 2273; x_wconf 90' lang='lat' dir='ltr'><strong>oratione</strong></span> <span class='ocrx_word' id='word_1_262' title='bbox 1003 2217 1113 2272; x_wconf 84' lang='lat' dir='ltr'><strong>funebri</strong></span> <span class='ocrx_word' id='word_1_263' title='bbox 1140 2219 1220 2274; x_wconf 88' lang='lat' dir='ltr'><strong>litiea</strong></span> <span class='ocrx_word' id='word_1_264' title='bbox 1245 2221 1282 2275; x_wconf 90' lang='lat' dir='ltr'><strong>ad</strong></span> <span class='ocrx_word' id='word_1_265' title='bbox 1314 2220 1505 2276; x_wconf 87' lang='lat' dir='ltr'><strong>ethnicismum</strong></span> <span class='ocrx_word' id='word_1_266' title='bbox 1537 2221 1662 2292; x_wconf 88' lang='lat' dir='ltr'><strong>prolapsi</strong></span> <span class='ocrx_word' id='word_1_267' title='bbox 1689 2220 1799 2292; x_wconf 87' lang='lat' dir='ltr'><strong>penitus</strong></span> <span class='ocrx_word' id='word_1_268' title='bbox 1825 2219 1978 2274; x_wconf 90' lang='lat' dir='ltr'><strong>omiserunt</strong></span> 
     </span>
     <span class='ocr_line' id='line_1_21' title="bbox 273 2303 1978 2379; baseline -0.002 -18"><span class='ocrx_word' id='word_1_269' title='bbox 273 2308 316 2361; x_wconf 90' lang='lat' dir='ltr'><strong>sic</strong></span> <span class='ocrx_word' id='word_1_270' title='bbox 347 2304 483 2376; x_wconf 87' lang='lat' dir='ltr'><strong>loquitur:</strong></span> <span class='ocrx_word' id='word_1_271' title='bbox 517 2305 653 2374; x_wconf 70' lang='lat' dir='ltr'><strong>Respexit</strong></span> <span class='ocrx_word' id='word_1_272' title='bbox 683 2306 763 2358; x_wconf 87' lang='lat' dir='ltr'><strong>Dens</strong></span> <span class='ocrx_word' id='word_1_273' title='bbox 798 2306 904 2359; x_wconf 82' lang='lat' dir='ltr'><strong>ardens</strong></span> <span class='ocrx_word' id='word_1_274' title='bbox 939 2303 1113 2359; x_wconf 78' lang='lat' dir='ltr'><strong>riesr&#39;derium</strong></span> <span class='ocrx_word' id='word_1_275' title='bbox 1141 2304 1395 2375; x_wconf 89' lang='lat' dir='ltr'><strong>circumcisionem,</strong></span> <span class='ocrx_word' id='word_1_276' title='bbox 1419 2308 1495 2379; x_wconf 91' lang='lat' dir='ltr'><strong>quod</strong></span> <span class='ocrx_word' id='word_1_277' title='bbox 1523 2307 1695 2378; x_wconf 87' lang='lat' dir='ltr'><strong>temporibus</strong></span> <span class='ocrx_word' id='word_1_278' title='bbox 1719 2305 1851 2361; x_wconf 87' lang='lat' dir='ltr'><strong>Antiochi</strong></span> <span class='ocrx_word' id='word_1_279' title='bbox 1876 2305 1978 2360; x_wconf 88' lang='lat' dir='ltr'><strong>multos</strong></span> 
     </span>
     <span class='ocr_line' id='line_1_22' title="bbox 275 2389 1976 2463; baseline -0.003 -14"><span class='ocrx_word' id='word_1_280' title='bbox 275 2395 368 2459; x_wconf 80' lang='lat' dir='ltr'><strong>itlius,</strong></span> <span class='ocrx_word' id='word_1_281' title='bbox 389 2410 444 2461; x_wconf 82' lang='lat' dir='ltr'><strong>qno</strong></span> <span class='ocrx_word' id='word_1_282' title='bbox 456 2393 623 2461; x_wconf 76' lang='lat' dir='ltr'><strong>baptismam</strong></span> <span class='ocrx_word' id='word_1_283' title='bbox 636 2392 774 2462; x_wconf 68' lang='lat' dir='ltr'><strong>expetivit.</strong></span> <span class='ocrx_word' id='word_1_284' title='bbox 799 2391 860 2457; x_wconf 81' lang='lat' dir='ltr'><strong>Quo</strong></span> <span class='ocrx_word' id='word_1_285' title='bbox 873 2391 957 2446; x_wconf 88' lang='lat' dir='ltr'><strong>etiam</strong></span> <span class='ocrx_word' id='word_1_286' title='bbox 968 2389 1115 2446; x_wconf 85' lang='lat' dir='ltr'><strong>referenda</strong></span> <span class='ocrx_word' id='word_1_287' title='bbox 1141 2390 1242 2447; x_wconf 85' lang='lat' dir='ltr'><strong>iecisse</strong></span> <span class='ocrx_word' id='word_1_288' title='bbox 1259 2399 1370 2447; x_wconf 83' lang='lat' dir='ltr'><strong>constat</strong></span> <span class='ocrx_word' id='word_1_289' title='bbox 1387 2409 1420 2448; x_wconf 86' lang='lat' dir='ltr'><strong>ex</strong></span> <span class='ocrx_word' id='word_1_290' title='bbox 1442 2399 1464 2449; x_wconf 89' lang='grc'><strong>1.</strong></span> <span class='ocrx_word' id='word_1_291' title='bbox 1476 2394 1565 2450; x_wconf 84' lang='lat' dir='ltr'><strong>Maec.</strong></span> <span class='ocrx_word' id='word_1_292' title='bbox 1588 2399 1611 2463; x_wconf 87' lang='grc'><strong>1,</strong></span> <span class='ocrx_word' id='word_1_293' title='bbox 1629 2412 1656 2449; x_wconf 82' lang='lat' dir='ltr'><strong>r.</strong></span> <span class='ocrx_word' id='word_1_294' title='bbox 1676 2398 1717 2448; x_wconf 83' lang='grc'><strong>54.</strong></span> <span class='ocrx_word' id='word_1_295' title='bbox 1750 2399 1774 2448; x_wconf 84' lang='grc'><strong>1.</strong></span> <span class='ocrx_word' id='word_1_296' title='bbox 1787 2391 1878 2456; x_wconf 83' lang='lat' dir='ltr'><strong>Quam</strong></span> <span class='ocrx_word' id='word_1_297' title='bbox 1894 2390 1976 2445; x_wconf 88' lang='lat' dir='ltr'><strong>inter·</strong></span> 
     </span>
     <span class='ocr_line' id='line_1_23' title="bbox 275 2475 1976 2549; baseline -0.002 -15"><span class='ocrx_word' id='word_1_298' title='bbox 275 2487 319 2535; x_wconf 86' lang='lat' dir='ltr'><strong>est</strong></span> <span class='ocrx_word' id='word_1_299' title='bbox 348 2479 397 2533; x_wconf 89' lang='lat' dir='ltr'><strong>illa</strong></span> <span class='ocrx_word' id='word_1_300' title='bbox 427 2478 600 2544; x_wconf 89' lang='lat' dir='ltr'><strong>observatio,</strong></span> <span class='ocrx_word' id='word_1_301' title='bbox 639 2478 714 2548; x_wconf 91' lang='lat' dir='ltr'><strong>quod</strong></span> <span class='ocrx_word' id='word_1_302' title='bbox 744 2478 870 2533; x_wconf 88' lang='lat' dir='ltr'><strong>Christus</strong></span> <span class='ocrx_word' id='word_1_303' title='bbox 900 2495 963 2532; x_wconf 89' lang='lat' dir='ltr'><strong>cum</strong></span> <span class='ocrx_word' id='word_1_304' title='bbox 1001 2475 1116 2531; x_wconf 79' lang='lat' dir='ltr'><strong>dixisset</strong></span> <span class='ocrx_word' id='word_1_305' title='bbox 1142 2479 1324 2548; x_wconf 87' lang='lat' dir='ltr'><strong>pretationem</strong></span> <span class='ocrx_word' id='word_1_306' title='bbox 1343 2495 1377 2534; x_wconf 87' lang='grc'><strong>00</strong></span> <span class='ocrx_word' id='word_1_307' title='bbox 1391 2479 1593 2536; x_wconf 86' lang='lat' dir='ltr'><strong>restrictionem</strong></span> <span class='ocrx_word' id='word_1_308' title='bbox 1618 2480 1680 2549; x_wconf 92' lang='lat' dir='ltr'><strong>ipsa</strong></span> <span class='ocrx_word' id='word_1_309' title='bbox 1696 2476 1783 2533; x_wconf 88' lang='lat' dir='ltr'><strong>verba</strong></span> <span class='ocrx_word' id='word_1_310' title='bbox 1801 2482 1893 2533; x_wconf 84' lang='lat' dir='ltr'><strong>textus</strong></span> <span class='ocrx_word' id='word_1_311' title='bbox 1912 2492 1976 2532; x_wconf 90' lang='lat' dir='ltr'><strong>eon-</strong></span> 
     </span>
     <span class='ocr_line' id='line_1_24' title="bbox 277 2562 1977 2637; baseline -0.002 -17"><span class='ocrx_word' id='word_1_312' title='bbox 277 2566 365 2620; x_wconf 87' lang='lat' dir='ltr'><strong>Murc.</strong></span> <span class='ocrx_word' id='word_1_313' title='bbox 388 2570 428 2631; x_wconf 87' lang='grc'><strong>16,</strong></span> <span class='ocrx_word' id='word_1_314' title='bbox 447 2582 473 2620; x_wconf 81' lang='lat' dir='ltr'><strong>v,</strong></span> <span class='ocrx_word' id='word_1_315' title='bbox 496 2569 540 2619; x_wconf 79' lang='lat'><strong>16:</strong></span> <span class='ocrx_word' id='word_1_316' title='bbox 561 2564 617 2626; x_wconf 74' lang='lat' dir='ltr'><strong>(lui</strong></span> <span class='ocrx_word' id='word_1_317' title='bbox 630 2564 783 2618; x_wconf 75' lang='lat' dir='ltr'><strong>crediderit</strong></span> <span class='ocrx_word' id='word_1_318' title='bbox 801 2572 826 2618; x_wconf 89' lang='lat' dir='ltr'><strong>et</strong></span> <span class='ocrx_word' id='word_1_319' title='bbox 843 2565 1000 2634; x_wconf 76' lang='lat' dir='ltr'><strong>baptizatus</strong></span> <span class='ocrx_word' id='word_1_320' title='bbox 1012 2562 1115 2630; x_wconf 83' lang='lat' dir='ltr'><strong>suerit,</strong></span> <span class='ocrx_word' id='word_1_321' title='bbox 1141 2563 1267 2635; x_wconf 87' lang='lat' dir='ltr'><strong>firmant,</strong></span> <span class='ocrx_word' id='word_1_322' title='bbox 1296 2565 1411 2621; x_wconf 87' lang='lat' dir='ltr'><strong>additur</strong></span> <span class='ocrx_word' id='word_1_323' title='bbox 1436 2567 1508 2621; x_wconf 88' lang='lat' dir='ltr'><strong>euim</strong></span> <span class='ocrx_word' id='word_1_324' title='bbox 1534 2569 1739 2637; x_wconf 72' lang='grc' dir='ltr'><strong>αἰτιολογικῶς,</strong></span> <span class='ocrx_word' id='word_1_325' title='bbox 1769 2564 1837 2634; x_wconf 80' lang='lat' dir='ltr'><strong>qaia</strong></span> <span class='ocrx_word' id='word_1_326' title='bbox 1862 2572 1977 2634; x_wconf 83' lang='lat' dir='ltr'><strong>pactum</strong></span> 
     </span>
     <span class='ocr_line' id='line_1_25' title="bbox 276 2645 2080 2723; baseline -0.001 -17"><span class='ocrx_word' id='word_1_327' title='bbox 276 2653 376 2706; x_wconf 75' lang='lat' dir='ltr'><strong>calores</strong></span> <span class='ocrx_word' id='word_1_328' title='bbox 397 2651 471 2718; x_wconf 75' lang='lat' dir='ltr'><strong>erit5</strong></span> <span class='ocrx_word' id='word_1_329' title='bbox 500 2649 530 2703; x_wconf 91' lang='lat' dir='ltr'><strong>in</strong></span> <span class='ocrx_word' id='word_1_330' title='bbox 555 2648 684 2704; x_wconf 85' lang='lat' dir='ltr'><strong>antithesi</strong></span> <span class='ocrx_word' id='word_1_331' title='bbox 710 2664 885 2720; x_wconf 84' lang='lat' dir='ltr'><strong>nequaquam</strong></span> <span class='ocrx_word' id='word_1_332' title='bbox 910 2649 1024 2704; x_wconf 80' lang='lat' dir='ltr'><strong>dixerit:</strong></span> <span class='ocrx_word' id='word_1_333' title='bbox 1061 2648 1116 2712; x_wconf 81' lang='lat' dir='ltr'><strong>Qui</strong></span> <span class='ocrx_word' id='word_1_334' title='bbox 1142 2652 1434 2720; x_wconf 82' lang='lat' dir='ltr'><strong>mcnmsecits&#39;rritum</strong></span> <span class='ocrx_word' id='word_1_335' title='bbox 1444 2653 1514 2719; x_wconf 60' lang='grc' dir='ltr'><strong>Ἴὲῆ,</strong></span> <span class='ocrx_word' id='word_1_336' title='bbox 1524 2651 1617 2723; x_wconf 81' lang='lat' dir='ltr'><strong>fregit,</strong></span> <span class='ocrx_word' id='word_1_337' title='bbox 1630 2645 1785 2719; x_wconf 86' lang='lat' dir='ltr'><strong>conte&#39;msit,</strong></span> <span class='ocrx_word' id='word_1_338' title='bbox 1798 2649 1976 2705; x_wconf 78' lang='lat' dir='ltr'><strong>violavitetc.</strong></span> <span class='ocrx_word' id='word_1_339' title='bbox 2075 2700 2080 2713; x_wconf 85' lang='lat'><strong>,</strong></span> 
     </span>
     <span class='ocr_line' id='line_1_26' title="bbox 276 2733 1977 2804; baseline -0.002 -12"><span class='ocrx_word' id='word_1_340' title='bbox 276 2755 344 2794; x_wconf 85' lang='lat' dir='ltr'><strong>vero</strong></span> <span class='ocrx_word' id='word_1_341' title='bbox 361 2755 418 2791; x_wconf 92' lang='lat' dir='ltr'><strong>non</strong></span> <span class='ocrx_word' id='word_1_342' title='bbox 442 2734 604 2804; x_wconf 90' lang='lat' dir='ltr'><strong>crediderit,</strong></span> <span class='ocrx_word' id='word_1_343' title='bbox 627 2751 680 2790; x_wconf 90' lang='lat' dir='ltr'><strong>nec</strong></span> <span class='ocrx_word' id='word_1_344' title='bbox 699 2733 857 2804; x_wconf 81' lang='lat' dir='ltr'><strong>baptizatus</strong></span> <span class='ocrx_word' id='word_1_345' title='bbox 876 2734 973 2800; x_wconf 85' lang='lat' dir='ltr'><strong>fuerit,</strong></span> <span class='ocrx_word' id='word_1_346' title='bbox 1003 2736 1114 2789; x_wconf 85' lang='lat' dir='ltr'><strong>damna-</strong></span> <span class='ocrx_word' id='word_1_347' title='bbox 1143 2745 1167 2795; x_wconf 84' lang='grc'><strong>5.</strong></span> <span class='ocrx_word' id='word_1_348' title='bbox 1191 2737 1258 2793; x_wconf 90' lang='lat' dir='ltr'><strong>Pari</strong></span> <span class='ocrx_word' id='word_1_349' title='bbox 1286 2738 1394 2793; x_wconf 79' lang='lat' dir='ltr'><strong>radone</strong></span> <span class='ocrx_word' id='word_1_350' title='bbox 1426 2736 1531 2793; x_wconf 88' lang='lat' dir='ltr'><strong>dictum</strong></span> <span class='ocrx_word' id='word_1_351' title='bbox 1558 2736 1660 2792; x_wconf 83' lang='lat' dir='ltr'><strong>Christi</strong></span> <span class='ocrx_word' id='word_1_352' title='bbox 1688 2737 1724 2791; x_wconf 89' lang='lat' dir='ltr'><strong>dc</strong></span> <span class='ocrx_word' id='word_1_353' title='bbox 1752 2735 1854 2792; x_wconf 89' lang='lat' dir='ltr'><strong>usitato</strong></span> <span class='ocrx_word' id='word_1_354' title='bbox 1881 2736 1977 2791; x_wconf 88' lang='lat' dir='ltr'><strong>ordine</strong></span> 
     </span>
     <span class='ocr_line' id='line_1_27' title="bbox 277 2819 1979 2896; baseline -0.002 -17"><span class='ocrx_word' id='word_1_355' title='bbox 277 2826 362 2893; x_wconf 88' lang='lat' dir='ltr'><strong>bitur,</strong></span> <span class='ocrx_word' id='word_1_356' title='bbox 381 2824 500 2877; x_wconf 88' lang='lat' dir='ltr'><strong>innuens</strong></span> <span class='ocrx_word' id='word_1_357' title='bbox 514 2822 626 2887; x_wconf 91' lang='lat' dir='ltr'><strong>scilicet,</strong></span> <span class='ocrx_word' id='word_1_358' title='bbox 643 2821 812 2892; x_wconf 87' lang='lat' dir='ltr'><strong>baptismum</strong></span> <span class='ocrx_word' id='word_1_359' title='bbox 828 2836 884 2875; x_wconf 92' lang='lat' dir='ltr'><strong>non</strong></span> <span class='ocrx_word' id='word_1_360' title='bbox 902 2836 962 2875; x_wconf 91' lang='lat' dir='ltr'><strong>esse</strong></span> <span class='ocrx_word' id='word_1_361' title='bbox 972 2819 1116 2874; x_wconf 82' lang='lat' dir='ltr'><strong>absolutae</strong></span> <span class='ocrx_word' id='word_1_362' title='bbox 1143 2824 1367 2895; x_wconf 82' lang='lat' dir='ltr'><strong>intelligendum,</strong></span> <span class='ocrx_word' id='word_1_363' title='bbox 1391 2842 1443 2896; x_wconf 89' lang='lat' dir='ltr'><strong>per</strong></span> <span class='ocrx_word' id='word_1_364' title='bbox 1468 2841 1551 2895; x_wconf 91' lang='lat' dir='ltr'><strong>quem</strong></span> <span class='ocrx_word' id='word_1_365' title='bbox 1577 2822 1811 2879; x_wconf 86' lang='lat' dir='ltr'><strong>extraordinariae</strong></span> <span class='ocrx_word' id='word_1_366' title='bbox 1838 2822 1979 2894; x_wconf 90' lang='lat' dir='ltr'><strong>potentiae</strong></span> 
     </span>
     <span class='ocr_line' id='line_1_28' title="bbox 278 2905 1978 2982; baseline -0.002 -17"><span class='ocrx_word' id='word_1_367' title='bbox 278 2909 468 2978; x_wconf 86' lang='lat' dir='ltr'><strong>necessitatis,</strong></span> <span class='ocrx_word' id='word_1_368' title='bbox 498 2913 531 2962; x_wconf 89' lang='lat' dir='ltr'><strong>ut</strong></span> <span class='ocrx_word' id='word_1_369' title='bbox 553 2908 612 2963; x_wconf 91' lang='lat' dir='ltr'><strong>sine</strong></span> <span class='ocrx_word' id='word_1_370' title='bbox 636 2924 669 2963; x_wconf 89' lang='lat' dir='ltr'><strong>eo</strong></span> <span class='ocrx_word' id='word_1_371' title='bbox 692 2908 776 2964; x_wconf 84' lang='lat' dir='ltr'><strong>etiam</strong></span> <span class='ocrx_word' id='word_1_372' title='bbox 801 2907 830 2961; x_wconf 93' lang='lat' dir='ltr'><strong>in</strong></span> <span class='ocrx_word' id='word_1_373' title='bbox 853 2924 919 2962; x_wconf 86' lang='lat' dir='ltr'><strong>casu</strong></span> <span class='ocrx_word' id='word_1_374' title='bbox 942 2905 1115 2961; x_wconf 87' lang='lat' dir='ltr'><strong>necessitatis</strong></span> <span class='ocrx_word' id='word_1_375' title='bbox 1143 2916 1172 2965; x_wconf 87' lang='lat' dir='ltr'><strong>et</strong></span> <span class='ocrx_word' id='word_1_376' title='bbox 1190 2910 1294 2965; x_wconf 90' lang='lat' dir='ltr'><strong>actioni</strong></span> <span class='ocrx_word' id='word_1_377' title='bbox 1308 2910 1361 2965; x_wconf 92' lang='lat' dir='ltr'><strong>Dei</strong></span> <span class='ocrx_word' id='word_1_378' title='bbox 1380 2909 1614 2982; x_wconf 89' lang='lat' dir='ltr'><strong>nihilquidquam</strong></span> <span class='ocrx_word' id='word_1_379' title='bbox 1633 2908 1795 2978; x_wconf 90' lang='lat' dir='ltr'><strong>detrahitur,</strong></span> <span class='ocrx_word' id='word_1_380' title='bbox 1815 2926 1870 2981; x_wconf 90' lang='lat' dir='ltr'><strong>quo</strong></span> <span class='ocrx_word' id='word_1_381' title='bbox 1887 2908 1978 2963; x_wconf 90' lang='lat' dir='ltr'><strong>minus</strong></span> 
     </span>
     <span class='ocr_line' id='line_1_29' title="bbox 278 2992 1978 3067; baseline -0.002 -16"><span class='ocrx_word' id='word_1_382' title='bbox 278 3014 361 3052; x_wconf 88' lang='lat' dir='ltr'><strong>nemo</strong></span> <span class='ocrx_word' id='word_1_383' title='bbox 388 2995 477 3067; x_wconf 89' lang='lat' dir='ltr'><strong>possit</strong></span> <span class='ocrx_word' id='word_1_384' title='bbox 499 2993 558 3049; x_wconf 90' lang='lat' dir='ltr'><strong>fieri</strong></span> <span class='ocrx_word' id='word_1_385' title='bbox 584 2993 685 3048; x_wconf 84' lang='lat' dir='ltr'><strong>salvus.</strong></span> <span class='ocrx_word' id='word_1_386' title='bbox 728 2994 907 3050; x_wconf 86' lang='lat' dir='ltr'><strong>Bernhardus</strong></span> <span class='ocrx_word' id='word_1_387' title='bbox 931 2992 1050 3064; x_wconf 89' lang='lat' dir='ltr'><strong>epistola</strong></span> <span class='ocrx_word' id='word_1_388' title='bbox 1076 2999 1115 3047; x_wconf 80' lang='grc'><strong>17.</strong></span> <span class='ocrx_word' id='word_1_389' title='bbox 1142 2995 1171 3050; x_wconf 88' lang='grc'><strong>10</strong></span> <span class='ocrx_word' id='word_1_390' title='bbox 1193 3012 1261 3050; x_wconf 86' lang='lat' dir='ltr'><strong>casu</strong></span> <span class='ocrx_word' id='word_1_391' title='bbox 1291 2995 1463 3050; x_wconf 87' lang='lat' dir='ltr'><strong>necessitatis</strong></span> <span class='ocrx_word' id='word_1_392' title='bbox 1486 2995 1546 3051; x_wconf 88' lang='lat' dir='ltr'><strong>sine</strong></span> <span class='ocrx_word' id='word_1_393' title='bbox 1568 2993 1699 3065; x_wconf 89' lang='lat' dir='ltr'><strong>baptismi</strong></span> <span class='ocrx_word' id='word_1_394' title='bbox 1725 2995 1817 3049; x_wconf 89' lang='lat' dir='ltr'><strong>medio</strong></span> <span class='ocrx_word' id='word_1_395' title='bbox 1835 3011 1978 3066; x_wconf 86' lang='lat' dir='ltr'><strong>regenera-</strong></span> 
     </span>
     <span class='ocr_line' id='line_1_30' title="bbox 277 3079 1978 3155; baseline -0.002 -18"><span class='ocrx_word' id='word_1_396' title='bbox 277 3089 425 3155; x_wconf 89' lang='lat' dir='ltr'><strong>postquam</strong></span> <span class='ocrx_word' id='word_1_397' title='bbox 442 3080 531 3136; x_wconf 89' lang='lat' dir='ltr'><strong>multa</strong></span> <span class='ocrx_word' id='word_1_398' title='bbox 550 3098 585 3135; x_wconf 88' lang='lat' dir='ltr'><strong>ex</strong></span> <span class='ocrx_word' id='word_1_399' title='bbox 602 3079 751 3136; x_wconf 88' lang='lat' dir='ltr'><strong>Ambrosio</strong></span> <span class='ocrx_word' id='word_1_400' title='bbox 769 3086 797 3136; x_wconf 86' lang='lat' dir='ltr'><strong>et</strong></span> <span class='ocrx_word' id='word_1_401' title='bbox 815 3079 974 3151; x_wconf 84' lang='lat' dir='ltr'><strong>Augustino</strong></span> <span class='ocrx_word' id='word_1_402' title='bbox 990 3079 1116 3135; x_wconf 87' lang='lat' dir='ltr'><strong>citnsset:</strong></span> <span class='ocrx_word' id='word_1_403' title='bbox 1142 3080 1247 3136; x_wconf 89' lang='lat' dir='ltr'><strong>tionem</strong></span> <span class='ocrx_word' id='word_1_404' title='bbox 1271 3080 1380 3152; x_wconf 88' lang='lat' dir='ltr'><strong>operari</strong></span> <span class='ocrx_word' id='word_1_405' title='bbox 1403 3080 1498 3151; x_wconf 89' lang='lat' dir='ltr'><strong>possit.</strong></span> <span class='ocrx_word' id='word_1_406' title='bbox 1542 3079 1600 3137; x_wconf 86' lang='lat' dir='ltr'><strong>Nos</strong></span> <span class='ocrx_word' id='word_1_407' title='bbox 1627 3096 1721 3135; x_wconf 91' lang='lat' dir='ltr'><strong>sumus</strong></span> <span class='ocrx_word' id='word_1_408' title='bbox 1747 3080 1854 3150; x_wconf 86' lang='lat' dir='ltr'><strong>alligati</strong></span> <span class='ocrx_word' id='word_1_409' title='bbox 1872 3080 1978 3147; x_wconf 88' lang='lat' dir='ltr'><strong>mediis,</strong></span> 
     </span>
     <span class='ocr_line' id='line_1_31' title="bbox 285 3165 1978 3241; baseline -0.003 -17"><span class='ocrx_word' id='word_1_410' title='bbox 285 3171 371 3235; x_wconf 81' lang='lat' dir='ltr'><strong>Vide,</strong></span> <span class='ocrx_word' id='word_1_411' title='bbox 390 3168 493 3240; x_wconf 90' lang='lat' dir='ltr'><strong>inquit,</strong></span> <span class='ocrx_word' id='word_1_412' title='bbox 511 3185 546 3222; x_wconf 82' lang='lat' dir='ltr'><strong>ne</strong></span> <span class='ocrx_word' id='word_1_413' title='bbox 554 3169 637 3236; x_wconf 85' lang='lat' dir='ltr'><strong>forte</strong></span> <span class='ocrx_word' id='word_1_414' title='bbox 656 3167 690 3220; x_wconf 84' lang='lat' dir='ltr'><strong>ob</strong></span> <span class='ocrx_word' id='word_1_415' title='bbox 707 3167 759 3220; x_wconf 80' lang='lat' dir='ltr'><strong>boc</strong></span> <span class='ocrx_word' id='word_1_416' title='bbox 778 3166 904 3220; x_wconf 72' lang='grc'><strong>00100100</strong></span> <span class='ocrx_word' id='word_1_417' title='bbox 924 3184 985 3219; x_wconf 80' lang='lat' dir='ltr'><strong>carn</strong></span> <span class='ocrx_word' id='word_1_418' title='bbox 1003 3166 1116 3236; x_wconf 80' lang='lat' dir='ltr'><strong>diceret,</strong></span> <span class='ocrx_word' id='word_1_419' title='bbox 1143 3166 1245 3241; x_wconf 90' lang='lat' dir='ltr'><strong>quibus</strong></span> <span class='ocrx_word' id='word_1_420' title='bbox 1263 3172 1420 3223; x_wconf 87' lang='lat' dir='ltr'><strong>reverenter</strong></span> <span class='ocrx_word' id='word_1_421' title='bbox 1437 3167 1479 3221; x_wconf 91' lang='lat' dir='ltr'><strong>uti</strong></span> <span class='ocrx_word' id='word_1_422' title='bbox 1496 3165 1637 3235; x_wconf 89' lang='lat' dir='ltr'><strong>debemus,</strong></span> <span class='ocrx_word' id='word_1_423' title='bbox 1655 3166 1732 3222; x_wconf 91' lang='lat' dir='ltr'><strong>Deus</strong></span> <span class='ocrx_word' id='word_1_424' title='bbox 1750 3172 1843 3220; x_wconf 87' lang='lat' dir='ltr'><strong>autem</strong></span> <span class='ocrx_word' id='word_1_425' title='bbox 1860 3166 1978 3236; x_wconf 85' lang='lat' dir='ltr'><strong>gratiam</strong></span> 
     </span>
     <span class='ocr_line' id='line_1_32' title="bbox 279 3251 1980 3326; baseline -0.002 -18"><span class='ocrx_word' id='word_1_426' title='bbox 279 3256 330 3326; x_wconf 75' lang='lat' dir='ltr'><strong>qni</strong></span> <span class='ocrx_word' id='word_1_427' title='bbox 350 3256 503 3308; x_wconf 81' lang='lat' dir='ltr'><strong>crediderit</strong></span> <span class='ocrx_word' id='word_1_428' title='bbox 522 3261 548 3308; x_wconf 89' lang='lat' dir='ltr'><strong>et</strong></span> <span class='ocrx_word' id='word_1_429' title='bbox 564 3254 722 3323; x_wconf 75' lang='lat' dir='ltr'><strong>baptisatus</strong></span> <span class='ocrx_word' id='word_1_430' title='bbox 738 3253 842 3323; x_wconf 78' lang='lat' dir='ltr'><strong>suerit,</strong></span> <span class='ocrx_word' id='word_1_431' title='bbox 866 3253 963 3308; x_wconf 76' lang='lat' dir='ltr'><strong>salvus</strong></span> <span class='ocrx_word' id='word_1_432' title='bbox 990 3253 1043 3306; x_wconf 82' lang='lat' dir='ltr'><strong>crit</strong></span> <span class='ocrx_word' id='word_1_433' title='bbox 1063 3256 1115 3307; x_wconf 90' lang='grc'><strong>010.</strong></span> <span class='ocrx_word' id='word_1_434' title='bbox 1143 3259 1172 3310; x_wconf 89' lang='grc'><strong>01</strong></span> <span class='ocrx_word' id='word_1_435' title='bbox 1194 3253 1347 3309; x_wconf 83' lang='lat' dir='ltr'><strong>efficaciam</strong></span> <span class='ocrx_word' id='word_1_436' title='bbox 1371 3269 1451 3307; x_wconf 89' lang='lat' dir='ltr'><strong>auam</strong></span> <span class='ocrx_word' id='word_1_437' title='bbox 1472 3252 1527 3307; x_wconf 92' lang='lat' dir='ltr'><strong>illis</strong></span> <span class='ocrx_word' id='word_1_438' title='bbox 1552 3270 1609 3308; x_wconf 93' lang='lat' dir='ltr'><strong>non</strong></span> <span class='ocrx_word' id='word_1_439' title='bbox 1627 3268 1660 3307; x_wconf 92' lang='lat' dir='ltr'><strong>eo</strong></span> <span class='ocrx_word' id='word_1_440' title='bbox 1679 3252 1760 3307; x_wconf 89' lang='lat' dir='ltr'><strong>modo</strong></span> <span class='ocrx_word' id='word_1_441' title='bbox 1779 3251 1920 3324; x_wconf 81' lang='lat' dir='ltr'><strong>alligavit,</strong></span> <span class='ocrx_word' id='word_1_442' title='bbox 1948 3258 1980 3306; x_wconf 90' lang='lat' dir='ltr'><strong>ut</strong></span> 
     </span>
     <span class='ocr_line' id='line_1_33' title="bbox 279 3337 2094 3412; baseline -0.002 -17"><span class='ocrx_word' id='word_1_443' title='bbox 279 3349 361 3395; x_wconf 84' lang='lat' dir='ltr'><strong>cante</strong></span> <span class='ocrx_word' id='word_1_444' title='bbox 387 3348 413 3394; x_wconf 87' lang='lat' dir='ltr'><strong>et</strong></span> <span class='ocrx_word' id='word_1_445' title='bbox 434 3341 586 3408; x_wconf 65' lang='lat' dir='ltr'><strong>tripidantes·</strong></span> <span class='ocrx_word' id='word_1_446' title='bbox 608 3358 665 3393; x_wconf 84' lang='lat' dir='ltr'><strong>non</strong></span> <span class='ocrx_word' id='word_1_447' title='bbox 682 3339 840 3409; x_wconf 83' lang='lat' dir='ltr'><strong>repetierit,</strong></span> <span class='ocrx_word' id='word_1_448' title='bbox 870 3340 921 3408; x_wconf 81' lang='lat' dir='ltr'><strong>qni</strong></span> <span class='ocrx_word' id='word_1_449' title='bbox 941 3357 1006 3393; x_wconf 87' lang='lat' dir='ltr'><strong>sero</strong></span> <span class='ocrx_word' id='word_1_450' title='bbox 1028 3340 1117 3409; x_wconf 80' lang='lat' dir='ltr'><strong>bapti·</strong></span> <span class='ocrx_word' id='word_1_451' title='bbox 1142 3348 1265 3412; x_wconf 86' lang='lat' dir='ltr'><strong>nequeat</strong></span> <span class='ocrx_word' id='word_1_452' title='bbox 1300 3339 1518 3395; x_wconf 73' lang='lat' dir='ltr'><strong>eruaordinarie</strong></span> <span class='ocrx_word' id='word_1_453' title='bbox 1555 3346 1584 3395; x_wconf 90' lang='lat' dir='ltr'><strong>et</strong></span> <span class='ocrx_word' id='word_1_454' title='bbox 1616 3337 1773 3395; x_wconf 89' lang='lat' dir='ltr'><strong>immediate</strong></span> <span class='ocrx_word' id='word_1_455' title='bbox 1807 3338 1836 3392; x_wconf 91' lang='lat' dir='ltr'><strong>in</strong></span> <span class='ocrx_word' id='word_1_456' title='bbox 1867 3337 1979 3409; x_wconf 80' lang='lat' dir='ltr'><strong>negotio</strong></span> <span class='ocrx_word' id='word_1_457' title='bbox 2088 3360 2094 3367; x_wconf 95' lang='lat'>·</span> 
     </span>
     <span class='ocr_line' id='line_1_34' title="bbox 278 3423 1978 3499; baseline -0.004 -16"><span class='ocrx_word' id='word_1_458' title='bbox 278 3437 358 3483; x_wconf 83' lang='lat' dir='ltr'><strong>cates</strong></span> <span class='ocrx_word' id='word_1_459' title='bbox 382 3444 438 3480; x_wconf 74' lang='lat' dir='ltr'><strong>raon</strong></span> <span class='ocrx_word' id='word_1_460' title='bbox 463 3427 566 3497; x_wconf 79' lang='lat' dir='ltr'><strong>suerit,</strong></span> <span class='ocrx_word' id='word_1_461' title='bbox 590 3429 643 3480; x_wconf 83' lang='lat' dir='ltr'><strong>sed</strong></span> <span class='ocrx_word' id='word_1_462' title='bbox 666 3434 775 3480; x_wconf 80' lang='lat' dir='ltr'><strong>tentum</strong></span> <span class='ocrx_word' id='word_1_463' title='bbox 801 3425 851 3495; x_wconf 81' lang='lat' dir='ltr'><strong>qni</strong></span> <span class='ocrx_word' id='word_1_464' title='bbox 867 3443 932 3480; x_wconf 81' lang='lat' dir='ltr'><strong>nere</strong></span> <span class='ocrx_word' id='word_1_465' title='bbox 951 3444 1008 3480; x_wconf 82' lang='lat' dir='ltr'><strong>non</strong></span> <span class='ocrx_word' id='word_1_466' title='bbox 1026 3426 1116 3480; x_wconf 85' lang='lat' dir='ltr'><strong>credi·</strong></span> <span class='ocrx_word' id='word_1_467' title='bbox 1143 3428 1241 3483; x_wconf 90' lang='lat' dir='ltr'><strong>salutis</strong></span> <span class='ocrx_word' id='word_1_468' title='bbox 1269 3443 1359 3499; x_wconf 84' lang='lat' dir='ltr'><strong>agere.</strong></span> <span class='ocrx_word' id='word_1_469' title='bbox 1395 3425 1552 3481; x_wconf 79' lang='lat' dir='ltr'><strong>dohannem</strong></span> <span class='ocrx_word' id='word_1_470' title='bbox 1576 3425 1605 3480; x_wconf 91' lang='lat' dir='ltr'><strong>in</strong></span> <span class='ocrx_word' id='word_1_471' title='bbox 1628 3429 1707 3480; x_wconf 87' lang='lat' dir='ltr'><strong>utero</strong></span> <span class='ocrx_word' id='word_1_472' title='bbox 1733 3424 1851 3494; x_wconf 84' lang='lat' dir='ltr'><strong>replevit</strong></span> <span class='ocrx_word' id='word_1_473' title='bbox 1872 3423 1978 3494; x_wconf 82' lang='lat' dir='ltr'><strong>Spiritu</strong></span> 
     </span>
     <span class='ocr_line' id='line_1_35' title="bbox 279 3510 1979 3584; baseline -0.002 -15"><span class='ocrx_word' id='word_1_474' title='bbox 279 3515 365 3583; x_wconf 84' lang='lat' dir='ltr'><strong>derit,</strong></span> <span class='ocrx_word' id='word_1_475' title='bbox 385 3514 625 3582; x_wconf 81' lang='lat' dir='ltr'><strong>condemnabitur,</strong></span> <span class='ocrx_word' id='word_1_476' title='bbox 644 3514 776 3567; x_wconf 80' lang='lat' dir='ltr'><strong>nimirem</strong></span> <span class='ocrx_word' id='word_1_477' title='bbox 789 3512 913 3580; x_wconf 79' lang='lat' dir='ltr'><strong>innuens,</strong></span> <span class='ocrx_word' id='word_1_478' title='bbox 929 3512 1115 3567; x_wconf 68' lang='grc'><strong>0010010100-</strong></span> <span class='ocrx_word' id='word_1_479' title='bbox 1142 3521 1252 3583; x_wconf 83' lang='grc'><strong>000010,</strong></span> <span class='ocrx_word' id='word_1_480' title='bbox 1277 3531 1341 3570; x_wconf 88' lang='lat' dir='ltr'><strong>eum</strong></span> <span class='ocrx_word' id='word_1_481' title='bbox 1366 3511 1435 3567; x_wconf 85' lang='lat' dir='ltr'><strong>alias</strong></span> <span class='ocrx_word' id='word_1_482' title='bbox 1454 3529 1504 3584; x_wconf 91' lang='lat' dir='ltr'><strong>per</strong></span> <span class='ocrx_word' id='word_1_483' title='bbox 1529 3514 1645 3568; x_wconf 80' lang='lat' dir='ltr'><strong>verbum</strong></span> <span class='ocrx_word' id='word_1_484' title='bbox 1664 3517 1692 3567; x_wconf 88' lang='lat' dir='ltr'><strong>et</strong></span> <span class='ocrx_word' id='word_1_485' title='bbox 1710 3516 1883 3566; x_wconf 88' lang='lat' dir='ltr'><strong>sacramenta</strong></span> <span class='ocrx_word' id='word_1_486' title='bbox 1897 3510 1979 3565; x_wconf 89' lang='lat' dir='ltr'><strong>detur</strong></span> 
     </span>
     <span class='ocr_line' id='line_1_36' title="bbox 279 3597 1977 3672; baseline -0.002 -17"><span class='ocrx_word' id='word_1_487' title='bbox 279 3605 348 3656; x_wconf 84' lang='lat' dir='ltr'><strong>dum</strong></span> <span class='ocrx_word' id='word_1_488' title='bbox 376 3601 459 3666; x_wconf 71' lang='lat' dir='ltr'><strong>ficiem</strong></span> <span class='ocrx_word' id='word_1_489' title='bbox 477 3600 610 3666; x_wconf 76' lang='lat' dir='ltr'><strong>sufficere</strong></span> <span class='ocrx_word' id='word_1_490' title='bbox 630 3598 809 3652; x_wconf 78' lang='lat' dir='ltr'><strong>adsalutem</strong></span> <span class='ocrx_word' id='word_1_491' title='bbox 832 3606 857 3652; x_wconf 92' lang='lat' dir='ltr'><strong>ct</strong></span> <span class='ocrx_word' id='word_1_492' title='bbox 876 3599 936 3652; x_wconf 84' lang='lat' dir='ltr'><strong>sine</strong></span> <span class='ocrx_word' id='word_1_493' title='bbox 955 3600 1019 3669; x_wconf 84' lang='lat' dir='ltr'><strong>ipsa</strong></span> <span class='ocrx_word' id='word_1_494' title='bbox 1035 3600 1117 3667; x_wconf 82' lang='lat' dir='ltr'><strong>suffi-</strong></span> <span class='ocrx_word' id='word_1_495' title='bbox 1143 3601 1263 3672; x_wconf 84' lang='lat' dir='ltr'><strong>Spiritus</strong></span> <span class='ocrx_word' id='word_1_496' title='bbox 1277 3605 1398 3655; x_wconf 88' lang='lat' dir='ltr'><strong>sanetus.</strong></span> <span class='ocrx_word' id='word_1_497' title='bbox 1427 3599 1547 3654; x_wconf 87' lang='lat' dir='ltr'><strong>Paulum</strong></span> <span class='ocrx_word' id='word_1_498' title='bbox 1565 3597 1701 3653; x_wconf 89' lang='lat' dir='ltr'><strong>convertit</strong></span> <span class='ocrx_word' id='word_1_499' title='bbox 1718 3597 1868 3668; x_wconf 84' lang='lat' dir='ltr'><strong>spirantem</strong></span> <span class='ocrx_word' id='word_1_500' title='bbox 1888 3597 1977 3652; x_wconf 87' lang='lat' dir='ltr'><strong>minas</strong></span> 
     </span>
     <span class='ocr_line' id='line_1_37' title="bbox 278 3683 1977 3754; baseline -0.003 -11"><span class='ocrx_word' id='word_1_501' title='bbox 278 3704 343 3743; x_wconf 86' lang='lat' dir='ltr'><strong>cere</strong></span> <span class='ocrx_word' id='word_1_502' title='bbox 370 3687 451 3743; x_wconf 80' lang='lat' dir='ltr'><strong>nihil.</strong></span> <span class='ocrx_word' id='word_1_503' title='bbox 496 3684 603 3746; x_wconf 85' lang='lat' dir='ltr'><strong>Eodem</strong></span> <span class='ocrx_word' id='word_1_504' title='bbox 631 3702 714 3740; x_wconf 88' lang='lat' dir='ltr'><strong>sensu</strong></span> <span class='ocrx_word' id='word_1_505' title='bbox 739 3684 880 3740; x_wconf 89' lang='lat' dir='ltr'><strong>Lutherus</strong></span> <span class='ocrx_word' id='word_1_506' title='bbox 906 3691 970 3740; x_wconf 89' lang='lat' dir='ltr'><strong>tom.</strong></span> <span class='ocrx_word' id='word_1_507' title='bbox 999 3692 1023 3740; x_wconf 80' lang='lat'><strong>2.</strong></span> <span class='ocrx_word' id='word_1_508' title='bbox 1052 3686 1116 3739; x_wconf 77' lang='lat' dir='ltr'><strong>«len.</strong></span> <span class='ocrx_word' id='word_1_509' title='bbox 1143 3693 1171 3743; x_wconf 93' lang='lat' dir='ltr'><strong>et</strong></span> <span class='ocrx_word' id='word_1_510' title='bbox 1187 3686 1300 3754; x_wconf 87' lang='lat' dir='ltr'><strong>caedes,</strong></span> <span class='ocrx_word' id='word_1_511' title='bbox 1337 3686 1433 3741; x_wconf 82' lang='lat' dir='ltr'><strong>Actor.</strong></span> <span class='ocrx_word' id='word_1_512' title='bbox 1455 3691 1485 3749; x_wconf 79' lang='lat' dir='ltr'><strong>t),</strong></span> <span class='ocrx_word' id='word_1_513' title='bbox 1504 3703 1529 3738; x_wconf 83' lang='lat' dir='ltr'><strong>r.</strong></span> <span class='ocrx_word' id='word_1_514' title='bbox 1552 3691 1573 3741; x_wconf 90' lang='grc'><strong>1.</strong></span> <span class='ocrx_word' id='word_1_515' title='bbox 1594 3701 1658 3739; x_wconf 91' lang='lat' dir='ltr'><strong>cum</strong></span> <span class='ocrx_word' id='word_1_516' title='bbox 1676 3684 1745 3740; x_wconf 87' lang='lat' dir='ltr'><strong>alias</strong></span> <span class='ocrx_word' id='word_1_517' title='bbox 1762 3683 1884 3739; x_wconf 90' lang='lat' dir='ltr'><strong>medium</strong></span> <span class='ocrx_word' id='word_1_518' title='bbox 1905 3683 1977 3738; x_wconf 92' lang='lat' dir='ltr'><strong>ordi·</strong></span> 
     </span>
     <span class='ocr_line' id='line_1_38' title="bbox 280 3771 1977 3844; baseline -0.003 -15"><span class='ocrx_word' id='word_1_519' title='bbox 280 3775 343 3829; x_wconf 78' lang='lat' dir='ltr'><strong>Lat</strong></span> <span class='ocrx_word' id='word_1_520' title='bbox 362 3792 391 3844; x_wconf 89' lang='lat' dir='ltr'><strong>p.</strong></span> <span class='ocrx_word' id='word_1_521' title='bbox 412 3778 470 3828; x_wconf 77' lang='lat'><strong>787.</strong></span> <span class='ocrx_word' id='word_1_522' title='bbox 488 3778 634 3826; x_wconf 86' lang='lat' dir='ltr'><strong>monstrat:</strong></span> <span class='ocrx_word' id='word_1_523' title='bbox 663 3772 769 3827; x_wconf 72' lang='lat' dir='ltr'><strong>Christi</strong></span> <span class='ocrx_word' id='word_1_524' title='bbox 782 3773 872 3842; x_wconf 82' lang='lat' dir='ltr'><strong>fidem</strong></span> <span class='ocrx_word' id='word_1_525' title='bbox 892 3773 921 3825; x_wconf 85' lang='lat' dir='ltr'><strong>in</strong></span> <span class='ocrx_word' id='word_1_526' title='bbox 940 3771 1120 3826; x_wconf 69' lang='lat' dir='ltr'><strong>armamento</strong></span> <span class='ocrx_word' id='word_1_527' title='bbox 1142 3774 1252 3829; x_wconf 86' lang='lat' dir='ltr'><strong>narium</strong></span> <span class='ocrx_word' id='word_1_528' title='bbox 1264 3771 1450 3828; x_wconf 84' lang='lat' dir='ltr'><strong>conversionis</strong></span> <span class='ocrx_word' id='word_1_529' title='bbox 1461 3771 1498 3826; x_wconf 92' lang='lat' dir='ltr'><strong>sit</strong></span> <span class='ocrx_word' id='word_1_530' title='bbox 1509 3773 1624 3826; x_wconf 74' lang='lat' dir='ltr'><strong>audeus</strong></span> <span class='ocrx_word' id='word_1_531' title='bbox 1641 3772 1720 3825; x_wconf 78' lang='lat' dir='ltr'><strong>certi</strong></span> <span class='ocrx_word' id='word_1_532' title='bbox 1731 3772 1812 3825; x_wconf 89' lang='lat' dir='ltr'><strong>Rom.</strong></span> <span class='ocrx_word' id='word_1_533' title='bbox 1832 3775 1872 3840; x_wconf 84' lang='grc'><strong>10,</strong></span> <span class='ocrx_word' id='word_1_534' title='bbox 1891 3789 1917 3827; x_wconf 84' lang='lat' dir='ltr'><strong>v.</strong></span> <span class='ocrx_word' id='word_1_535' title='bbox 1938 3776 1977 3825; x_wconf 84' lang='grc'><strong>11.</strong></span> 
     </span>
     <span class='ocr_line' id='line_1_39' title="bbox 279 3857 1993 3934; baseline -0.003 -19"><span class='ocrx_word' id='word_1_536' title='bbox 279 3863 353 3915; x_wconf 78' lang='lat' dir='ltr'><strong>odeo</strong></span> <span class='ocrx_word' id='word_1_537' title='bbox 377 3876 435 3914; x_wconf 78' lang='grc'><strong>0000</strong></span> <span class='ocrx_word' id='word_1_538' title='bbox 458 3858 662 3925; x_wconf 83' lang='lat' dir='ltr'><strong>neeessariam,</strong></span> <span class='ocrx_word' id='word_1_539' title='bbox 685 3865 715 3911; x_wconf 84' lang='grc'><strong>01</strong></span> <span class='ocrx_word' id='word_1_540' title='bbox 741 3858 827 3911; x_wconf 83' lang='lat' dir='ltr'><strong>etiem</strong></span> <span class='ocrx_word' id='word_1_541' title='bbox 852 3858 913 3911; x_wconf 84' lang='lat' dir='ltr'><strong>sine</strong></span> <span class='ocrx_word' id='word_1_542' title='bbox 940 3866 1117 3913; x_wconf 68' lang='grc'><strong>0000000010</strong></span> <span class='ocrx_word' id='word_1_543' title='bbox 1143 3878 1192 3934; x_wconf 88' lang='lat' dir='ltr'><strong>per</strong></span> <span class='ocrx_word' id='word_1_544' title='bbox 1217 3860 1291 3932; x_wconf 93' lang='lat' dir='ltr'><strong>quod</strong></span> <span class='ocrx_word' id='word_1_545' title='bbox 1314 3858 1412 3915; x_wconf 85' lang='lat' dir='ltr'><strong>efficax</strong></span> <span class='ocrx_word' id='word_1_546' title='bbox 1440 3863 1484 3913; x_wconf 89' lang='lat' dir='ltr'><strong>eat</strong></span> <span class='ocrx_word' id='word_1_547' title='bbox 1508 3858 1537 3913; x_wconf 92' lang='lat' dir='ltr'><strong>in</strong></span> <span class='ocrx_word' id='word_1_548' title='bbox 1561 3857 1691 3913; x_wconf 90' lang='lat' dir='ltr'><strong>cordibus</strong></span> <span class='ocrx_word' id='word_1_549' title='bbox 1719 3872 1832 3921; x_wconf 91' lang='lat' dir='ltr'><strong>eorum,</strong></span> <span class='ocrx_word' id='word_1_550' title='bbox 1854 3857 1904 3925; x_wconf 79' lang='lat' dir='ltr'><strong>qni</strong></span> <span class='ocrx_word' id='word_1_551' title='bbox 1923 3859 1993 3910; x_wconf 63' lang='lat' dir='ltr'><strong>non*</strong></span> 
     </span>
     <span class='ocr_line' id='line_1_40' title="bbox 278 3943 1978 4016; baseline -0.004 -15"><span class='ocrx_word' id='word_1_552' title='bbox 278 3964 394 4001; x_wconf 80' lang='lat' dir='ltr'><strong>serrare</strong></span> <span class='ocrx_word' id='word_1_553' title='bbox 406 3946 517 4015; x_wconf 82' lang='lat' dir='ltr'><strong>possit,</strong></span> <span class='ocrx_word' id='word_1_554' title='bbox 534 3946 598 3998; x_wconf 82' lang='lat' dir='ltr'><strong>ideo</strong></span> <span class='ocrx_word' id='word_1_555' title='bbox 615 3944 707 3998; x_wconf 88' lang='lat' dir='ltr'><strong>nelnit</strong></span> <span class='ocrx_word' id='word_1_556' title='bbox 726 3943 867 4014; x_wconf 82' lang='lat' dir='ltr'><strong>adjicere,</strong></span> <span class='ocrx_word' id='word_1_557' title='bbox 886 3944 937 4013; x_wconf 76' lang='lat' dir='ltr'><strong>qai</strong></span> <span class='ocrx_word' id='word_1_558' title='bbox 954 3962 1009 3998; x_wconf 86' lang='lat' dir='ltr'><strong>non</strong></span> <span class='ocrx_word' id='word_1_559' title='bbox 1027 3945 1116 3998; x_wconf 78' lang='lat' dir='ltr'><strong>creeti-</strong></span> <span class='ocrx_word' id='word_1_560' title='bbox 1142 3947 1276 4002; x_wconf 80' lang='lat' dir='ltr'><strong>resistunt</strong></span> <span class='ocrx_word' id='word_1_561' title='bbox 1296 3946 1419 4016; x_wconf 77' lang='lat' dir='ltr'><strong>Spiritui</strong></span> <span class='ocrx_word' id='word_1_562' title='bbox 1435 3952 1534 3998; x_wconf 84' lang='lat' dir='ltr'><strong>sancto</strong></span> <span class='ocrx_word' id='word_1_563' title='bbox 1569 3944 1663 3998; x_wconf 83' lang='lat' dir='ltr'><strong>Actor.</strong></span> <span class='ocrx_word' id='word_1_564' title='bbox 1684 3949 1715 4012; x_wconf 80' lang='lat' dir='ltr'><strong>t,</strong></span> <span class='ocrx_word' id='word_1_565' title='bbox 1732 3959 1759 3995; x_wconf 85' lang='lat' dir='ltr'><strong>v.</strong></span> <span class='ocrx_word' id='word_1_566' title='bbox 1782 3947 1822 3997; x_wconf 85' lang='grc'><strong>51.</strong></span> <span class='ocrx_word' id='word_1_567' title='bbox 1847 3958 1898 3996; x_wconf 83' lang='grc'><strong>000</strong></span> <span class='ocrx_word' id='word_1_568' title='bbox 1916 3959 1978 3996; x_wconf 87' lang='lat' dir='ltr'><strong>con·</strong></span> 
     </span>
     <span class='ocr_line' id='line_1_41' title="bbox 279 4027 1979 4101; baseline -0.004 -11"><span class='ocrx_word' id='word_1_569' title='bbox 279 4034 357 4089; x_wconf 79' lang='lat' dir='ltr'><strong>derit</strong></span> <span class='ocrx_word' id='word_1_570' title='bbox 383 4040 409 4085; x_wconf 89' lang='lat' dir='ltr'><strong>ct</strong></span> <span class='ocrx_word' id='word_1_571' title='bbox 430 4049 486 4086; x_wconf 86' lang='lat' dir='ltr'><strong>non</strong></span> <span class='ocrx_word' id='word_1_572' title='bbox 505 4031 663 4101; x_wconf 77' lang='lat' dir='ltr'><strong>baptisatus</strong></span> <span class='ocrx_word' id='word_1_573' title='bbox 678 4031 776 4094; x_wconf 79' lang='lat' dir='ltr'><strong>suerit.</strong></span> <span class='ocrx_word' id='word_1_574' title='bbox 820 4037 844 4087; x_wconf 82' lang='lat'><strong>7.</strong></span> <span class='ocrx_word' id='word_1_575' title='bbox 862 4029 983 4096; x_wconf 86' lang='lat' dir='ltr'><strong>Quidam</strong></span> <span class='ocrx_word' id='word_1_576' title='bbox 1001 4035 1118 4085; x_wconf 87' lang='lat' dir='ltr'><strong>utuntur</strong></span> <span class='ocrx_word' id='word_1_577' title='bbox 1142 4035 1239 4089; x_wconf 83' lang='lat' dir='ltr'><strong>sitium</strong></span> <span class='ocrx_word' id='word_1_578' title='bbox 1259 4033 1319 4086; x_wconf 85' lang='lat' dir='ltr'><strong>Dei</strong></span> <span class='ocrx_word' id='word_1_579' title='bbox 1335 4033 1471 4085; x_wconf 73' lang='lat' dir='ltr'><strong>advenas</strong></span> <span class='ocrx_word' id='word_1_580' title='bbox 1490 4037 1575 4084; x_wconf 86' lang='lat' dir='ltr'><strong>semet</strong></span> <span class='ocrx_word' id='word_1_581' title='bbox 1591 4030 1669 4098; x_wconf 79' lang='grc'><strong>10000</strong></span> <span class='ocrx_word' id='word_1_582' title='bbox 1685 4035 1821 4099; x_wconf 72' lang='grc'><strong>00000001</strong></span> <span class='ocrx_word' id='word_1_583' title='bbox 1841 4027 1936 4083; x_wconf 85' lang='lat' dir='ltr'><strong>Lucae</strong></span> <span class='ocrx_word' id='word_1_584' title='bbox 1955 4034 1979 4092; x_wconf 81' lang='lat' dir='ltr'><strong>t,</strong></span> 
     </span>
     <span class='ocr_line' id='line_1_42' title="bbox 278 4113 1979 4189; baseline -0.003 -14"><span class='ocrx_word' id='word_1_585' title='bbox 278 4120 363 4176; x_wconf 88' lang='lat' dir='ltr'><strong>etiam</strong></span> <span class='ocrx_word' id='word_1_586' title='bbox 389 4118 443 4173; x_wconf 92' lang='lat' dir='ltr'><strong>hoc</strong></span> <span class='ocrx_word' id='word_1_587' title='bbox 467 4122 650 4189; x_wconf 81' lang='lat' dir='ltr'><strong>argumento:</strong></span> <span class='ocrx_word' id='word_1_588' title='bbox 686 4116 716 4173; x_wconf 86' lang='lat' dir='ltr'><strong>Si</strong></span> <span class='ocrx_word' id='word_1_589' title='bbox 740 4116 817 4172; x_wconf 89' lang='lat' dir='ltr'><strong>Deus</strong></span> <span class='ocrx_word' id='word_1_590' title='bbox 846 4116 972 4188; x_wconf 88' lang='lat' dir='ltr'><strong>pepercit</strong></span> <span class='ocrx_word' id='word_1_591' title='bbox 993 4118 1116 4187; x_wconf 89' lang='lat' dir='ltr'><strong>parvulis</strong></span> <span class='ocrx_word' id='word_1_592' title='bbox 1143 4139 1168 4174; x_wconf 82' lang='lat' dir='ltr'><strong>r.</strong></span> <span class='ocrx_word' id='word_1_593' title='bbox 1188 4125 1228 4174; x_wconf 91' lang='grc'><strong>30.</strong></span> <span class='ocrx_word' id='word_1_594' title='bbox 1264 4124 1289 4175; x_wconf 79' lang='grc'><strong>6.</strong></span> <span class='ocrx_word' id='word_1_595' title='bbox 1301 4116 1451 4188; x_wconf 84' lang='lat' dir='ltr'><strong>Erpendat</strong></span> <span class='ocrx_word' id='word_1_596' title='bbox 1462 4115 1549 4188; x_wconf 77' lang='lat' dir='ltr'><strong>igitur</strong></span> <span class='ocrx_word' id='word_1_597' title='bbox 1561 4114 1746 4171; x_wconf 89' lang='lat' dir='ltr'><strong>Bellarminus</strong></span> <span class='ocrx_word' id='word_1_598' title='bbox 1758 4114 1845 4169; x_wconf 88' lang='lat' dir='ltr'><strong>verba</strong></span> <span class='ocrx_word' id='word_1_599' title='bbox 1855 4113 1979 4170; x_wconf 86' lang='lat' dir='ltr'><strong>Thomas</strong></span> 
     </span>
     <span class='ocr_line' id='line_1_43' title="bbox 279 4200 1979 4277; baseline -0.006 -13"><span class='ocrx_word' id='word_1_600' title='bbox 279 4206 468 4264; x_wconf 87' lang='lat' dir='ltr'><strong>Ninivitarum</strong></span> <span class='ocrx_word' id='word_1_601' title='bbox 483 4204 519 4258; x_wconf 88' lang='lat' dir='ltr'><strong>ad</strong></span> <span class='ocrx_word' id='word_1_602' title='bbox 538 4220 568 4259; x_wconf 92' lang='lat' dir='ltr'><strong>se</strong></span> <span class='ocrx_word' id='word_1_603' title='bbox 586 4220 780 4258; x_wconf 88' lang='lat' dir='ltr'><strong>conversorum</strong></span> <span class='ocrx_word' id='word_1_604' title='bbox 800 4202 892 4274; x_wconf 84' lang='lat' dir='ltr'><strong>quoad</strong></span> <span class='ocrx_word' id='word_1_605' title='bbox 911 4220 1030 4273; x_wconf 86' lang='lat' dir='ltr'><strong>poenam</strong></span> <span class='ocrx_word' id='word_1_606' title='bbox 1049 4210 1116 4260; x_wconf 88' lang='lat' dir='ltr'><strong>tem·</strong></span> <span class='ocrx_word' id='word_1_607' title='bbox 1143 4204 1248 4277; x_wconf 91' lang='lat' dir='ltr'><strong>Aquin.</strong></span> <span class='ocrx_word' id='word_1_608' title='bbox 1267 4208 1379 4275; x_wconf 76' lang='grc'><strong>00013.</strong></span> <span class='ocrx_word' id='word_1_609' title='bbox 1399 4222 1425 4275; x_wconf 86' lang='lat' dir='ltr'><strong>q.¹</strong></span> <span class='ocrx_word' id='word_1_610' title='bbox 1445 4206 1494 4257; x_wconf 79' lang='lat' dir='ltr'><strong>os:</strong></span> <span class='ocrx_word' id='word_1_611' title='bbox 1527 4204 1606 4256; x_wconf 75' lang='lat' dir='ltr'><strong>Deras</strong></span> <span class='ocrx_word' id='word_1_612' title='bbox 1626 4219 1683 4256; x_wconf 84' lang='lat' dir='ltr'><strong>non</strong></span> <span class='ocrx_word' id='word_1_613' title='bbox 1705 4201 1837 4270; x_wconf 82' lang='lat' dir='ltr'><strong>allipeoit</strong></span> <span class='ocrx_word' id='word_1_614' title='bbox 1853 4200 1979 4268; x_wconf 77' lang='lat' dir='ltr'><strong>pretinm</strong></span> 
     </span>
     <span class='ocr_line' id='line_1_44' title="bbox 278 4286 1978 4366; baseline -0.005 -17"><span class='ocrx_word' id='word_1_615' title='bbox 278 4294 417 4366; x_wconf 79' lang='lat' dir='ltr'><strong>perulam,</strong></span> <span class='ocrx_word' id='word_1_616' title='bbox 444 4291 531 4346; x_wconf 89' lang='lat' dir='ltr'><strong>multo</strong></span> <span class='ocrx_word' id='word_1_617' title='bbox 556 4290 647 4361; x_wconf 86' lang='lat' dir='ltr'><strong>magis</strong></span> <span class='ocrx_word' id='word_1_618' title='bbox 667 4288 816 4346; x_wconf 86' lang='lat' dir='ltr'><strong>verisimile</strong></span> <span class='ocrx_word' id='word_1_619' title='bbox 833 4294 887 4356; x_wconf 89' lang='lat' dir='ltr'><strong>ost,</strong></span> <span class='ocrx_word' id='word_1_620' title='bbox 913 4306 975 4344; x_wconf 92' lang='lat' dir='ltr'><strong>eum</strong></span> <span class='ocrx_word' id='word_1_621' title='bbox 994 4291 1116 4361; x_wconf 83' lang='lat' dir='ltr'><strong>parvulis</strong></span> <span class='ocrx_word' id='word_1_622' title='bbox 1143 4310 1225 4346; x_wconf 76' lang='grc'><strong>00000</strong></span> <span class='ocrx_word' id='word_1_623' title='bbox 1242 4289 1439 4354; x_wconf 61' lang='lat' dir='ltr'><strong>remanentia·</strong></span> <span class='ocrx_word' id='word_1_624' title='bbox 1458 4286 1651 4343; x_wconf 88' lang='lat' dir='ltr'><strong>etLombardi</strong></span> <span class='ocrx_word' id='word_1_625' title='bbox 1668 4287 1716 4343; x_wconf 92' lang='lat' dir='ltr'><strong>lib.</strong></span> <span class='ocrx_word' id='word_1_626' title='bbox 1734 4294 1760 4343; x_wconf 83' lang='grc'><strong>1.</strong></span> <span class='ocrx_word' id='word_1_627' title='bbox 1780 4292 1849 4342; x_wconf 85' lang='lat' dir='ltr'><strong>sent.</strong></span> <span class='ocrx_word' id='word_1_628' title='bbox 1869 4286 1934 4341; x_wconf 93' lang='lat' dir='ltr'><strong>diss.</strong></span> <span class='ocrx_word' id='word_1_629' title='bbox 1953 4292 1978 4342; x_wconf 83' lang='grc'><strong>1.</strong></span> 
     </span>
     <span class='ocr_line' id='line_1_45' title="bbox 279 4373 1979 4449; baseline -0.006 -12"><span class='ocrx_word' id='word_1_630' title='bbox 279 4401 312 4437; x_wconf 88' lang='lat' dir='ltr'><strong>ex</strong></span> <span class='ocrx_word' id='word_1_631' title='bbox 341 4379 445 4434; x_wconf 88' lang='lat' dir='ltr'><strong>semine</strong></span> <span class='ocrx_word' id='word_1_632' title='bbox 470 4377 602 4434; x_wconf 88' lang='lat' dir='ltr'><strong>Abrahae</strong></span> <span class='ocrx_word' id='word_1_633' title='bbox 620 4378 693 4433; x_wconf 87' lang='lat' dir='ltr'><strong>netis</strong></span> <span class='ocrx_word' id='word_1_634' title='bbox 710 4377 868 4449; x_wconf 88' lang='lat' dir='ltr'><strong>pepercisse</strong></span> <span class='ocrx_word' id='word_1_635' title='bbox 885 4378 978 4449; x_wconf 91' lang='lat' dir='ltr'><strong>quoad</strong></span> <span class='ocrx_word' id='word_1_636' title='bbox 997 4394 1115 4449; x_wconf 89' lang='lat' dir='ltr'><strong>poenam</strong></span> <span class='ocrx_word' id='word_1_637' title='bbox 1142 4379 1181 4433; x_wconf 86' lang='lat' dir='ltr'><strong>lit</strong></span> <span class='ocrx_word' id='word_1_638' title='bbox 1205 4376 1242 4430; x_wconf 87' lang='lat' dir='ltr'><strong>E:</strong></span> <span class='ocrx_word' id='word_1_639' title='bbox 1275 4375 1390 4429; x_wconf 83' lang='lat' dir='ltr'><strong>Dictum</strong></span> <span class='ocrx_word' id='word_1_640' title='bbox 1414 4373 1522 4428; x_wconf 75' lang='lat' dir='ltr'><strong>Christi</strong></span> <span class='ocrx_word' id='word_1_641' title='bbox 1551 4374 1616 4430; x_wconf 83' lang='lat' dir='ltr'><strong>Joh.</strong></span> <span class='ocrx_word' id='word_1_642' title='bbox 1644 4378 1668 4429; x_wconf 89' lang='grc'><strong>3.</strong></span> <span class='ocrx_word' id='word_1_643' title='bbox 1701 4373 1916 4442; x_wconf 80' lang='lat' dir='ltr'><strong>intettipendam</strong></span> <span class='ocrx_word' id='word_1_644' title='bbox 1943 4374 1979 4427; x_wconf 83' lang='lat' dir='ltr'><strong>de</strong></span> 
     </span>
     <span class='ocr_line' id='line_1_46' title="bbox 278 4460 1978 4536; baseline -0.006 -12"><span class='ocrx_word' id='word_1_645' title='bbox 278 4474 422 4524; x_wconf 86' lang='lat' dir='ltr'><strong>aeternam</strong></span> <span class='ocrx_word' id='word_1_646' title='bbox 441 4466 554 4536; x_wconf 88' lang='lat' dir='ltr'><strong>propter</strong></span> <span class='ocrx_word' id='word_1_647' title='bbox 574 4482 652 4519; x_wconf 90' lang='lat' dir='ltr'><strong>suam</strong></span> <span class='ocrx_word' id='word_1_648' title='bbox 670 4463 886 4519; x_wconf 89' lang='lat' dir='ltr'><strong>misericordiam</strong></span> <span class='ocrx_word' id='word_1_649' title='bbox 907 4470 935 4518; x_wconf 89' lang='lat' dir='ltr'><strong>et</strong></span> <span class='ocrx_word' id='word_1_650' title='bbox 961 4463 1115 4534; x_wconf 88' lang='lat' dir='ltr'><strong>promissio·</strong></span> <span class='ocrx_word' id='word_1_651' title='bbox 1142 4465 1217 4533; x_wconf 78' lang='lat' dir='ltr'><strong>itte,</strong></span> <span class='ocrx_word' id='word_1_652' title='bbox 1242 4462 1292 4533; x_wconf 79' lang='lat' dir='ltr'><strong>qui</strong></span> <span class='ocrx_word' id='word_1_653' title='bbox 1312 4469 1430 4531; x_wconf 82' lang='lat' dir='ltr'><strong>possunt</strong></span> <span class='ocrx_word' id='word_1_654' title='bbox 1456 4468 1483 4514; x_wconf 88' lang='lat' dir='ltr'><strong>et</strong></span> <span class='ocrx_word' id='word_1_655' title='bbox 1501 4467 1676 4515; x_wconf 81' lang='lat' dir='ltr'><strong>contemnant</strong></span> <span class='ocrx_word' id='word_1_656' title='bbox 1693 4460 1850 4530; x_wconf 75' lang='lat' dir='ltr'><strong>baptisari,</strong></span> <span class='ocrx_word' id='word_1_657' title='bbox 1874 4460 1919 4513; x_wconf 83' lang='lat' dir='ltr'><strong>cel</strong></span> <span class='ocrx_word' id='word_1_658' title='bbox 1936 4460 1978 4513; x_wconf 82' lang='lat' dir='ltr'><strong>itu</strong></span> 
     </span>
     <span class='ocr_line' id='line_1_47' title="bbox 277 4546 1977 4620; baseline -0.006 -11"><span class='ocrx_word' id='word_1_659' title='bbox 277 4572 357 4609; x_wconf 88' lang='lat' dir='ltr'><strong>nem:</strong></span> <span class='ocrx_word' id='word_1_660' title='bbox 390 4554 452 4606; x_wconf 72' lang='lat' dir='ltr'><strong>liro</strong></span> <span class='ocrx_word' id='word_1_661' title='bbox 471 4554 553 4606; x_wconf 84' lang='lat' dir='ltr'><strong>Dens</strong></span> <span class='ocrx_word' id='word_1_662' title='bbox 580 4551 696 4605; x_wconf 83' lang='lat' dir='ltr'><strong>seminis</strong></span> <span class='ocrx_word' id='word_1_663' title='bbox 725 4551 775 4604; x_wconf 85' lang='lat' dir='ltr'><strong>tui.</strong></span> <span class='ocrx_word' id='word_1_664' title='bbox 823 4556 847 4606; x_wconf 84' lang='lat'><strong>8.</strong></span> <span class='ocrx_word' id='word_1_665' title='bbox 866 4550 895 4606; x_wconf 81' lang='lat' dir='ltr'><strong>si</strong></span> <span class='ocrx_word' id='word_1_666' title='bbox 920 4549 1039 4604; x_wconf 89' lang='lat' dir='ltr'><strong>infantes</strong></span> <span class='ocrx_word' id='word_1_667' title='bbox 1057 4550 1116 4605; x_wconf 91' lang='lat' dir='ltr'><strong>sine</strong></span> <span class='ocrx_word' id='word_1_668' title='bbox 1142 4550 1355 4620; x_wconf 79' lang='lat' dir='ltr'><strong>inteltipendnm</strong></span> <span class='ocrx_word' id='word_1_669' title='bbox 1376 4555 1430 4616; x_wconf 85' lang='lat' dir='ltr'><strong>cst,</strong></span> <span class='ocrx_word' id='word_1_670' title='bbox 1448 4547 1587 4617; x_wconf 68' lang='lat' dir='ltr'><strong>nisique</strong></span> <span class='ocrx_word' id='word_1_671' title='bbox 1604 4554 1720 4601; x_wconf 82' lang='lat' dir='ltr'><strong>renatus</strong></span> <span class='ocrx_word' id='word_1_672' title='bbox 1736 4546 1828 4611; x_wconf 78' lang='lat' dir='ltr'><strong>faerit</strong></span> <span class='ocrx_word' id='word_1_673' title='bbox 1851 4562 1884 4599; x_wconf 78' lang='lat' dir='ltr'><strong>ee</strong></span> <span class='ocrx_word' id='word_1_674' title='bbox 1900 4563 1977 4615; x_wconf 80' lang='grc'><strong>0000</strong></span> 
     </span>
     <span class='ocr_line' id='line_1_48' title="bbox 276 4632 1977 4711; baseline -0.006 -16"><span class='ocrx_word' id='word_1_675' title='bbox 276 4639 420 4711; x_wconf 88' lang='lat' dir='ltr'><strong>baptismo</strong></span> <span class='ocrx_word' id='word_1_676' title='bbox 442 4638 542 4694; x_wconf 90' lang='lat' dir='ltr'><strong>mortui</strong></span> <span class='ocrx_word' id='word_1_677' title='bbox 570 4637 732 4708; x_wconf 90' lang='lat' dir='ltr'><strong>simpliciter</strong></span> <span class='ocrx_word' id='word_1_678' title='bbox 753 4635 917 4705; x_wconf 80' lang='lat' dir='ltr'><strong>damnandi,</strong></span> <span class='ocrx_word' id='word_1_679' title='bbox 939 4636 1051 4692; x_wconf 86' lang='lat' dir='ltr'><strong>deretur</strong></span> <span class='ocrx_word' id='word_1_680' title='bbox 1068 4654 1114 4708; x_wconf 89' lang='lat' dir='ltr'><strong>pa·</strong></span> <span class='ocrx_word' id='word_1_681' title='bbox 1143 4647 1168 4693; x_wconf 87' lang='lat' dir='ltr'><strong>ct</strong></span> <span class='ocrx_word' id='word_1_682' title='bbox 1189 4635 1314 4705; x_wconf 80' lang='lat' dir='ltr'><strong>Spiritu,</strong></span> <span class='ocrx_word' id='word_1_683' title='bbox 1336 4634 1388 4688; x_wconf 74' lang='lat' dir='ltr'><strong>troc</strong></span> <span class='ocrx_word' id='word_1_684' title='bbox 1412 4640 1452 4686; x_wconf 84' lang='lat' dir='ltr'><strong>eat</strong></span> <span class='ocrx_word' id='word_1_685' title='bbox 1478 4648 1511 4686; x_wconf 88' lang='lat' dir='ltr'><strong>eu</strong></span> <span class='ocrx_word' id='word_1_686' title='bbox 1531 4632 1759 4701; x_wconf 65' lang='lat' dir='ltr'><strong>crescentione,</strong></span> <span class='ocrx_word' id='word_1_687' title='bbox 1787 4648 1859 4701; x_wconf 82' lang='lat' dir='ltr'><strong>quae</strong></span> <span class='ocrx_word' id='word_1_688' title='bbox 1876 4635 1909 4698; x_wconf 78' lang='lat' dir='ltr'><strong>fit</strong></span> <span class='ocrx_word' id='word_1_689' title='bbox 1921 4648 1977 4701; x_wconf 84' lang='lat' dir='ltr'><strong>per</strong></span> 
     </span>
     <span class='ocr_line' id='line_1_49' title="bbox 277 4716 1979 4797; baseline -0.006 -15"><span class='ocrx_word' id='word_1_690' title='bbox 277 4725 405 4782; x_wconf 90' lang='lat' dir='ltr'><strong>rentibus</strong></span> <span class='ocrx_word' id='word_1_691' title='bbox 429 4725 537 4780; x_wconf 89' lang='lat' dir='ltr'><strong>occasio</strong></span> <span class='ocrx_word' id='word_1_692' title='bbox 559 4723 685 4797; x_wconf 91' lang='lat' dir='ltr'><strong>perpetui</strong></span> <span class='ocrx_word' id='word_1_693' title='bbox 710 4723 838 4796; x_wconf 83' lang='lat' dir='ltr'><strong>angoris,</strong></span> <span class='ocrx_word' id='word_1_694' title='bbox 862 4724 916 4777; x_wconf 92' lang='lat' dir='ltr'><strong>imo</strong></span> <span class='ocrx_word' id='word_1_695' title='bbox 943 4730 971 4779; x_wconf 90' lang='lat' dir='ltr'><strong>et</strong></span> <span class='ocrx_word' id='word_1_696' title='bbox 989 4724 1115 4795; x_wconf 86' lang='lat' dir='ltr'><strong>despera·</strong></span> <span class='ocrx_word' id='word_1_697' title='bbox 1143 4742 1247 4795; x_wconf 81' lang='lat' dir='ltr'><strong>aqrsam</strong></span> <span class='ocrx_word' id='word_1_698' title='bbox 1270 4729 1296 4775; x_wconf 85' lang='lat' dir='ltr'><strong>et</strong></span> <span class='ocrx_word' id='word_1_699' title='bbox 1321 4719 1458 4790; x_wconf 82' lang='lat' dir='ltr'><strong>Spiritum</strong></span> <span class='ocrx_word' id='word_1_700' title='bbox 1483 4726 1622 4784; x_wconf 84' lang='lat' dir='ltr'><strong>sanctum,</strong></span> <span class='ocrx_word' id='word_1_701' title='bbox 1648 4736 1706 4772; x_wconf 88' lang='lat' dir='ltr'><strong>non</strong></span> <span class='ocrx_word' id='word_1_702' title='bbox 1732 4718 1898 4773; x_wconf 83' lang='lat' dir='ltr'><strong>sulvobitnr.</strong></span> <span class='ocrx_word' id='word_1_703' title='bbox 1941 4716 1979 4771; x_wconf 85' lang='lat' dir='ltr'><strong>Et</strong></span> 
     </span>
     <span class='ocr_line' id='line_1_50' title="bbox 277 4802 1977 4882; baseline -0.008 -15"><span class='ocrx_word' id='word_1_704' title='bbox 277 4812 372 4867; x_wconf 89' lang='lat' dir='ltr'><strong>tionis.</strong></span> <span class='ocrx_word' id='word_1_705' title='bbox 421 4811 476 4867; x_wconf 84' lang='lat' dir='ltr'><strong>Sed</strong></span> <span class='ocrx_word' id='word_1_706' title='bbox 507 4810 577 4866; x_wconf 90' lang='lat' dir='ltr'><strong>haec</strong></span> <span class='ocrx_word' id='word_1_707' title='bbox 600 4809 754 4882; x_wconf 86' lang='lat' dir='ltr'><strong>posteriora</strong></span> <span class='ocrx_word' id='word_1_708' title='bbox 781 4815 947 4881; x_wconf 85' lang='lat' dir='ltr'><strong>argumenta</strong></span> <span class='ocrx_word' id='word_1_709' title='bbox 970 4828 1025 4865; x_wconf 91' lang='lat' dir='ltr'><strong>non</strong></span> <span class='ocrx_word' id='word_1_710' title='bbox 1052 4816 1117 4865; x_wconf 88' lang='lat' dir='ltr'><strong>sunt</strong></span> <span class='ocrx_word' id='word_1_711' title='bbox 1142 4814 1254 4881; x_wconf 88' lang='lat' dir='ltr'><strong>postea:</strong></span> <span class='ocrx_word' id='word_1_712' title='bbox 1274 4808 1354 4860; x_wconf 76' lang='lat' dir='ltr'><strong>Dese</strong></span> <span class='ocrx_word' id='word_1_713' title='bbox 1370 4822 1451 4858; x_wconf 70' lang='lat' dir='ltr'><strong>neom</strong></span> <span class='ocrx_word' id='word_1_714' title='bbox 1463 4804 1621 4874; x_wconf 82' lang='lat' dir='ltr'><strong>potentiam</strong></span> <span class='ocrx_word' id='word_1_715' title='bbox 1638 4804 1824 4858; x_wconf 64' lang='lat' dir='ltr'><strong>renumeratis</strong></span> <span class='ocrx_word' id='word_1_716' title='bbox 1837 4821 1894 4857; x_wconf 88' lang='lat' dir='ltr'><strong>non</strong></span> <span class='ocrx_word' id='word_1_717' title='bbox 1912 4802 1977 4856; x_wconf 79' lang='lat' dir='ltr'><strong>alti·</strong></span> 
     </span>
     <span class='ocr_line' id='line_1_51' title="bbox 277 4887 1978 4969; baseline -0.008 -13"><span class='ocrx_word' id='word_1_718' title='bbox 277 4898 351 4956; x_wconf 82' lang='lat' dir='ltr'><strong>tenti</strong></span> <span class='ocrx_word' id='word_1_719' title='bbox 370 4897 477 4953; x_wconf 89' lang='lat' dir='ltr'><strong>roboris</strong></span> <span class='ocrx_word' id='word_1_720' title='bbox 496 4903 529 4953; x_wconf 91' lang='lat' dir='ltr'><strong>ut</strong></span> <span class='ocrx_word' id='word_1_721' title='bbox 547 4898 648 4969; x_wconf 86' lang='lat' dir='ltr'><strong>priora.</strong></span> <span class='ocrx_word' id='word_1_722' title='bbox 693 4898 788 4968; x_wconf 90' lang='lat' dir='ltr'><strong>Atque</strong></span> <span class='ocrx_word' id='word_1_723' title='bbox 805 4895 875 4951; x_wconf 87' lang='lat' dir='ltr'><strong>hacc</strong></span> <span class='ocrx_word' id='word_1_724' title='bbox 893 4902 989 4951; x_wconf 87' lang='lat' dir='ltr'><strong>nostra</strong></span> <span class='ocrx_word' id='word_1_725' title='bbox 1006 4902 1116 4950; x_wconf 90' lang='lat' dir='ltr'><strong>senten·</strong></span> <span class='ocrx_word' id='word_1_726' title='bbox 1142 4896 1236 4965; x_wconf 57' lang='grc'><strong>00010·</strong></span> <span class='ocrx_word' id='word_1_727' title='bbox 1260 4892 1315 4946; x_wconf 74' lang='lat' dir='ltr'><strong>inre</strong></span> <span class='ocrx_word' id='word_1_728' title='bbox 1341 4897 1452 4960; x_wconf 84' lang='lat' dir='ltr'><strong>repetat</strong></span> <span class='ocrx_word' id='word_1_729' title='bbox 1476 4907 1528 4959; x_wconf 84' lang='lat' dir='ltr'><strong>eo,</strong></span> <span class='ocrx_word' id='word_1_730' title='bbox 1555 4905 1627 4959; x_wconf 78' lang='grc' dir='ltr'><strong>00αο</strong></span> <span class='ocrx_word' id='word_1_731' title='bbox 1652 4888 1767 4957; x_wconf 82' lang='lat' dir='ltr'><strong>scripsit</strong></span> <span class='ocrx_word' id='word_1_732' title='bbox 1802 4889 1873 4944; x_wconf 90' lang='lat' dir='ltr'><strong>libro</strong></span> <span class='ocrx_word' id='word_1_733' title='bbox 1892 4894 1917 4943; x_wconf 80' lang='lat'><strong>4.</strong></span> <span class='ocrx_word' id='word_1_734' title='bbox 1942 4887 1978 4943; x_wconf 89' lang='lat' dir='ltr'><strong>dc</strong></span> 
     </span>
    </p>
   </div>
   <div class='ocr_carea' id='block_1_3' title="bbox 276 4974 1976 5058">
    <p class='ocr_par' dir='ltr' id='par_1_3' title="bbox 276 4974 1976 5058">
     <span class='ocr_line' id='line_1_52' title="bbox 276 4974 1976 5058; baseline -0.009 -16"><span class='ocrx_word' id='word_1_735' title='bbox 276 4987 319 5042; x_wconf 91' lang='lat' dir='ltr'><strong>tia</strong></span> <span class='ocrx_word' id='word_1_736' title='bbox 347 5002 382 5039; x_wconf 91' lang='lat' dir='ltr'><strong>ne</strong></span> <span class='ocrx_word' id='word_1_737' title='bbox 410 4985 533 5055; x_wconf 88' lang='lat' dir='ltr'><strong>ipsorum</strong></span> <span class='ocrx_word' id='word_1_738' title='bbox 563 4984 675 5058; x_wconf 86' lang='lat' dir='ltr'><strong>quidem</strong></span> <span class='ocrx_word' id='word_1_739' title='bbox 701 4981 934 5040; x_wconf 72' lang='lat' dir='ltr'><strong>scholasticorum</strong></span> <span class='ocrx_word' id='word_1_740' title='bbox 957 4988 985 5037; x_wconf 90' lang='lat' dir='ltr'><strong>et</strong></span> <span class='ocrx_word' id='word_1_741' title='bbox 1003 4982 1113 5038; x_wconf 87' lang='lat' dir='ltr'><strong>Pontifi·</strong></span> <span class='ocrx_word' id='word_1_742' title='bbox 1142 4980 1254 5037; x_wconf 83' lang='lat' dir='ltr'><strong>Christo</strong></span> <span class='ocrx_word' id='word_1_743' title='bbox 1279 4995 1341 5049; x_wconf 96' lang='grc'><strong>000.</strong></span> <span class='ocrx_word' id='word_1_744' title='bbox 1368 4977 1431 5032; x_wconf 81' lang='lat' dir='ltr'><strong>ult:</strong></span> <span class='ocrx_word' id='word_1_745' title='bbox 1465 4979 1547 5031; x_wconf 83' lang='lat' dir='ltr'><strong>Dens</strong></span> <span class='ocrx_word' id='word_1_746' title='bbox 1569 4994 1625 5030; x_wconf 85' lang='lat' dir='ltr'><strong>non</strong></span> <span class='ocrx_word' id='word_1_747' title='bbox 1653 4982 1694 5029; x_wconf 79' lang='lat' dir='ltr'><strong>ert</strong></span> <span class='ocrx_word' id='word_1_748' title='bbox 1718 4974 1857 5045; x_wconf 79' lang='lat' dir='ltr'><strong>ullipatns</strong></span> <span class='ocrx_word' id='word_1_749' title='bbox 1879 4990 1976 5028; x_wconf 82' lang='lat' dir='ltr'><strong>sacra·</strong></span> 
     </span>
    </p>
   </div>
   <div class='ocr_carea' id='block_1_4' title="bbox 274 5067 2078 5231">
    <p class='ocr_par' dir='ltr' id='par_1_4' title="bbox 274 5067 2078 5231">
     <span class='ocr_line' id='line_1_53' title="bbox 276 5067 1248 5144; baseline -0.011 -15"><span class='ocrx_word' id='word_1_750' title='bbox 276 5073 388 5129; x_wconf 91' lang='lat' dir='ltr'><strong>ciorum</strong></span> <span class='ocrx_word' id='word_1_751' title='bbox 403 5070 576 5144; x_wconf 85' lang='lat' dir='ltr'><strong>quorundam</strong></span> <span class='ocrx_word' id='word_1_752' title='bbox 590 5069 750 5125; x_wconf 90' lang='lat' dir='ltr'><strong>destituitur</strong></span> <span class='ocrx_word' id='word_1_753' title='bbox 760 5068 934 5138; x_wconf 87' lang='lat' dir='ltr'><strong>testimoniis,</strong></span> <span class='ocrx_word' id='word_1_754' title='bbox 951 5075 983 5124; x_wconf 97' lang='grc'><strong>01</strong></span> <span class='ocrx_word' id='word_1_755' title='bbox 994 5074 1115 5124; x_wconf 83' lang='lat' dir='ltr'><strong>tractatu</strong></span> <span class='ocrx_word' id='word_1_756' title='bbox 1142 5067 1248 5121; x_wconf 81' lang='lat' dir='ltr'><strong>mentis.</strong></span> 
     </span>
     <span class='ocr_line' id='line_1_54' title="bbox 274 5144 2078 5231; baseline -0.009 -15"><span class='ocrx_word' id='word_1_757' title='bbox 274 5160 314 5216; x_wconf 89' lang='lat' dir='ltr'><strong>de</strong></span> <span class='ocrx_word' id='word_1_758' title='bbox 349 5163 520 5215; x_wconf 85' lang='lat' dir='ltr'><strong>sacramento</strong></span> <span class='ocrx_word' id='word_1_759' title='bbox 551 5158 581 5213; x_wconf 93' lang='lat' dir='ltr'><strong>in</strong></span> <span class='ocrx_word' id='word_1_760' title='bbox 614 5172 715 5227; x_wconf 88' lang='lat' dir='ltr'><strong>genere</strong></span> <span class='ocrx_word' id='word_1_761' title='bbox 745 5152 773 5231; x_wconf 64' lang='grc' dir='ltr'><strong>ἕ</strong></span> <span class='ocrx_word' id='word_1_762' title='bbox 803 5161 843 5211; x_wconf 84' lang='lat'><strong>53.</strong></span> <span class='ocrx_word' id='word_1_763' title='bbox 870 5171 980 5226; x_wconf 90' lang='lat' dir='ltr'><strong>propos.</strong></span> <span class='ocrx_word' id='word_1_764' title='bbox 1010 5161 1034 5211; x_wconf 87' lang='lat'><strong>3.</strong></span> <span class='ocrx_word' id='word_1_765' title='bbox 1059 5156 1116 5212; x_wconf 91' lang='lat' dir='ltr'><strong>late</strong></span> <span class='ocrx_word' id='word_1_766' title='bbox 1177 5158 1235 5209; x_wconf 78' lang='grc'><strong>111).</strong></span> <span class='ocrx_word' id='word_1_767' title='bbox 1278 5149 1357 5214; x_wconf 82' lang='lat' dir='ltr'><strong>Quae</strong></span> <span class='ocrx_word' id='word_1_768' title='bbox 1386 5153 1483 5204; x_wconf 89' lang='lat' dir='ltr'><strong>contra</strong></span> <span class='ocrx_word' id='word_1_769' title='bbox 1506 5146 1685 5202; x_wconf 90' lang='lat' dir='ltr'><strong>Ambrosium</strong></span> <span class='ocrx_word' id='word_1_770' title='bbox 1708 5144 1889 5203; x_wconf 86' lang='lat' dir='ltr'><strong>Cutharinum</strong></span> <span class='ocrx_word' id='word_1_771' title='bbox 1913 5145 1977 5201; x_wconf 90' lang='lat' dir='ltr'><strong>Bel·</strong></span> <span class='ocrx_word' id='word_1_772' title='bbox 1990 5156 2078 5202; x_wconf 70' lang='grc'><strong>0010·</strong></span> 
     </span>
    </p>
   </div>
   <div class='ocr_carea' id='block_1_5' title="bbox 273 5210 2109 5306">
    <p class='ocr_par' dir='ltr' id='par_1_5' title="bbox 273 5210 2109 5306">
     <span class='ocr_line' id='line_1_55' title="bbox 273 5210 2109 5306; baseline -0.001 -13"><span class='ocrx_word' id='word_1_773' title='bbox 273 5246 458 5306; x_wconf 61' lang='lat' dir='ltr'><strong>mandimus.</strong></span> <span class='ocrx_word' id='word_1_774' title='bbox 1141 5238 1274 5296; x_wconf 88' lang='lat' dir='ltr'><strong>larminus</strong></span> <span class='ocrx_word' id='word_1_775' title='bbox 1298 5236 1402 5291; x_wconf 89' lang='lat' dir='ltr'><strong>ibidem</strong></span> <span class='ocrx_word' id='word_1_776' title='bbox 1428 5233 1547 5306; x_wconf 86' lang='lat' dir='ltr'><strong>profert,</strong></span> <span class='ocrx_word' id='word_1_777' title='bbox 1570 5239 1604 5287; x_wconf 90' lang='lat' dir='ltr'><strong>ut</strong></span> <span class='ocrx_word' id='word_1_778' title='bbox 1620 5232 1744 5298; x_wconf 85' lang='lat' dir='ltr'><strong>evincat,</strong></span> <span class='ocrx_word' id='word_1_779' title='bbox 1773 5231 1897 5304; x_wconf 83' lang='lat' dir='ltr'><strong>parvulis</strong></span> <span class='ocrx_word' id='word_1_780' title='bbox 1917 5210 2109 5302; x_wconf 55' lang='lat' dir='ltr'><strong>sineffifff&#39;</strong></span> 
     </span>
    </p>
   </div>
   <div class='ocr_carea' id='block_1_6' title="bbox 269 5313 2105 5744">
    <p class='ocr_par' dir='ltr' id='par_1_6' title="bbox 269 5313 2105 5744">
     <span class='ocr_line' id='line_1_56' title="bbox 313 5313 2091 5405; baseline -0.008 -17"><span class='ocrx_word' id='word_1_781' title='bbox 313 5338 373 5389; x_wconf 80' lang='lat'>239.</span> <span class='ocrx_word' id='word_1_782' title='bbox 412 5330 555 5397; x_wconf 83' lang='lat' dir='ltr'><strong>Quomodo</strong></span> <span class='ocrx_word' id='word_1_783' title='bbox 578 5347 645 5401; x_wconf 81' lang='lat' dir='ltr'><strong>crgo</strong></span> <span class='ocrx_word' id='word_1_784' title='bbox 670 5329 770 5399; x_wconf 91' lang='lat' dir='ltr'><strong>probat</strong></span> <span class='ocrx_word' id='word_1_785' title='bbox 795 5327 979 5384; x_wconf 88' lang='lat' dir='ltr'><strong>Bellarminus</strong></span> <span class='ocrx_word' id='word_1_786' title='bbox 1004 5328 1115 5400; x_wconf 82' lang='lat' dir='ltr'><strong>sangui·</strong></span> <span class='ocrx_word' id='word_1_787' title='bbox 1140 5325 1281 5397; x_wconf 89' lang='lat' dir='ltr'><strong>baptismo</strong></span> <span class='ocrx_word' id='word_1_788' title='bbox 1302 5322 1417 5377; x_wconf 88' lang='lat' dir='ltr'><strong>mortuis</strong></span> <span class='ocrx_word' id='word_1_789' title='bbox 1437 5320 1597 5394; x_wconf 90' lang='lat' dir='ltr'><strong>nequidem</strong></span> <span class='ocrx_word' id='word_1_790' title='bbox 1609 5320 1764 5375; x_wconf 87' lang='lat' dir='ltr'><strong>naturalem</strong></span> <span class='ocrx_word' id='word_1_791' title='bbox 1776 5318 1976 5374; x_wconf 90' lang='lat' dir='ltr'><strong>beatitudiuem</strong></span> <span class='ocrx_word' id='word_1_792' title='bbox 1988 5313 2091 5405; x_wconf 59' lang='lat' dir='ltr'><strong>gffiffl</strong></span> 
     </span>
     <span class='ocr_line' id='line_1_57' title="bbox 270 5404 2105 5509; baseline -0.012 -32"><span class='ocrx_word' id='word_1_793' title='bbox 270 5418 388 5477; x_wconf 87' lang='lat' dir='ltr'><strong>narium</strong></span> <span class='ocrx_word' id='word_1_794' title='bbox 408 5435 487 5473; x_wconf 93' lang='lat' dir='ltr'><strong>suum</strong></span> <span class='ocrx_word' id='word_1_795' title='bbox 507 5419 657 5485; x_wconf 90' lang='lat' dir='ltr'><strong>decretum,</strong></span> <span class='ocrx_word' id='word_1_796' title='bbox 677 5417 752 5487; x_wconf 89' lang='lat' dir='ltr'><strong>quod</strong></span> <span class='ocrx_word' id='word_1_797' title='bbox 771 5415 880 5470; x_wconf 88' lang='lat' dir='ltr'><strong>seilicet</strong></span> <span class='ocrx_word' id='word_1_798' title='bbox 892 5416 955 5482; x_wconf 83' lang='lat' dir='ltr'><strong>fide</strong></span> <span class='ocrx_word' id='word_1_799' title='bbox 973 5416 1115 5470; x_wconf 81' lang='lat' dir='ltr'><strong>catholice</strong></span> <span class='ocrx_word' id='word_1_800' title='bbox 1140 5410 1362 5479; x_wconf 89' lang='lat' dir='ltr'><strong>concedendam,</strong></span> <span class='ocrx_word' id='word_1_801' title='bbox 1398 5407 1502 5463; x_wconf 91' lang='lat' dir='ltr'><strong>directe</strong></span> <span class='ocrx_word' id='word_1_802' title='bbox 1532 5423 1582 5461; x_wconf 91' lang='lat' dir='ltr'><strong>nos</strong></span> <span class='ocrx_word' id='word_1_803' title='bbox 1611 5424 1665 5462; x_wconf 92' lang='lat' dir='ltr'><strong>non</strong></span> <span class='ocrx_word' id='word_1_804' title='bbox 1696 5405 1812 5473; x_wconf 84' lang='lat' dir='ltr'><strong>feriunt,</strong></span> <span class='ocrx_word' id='word_1_805' title='bbox 1850 5404 1977 5460; x_wconf 88' lang='lat' dir='ltr'><strong>nituntur</strong></span> <span class='ocrx_word' id='word_1_806' title='bbox 1990 5415 2105 5509; x_wconf 39' lang='lat' dir='ltr'><strong>aazias·</strong></span> 
     </span>
     <span class='ocr_line' id='line_1_58' title="bbox 270 5477 2087 5573; baseline -0.01 -8"><span class='ocrx_word' id='word_1_807' title='bbox 270 5506 430 5565; x_wconf 77' lang='lat' dir='ltr'><strong>tenendam</strong></span> <span class='ocrx_word' id='word_1_808' title='bbox 456 5506 506 5573; x_wconf 84' lang='lat' dir='ltr'><strong>sit,</strong></span> <span class='ocrx_word' id='word_1_809' title='bbox 529 5504 669 5573; x_wconf 81' lang='lat' dir='ltr'><strong>parvulos</strong></span> <span class='ocrx_word' id='word_1_810' title='bbox 700 5503 760 5555; x_wconf 82' lang='lat' dir='ltr'><strong>sine</strong></span> <span class='ocrx_word' id='word_1_811' title='bbox 790 5502 927 5571; x_wconf 81' lang='lat' dir='ltr'><strong>baptismo</strong></span> <span class='ocrx_word' id='word_1_812' title='bbox 953 5503 1116 5555; x_wconf 80' lang='lat' dir='ltr'><strong>decedentes</strong></span> <span class='ocrx_word' id='word_1_813' title='bbox 1142 5505 1234 5555; x_wconf 92' lang='lat' dir='ltr'><strong>autem</strong></span> <span class='ocrx_word' id='word_1_814' title='bbox 1265 5494 1402 5568; x_wconf 89' lang='lat' dir='ltr'><strong>quaedam</strong></span> <span class='ocrx_word' id='word_1_815' title='bbox 1427 5494 1503 5548; x_wconf 86' lang='lat' dir='ltr'><strong>falsis</strong></span> <span class='ocrx_word' id='word_1_816' title='bbox 1530 5490 1746 5564; x_wconf 77' lang='lat' dir='ltr'><strong>hypothesibus„</strong></span> <span class='ocrx_word' id='word_1_817' title='bbox 1778 5495 1878 5562; x_wconf 89' lang='lat' dir='ltr'><strong>utpote</strong></span> <span class='ocrx_word' id='word_1_818' title='bbox 1902 5493 1976 5562; x_wconf 91' lang='lat' dir='ltr'><strong>quod</strong></span> <span class='ocrx_word' id='word_1_819' title='bbox 1990 5478 2019 5517; x_wconf 69' lang='lat'><strong>⁹¹¹</strong></span> <span class='ocrx_word' id='word_1_820' title='bbox 2064 5477 2087 5511; x_wconf 76' lang='lat'><strong>⁰·</strong></span> 
     </span>
     <span class='ocr_line' id='line_1_59' title="bbox 270 5577 1978 5655; baseline -0.007 -9"><span class='ocrx_word' id='word_1_821' title='bbox 270 5591 406 5651; x_wconf 81' lang='lat' dir='ltr'><strong>absolute</strong></span> <span class='ocrx_word' id='word_1_822' title='bbox 436 5606 494 5644; x_wconf 86' lang='lat' dir='ltr'><strong>esse</strong></span> <span class='ocrx_word' id='word_1_823' title='bbox 515 5591 664 5643; x_wconf 77' lang='lat' dir='ltr'><strong>‹temnatos</strong></span> <span class='ocrx_word' id='word_1_824' title='bbox 691 5597 718 5642; x_wconf 86' lang='grc'><strong>01</strong></span> <span class='ocrx_word' id='word_1_825' title='bbox 744 5606 800 5641; x_wconf 72' lang='lat' dir='ltr'><strong>raon</strong></span> <span class='ocrx_word' id='word_1_826' title='bbox 826 5588 889 5642; x_wconf 83' lang='lat' dir='ltr'><strong>sola</strong></span> <span class='ocrx_word' id='word_1_827' title='bbox 914 5587 1040 5655; x_wconf 75' lang='lat' dir='ltr'><strong>rocleni,</strong></span> <span class='ocrx_word' id='word_1_828' title='bbox 1064 5589 1117 5640; x_wconf 83' lang='lat' dir='ltr'><strong>sed</strong></span> <span class='ocrx_word' id='word_1_829' title='bbox 1141 5585 1262 5641; x_wconf 86' lang='lat' dir='ltr'><strong>infantes</strong></span> <span class='ocrx_word' id='word_1_830' title='bbox 1294 5600 1350 5637; x_wconf 90' lang='lat' dir='ltr'><strong>non</strong></span> <span class='ocrx_word' id='word_1_831' title='bbox 1371 5581 1486 5637; x_wconf 89' lang='lat' dir='ltr'><strong>credaut</strong></span> <span class='ocrx_word' id='word_1_832' title='bbox 1517 5580 1547 5633; x_wconf 91' lang='lat' dir='ltr'><strong>in</strong></span> <span class='ocrx_word' id='word_1_833' title='bbox 1571 5577 1726 5645; x_wconf 86' lang='lat' dir='ltr'><strong>Christum,</strong></span> <span class='ocrx_word' id='word_1_834' title='bbox 1762 5592 1852 5648; x_wconf 91' lang='lat' dir='ltr'><strong>neque</strong></span> <span class='ocrx_word' id='word_1_835' title='bbox 1876 5594 1925 5648; x_wconf 90' lang='lat' dir='ltr'><strong>per</strong></span> <span class='ocrx_word' id='word_1_836' title='bbox 1948 5596 1978 5634; x_wconf 87' lang='lat' dir='ltr'><strong>se</strong></span> 
     </span>
     <span class='ocr_line' id='line_1_60' title="bbox 269 5661 1977 5744; baseline -0.006 -14"><span class='ocrx_word' id='word_1_837' title='bbox 269 5680 364 5738; x_wconf 69' lang='lat' dir='ltr'><strong>eciam</strong></span> <span class='ocrx_word' id='word_1_838' title='bbox 400 5676 530 5730; x_wconf 81' lang='lat' dir='ltr'><strong>naturali</strong></span> <span class='ocrx_word' id='word_1_839' title='bbox 566 5676 737 5729; x_wconf 80' lang='lat' dir='ltr'><strong>beatitudine</strong></span> <span class='ocrx_word' id='word_1_840' title='bbox 775 5674 936 5728; x_wconf 60' lang='lat' dir='ltr'><strong>canturos?</strong></span> <span class='ocrx_word' id='word_1_841' title='bbox 988 5673 1055 5744; x_wconf 87' lang='lat' dir='ltr'><strong>Cap.</strong></span> <span class='ocrx_word' id='word_1_842' title='bbox 1091 5678 1116 5728; x_wconf 81' lang='lat'><strong>2.</strong></span> <span class='ocrx_word' id='word_1_843' title='bbox 1142 5688 1233 5744; x_wconf 87' lang='lat' dir='ltr'><strong>neque</strong></span> <span class='ocrx_word' id='word_1_844' title='bbox 1260 5686 1311 5742; x_wconf 91' lang='lat' dir='ltr'><strong>per</strong></span> <span class='ocrx_word' id='word_1_845' title='bbox 1336 5668 1419 5740; x_wconf 88' lang='lat' dir='ltr'><strong>alios,</strong></span> <span class='ocrx_word' id='word_1_846' title='bbox 1449 5681 1541 5739; x_wconf 89' lang='lat' dir='ltr'><strong>neque</strong></span> <span class='ocrx_word' id='word_1_847' title='bbox 1566 5672 1631 5722; x_wconf 91' lang='lat' dir='ltr'><strong>actu</strong></span> <span class='ocrx_word' id='word_1_848' title='bbox 1657 5680 1747 5735; x_wconf 91' lang='lat' dir='ltr'><strong>neque</strong></span> <span class='ocrx_word' id='word_1_849' title='bbox 1764 5661 1879 5729; x_wconf 88' lang='lat' dir='ltr'><strong>habitu,</strong></span> <span class='ocrx_word' id='word_1_850' title='bbox 1903 5664 1977 5735; x_wconf 90' lang='lat' dir='ltr'><strong>quod</strong></span> 
     </span>
    </p>
   </div>
   <div class='ocr_carea' id='block_1_7' title="bbox 268 5748 1977 5840">
    <p class='ocr_par' dir='ltr' id='par_1_7' title="bbox 268 5748 1977 5840">
     <span class='ocr_line' id='line_1_61' title="bbox 268 5748 1977 5840; baseline -0.012 -18"><span class='ocrx_word' id='word_1_851' title='bbox 268 5769 361 5840; x_wconf 82' lang='lat' dir='ltr'><strong>urget</strong></span> <span class='ocrx_word' id='word_1_852' title='bbox 385 5760 545 5835; x_wconf 82' lang='lat' dir='ltr'><strong>cumprimis</strong></span> <span class='ocrx_word' id='word_1_853' title='bbox 572 5760 676 5817; x_wconf 91' lang='lat' dir='ltr'><strong>dietum</strong></span> <span class='ocrx_word' id='word_1_854' title='bbox 697 5760 799 5817; x_wconf 90' lang='lat' dir='ltr'><strong>Christi</strong></span> <span class='ocrx_word' id='word_1_855' title='bbox 826 5759 889 5817; x_wconf 85' lang='lat' dir='ltr'><strong>Joh.</strong></span> <span class='ocrx_word' id='word_1_856' title='bbox 910 5765 940 5816; x_wconf 85' lang='lat'><strong>3:</strong></span> <span class='ocrx_word' id='word_1_857' title='bbox 966 5760 1034 5815; x_wconf 82' lang='lat' dir='ltr'><strong>Nisi</strong></span> <span class='ocrx_word' id='word_1_858' title='bbox 1052 5760 1114 5831; x_wconf 80' lang='lat' dir='ltr'><strong>quis</strong></span> <span class='ocrx_word' id='word_1_859' title='bbox 1142 5760 1221 5817; x_wconf 90' lang='lat' dir='ltr'><strong>locus</strong></span> <span class='ocrx_word' id='word_1_860' title='bbox 1245 5774 1354 5827; x_wconf 89' lang='lat' dir='ltr'><strong>eorum,</strong></span> <span class='ocrx_word' id='word_1_861' title='bbox 1378 5756 1406 5811; x_wconf 92' lang='lat' dir='ltr'><strong>iu</strong></span> <span class='ocrx_word' id='word_1_862' title='bbox 1430 5771 1485 5828; x_wconf 92' lang='lat' dir='ltr'><strong>quo</strong></span> <span class='ocrx_word' id='word_1_863' title='bbox 1504 5768 1613 5826; x_wconf 89' lang='lat' dir='ltr'><strong>semper</strong></span> <span class='ocrx_word' id='word_1_864' title='bbox 1635 5751 1751 5824; x_wconf 78' lang='lat' dir='ltr'><strong>degent,</strong></span> <span class='ocrx_word' id='word_1_865' title='bbox 1777 5748 1814 5804; x_wconf 89' lang='lat' dir='ltr'><strong>sit</strong></span> <span class='ocrx_word' id='word_1_866' title='bbox 1830 5748 1977 5805; x_wconf 75' lang='grc'><strong>00000010-</strong></span> 
     </span>
    </p>
   </div>
   <div class='ocr_carea' id='block_1_8' title="bbox 0 0 2412 6659">
    <p class='ocr_par' dir='ltr' id='par_1_8' title="bbox 0 0 2412 6659">
     <span class='ocr_line' id='line_1_62' title="bbox 0 0 2412 6659; baseline 0 0"><span class='ocrx_word' id='word_1_867' title='bbox 0 0 2412 6659; x_wconf 95' lang='lat' dir='ltr'><strong> </strong></span> 
     </span>
    </p>
   </div>
  </div>
 </body>
</html>
