4800 6659
240 1846 255 1888 ι.

240 1909 246 1940 ι

240 1949 260 2040 3·

925 565 977 624 Da
995 553 1118 624 aheno
1134 562 1337 624 amaena.
1919 567 1984 632 271·

285 720 374 791 ticeps
382 721 497 787 suisset
516 738 572 776 non
588 739 649 776 eum
667 739 751 776 ausus
768 738 828 776 eum
846 724 937 776 denuc
954 724 1121 794 baptismate
1145 724 1264 776 surdam
1280 740 1337 776 non
1354 721 1547 785 mannahun
1574 719 1627 775 boc
1648 720 1734 774 modo
1752 719 1864 774 dicebat
1879 736 1982 789 mcpno

284 809 413 875 initiare,
437 810 489 862 sed
511 809 606 862 animo
631 809 702 862 bono
720 825 778 862 esse
797 816 823 862 et
839 811 897 877 tide
913 810 998 874 firma
1016 827 1051 863 ae
1069 824 1120 878 epe
1145 809 1267 862 omnnem
1291 809 1363 863 bono
1388 810 1531 876 sutram,
1556 808 1584 861 ei
1604 806 1687 860 mubi
1704 806 1830 875 episcopi
1847 807 1878 859 in
1897 823 1982 859 anum

285 895 359 949 bona
384 896 426 948 ad
452 896 670 978 communionpm
696 902 855 949 sanctorum
878 897 1012 950 accedere
1032 896 1119 965 jussi.
1145 897 1308 964 conprepati
1335 895 1541 948 convenientum
1569 901 1595 947 et
1620 894 1786 947 smerdem
1812 894 1841 946 in
1868 895 1981 961 spendo

284 981 343 1035 Ille
370 997 435 1034 cero
463 981 654 1035 indesinenter
680 980 756 1050 lupet
786 989 813 1035 et
836 981 955 1035 borram
981 1000 1001 1036 a
1023 998 1120 1035 mensa
1144 982 1282 1035 rationem
1292 981 1527 1052 praescriberent.
1564 979 1666 1033 Verum
1676 979 1905 1048 putresconcslii
1919 979 1981 1031 Tri·

285 1066 406 1120 Domini
426 1067 577 1120 distinetur
600 1074 626 1120 et
650 1066 696 1119 oia
718 1066 862 1120 obsecutae
882 1068 1015 1135 precibus
1033 1068 1118 1122 ecele-
1145 1068 1256 1121 denarii
1279 1066 1324 1121 bis
1349 1067 1423 1120 nibil
1444 1066 1560 1121 auentis
1583 1066 1731 1121 doctrinae
1749 1066 1883 1134 culpane
1902 1066 1983 1136 infici

284 1152 409 1206 es'ceticis
427 1154 526 1206 adem
542 1153 666 1207 sssetinet.
703 1155 805 1207 Exstat
829 1161 980 1222 praeterea
1005 1162 1032 1207 et
1057 1153 1119 1207 alia
1144 1154 1310 1222 haerebant,
1333 1152 1502 1218 Muranum
1520 1170 1583 1207 cere
1600 1154 1758 1223 baptisare,
1785 1154 1813 1207 si
1828 1153 1919 1207 uerbis
1938 1154 1980 1205 in-

283 1238 365 1292 illius
385 1239 421 1291 de
439 1238 605 1306 baptismate
624 1238 745 1308 epistola
764 1239 800 1292 ab
818 1255 849 1292 eo
869 1247 895 1291 ct
908 1238 1058 1308 paroecia,
1073 1240 1121 1292 cui
1143 1238 1298 1292 etnmionis
1334 1247 1431 1293 mator
1461 1247 1487 1292 et
1518 1240 1654 1293 molaniae
1686 1246 1821 1307 sequatm
1852 1240 1980 1293 intentab-

280 1332 418 1395 praeerat
435 1323 519 1379 Xistc
539 1332 564 1379 et
583 1326 729 1379 Romanae
747 1325 881 1379 ecclmice
897 1331 1070 1394 nuncupata,
1088 1326 1119 1377 in
1144 1340 1213 1379 nan.
1247 1324 1349 1380 Petrus
1373 1324 1473 1380 Suavis
1497 1323 1546 1381 lib.
1565 1330 1589 1381 2.
1615 1324 1710 1379 histor.
1732 1324 1830 1381 concil.
1852 1324 1978 1381 Trident

283 1427 341 1479 qaia
365 1410 485 1479 praliw
508 1410 702 1465 declaratione
728 1412 763 1464 de
782 1412 933 1480 proposita
957 1411 1119 1480 macenaria
1142 1426 1171 1481 p.
1191 1413 1290 1468 tw*

284 1498 420 1564 diepam
454 1494 597 1551 Hactenus
621 1495 769 1551 Eusebius.
802 1496 926 1551 Possunt
949 1500 1042 1552 autem
1065 1497 1118 1551 hae
1178 1502 1222 1553 25.
1257 1496 1387 1551 Ceterum
1410 1497 1485 1568 quod
1510 1497 1546 1552 ad
1564 1497 1753 1570 quaestionem
1772 1496 1808 1552 de
1827 1496 1977 1551 haeretico·
1992 1509 2115 1552 creausus

283 1580 414 1652 Dionysii
448 1580 582 1651 epistolae
617 1583 705 1637 multa
737 1581 843 1637 utiliter
872 1599 1001 1650 monere,
1043 1562 1205 1639 undeirum
1224 1582 1363 1652 baptismo
1380 1582 1494 1646 attinet,
1511 1584 1594 1638 cerda
1612 1582 1778 1653 quibusdam
1796 1582 1978 1637 distinctioni·
1991 1561 2089 1654 {352¹

284 1668 320 1723 D.
339 1668 480 1723 Lutherus
499 1667 547 1722 lib.
568 1668 603 1722 de
623 1667 721 1724 concil.
741 1676 770 1722 et
788 1669 886 1725 eccles.
904 1676 970 1725 tom.
991 1676 1015 1725 t.
1035 1668 1118 1739 Oper.
1145 1669 1199 1724 bus
1217 1670 1278 1739 ejus
1296 1669 1399 1725 decisio
1416 1668 1552 1725 innititur.
1592 1675 1614 1726 Ι.
1633 1667 1753 1733 Quidam
1770 1668 1902 1723 haeretici
1915 1667 1979 1723 snb·
1993 1667 2015 1704 ¹¹¹
2029 1665 2080 1756 ¹²⁸⁶,

286 1741 424 1809 Germaus
437 1771 465 1823 p.
487 1758 545 1810 231.
567 1754 700 1808 lectorem
718 1754 755 1808 ad
774 1754 837 1808 illos
855 1755 979 1810 remittit
1144 1756 1288 1810 stantialis
1306 1756 1436 1826 baptismi
1454 1755 1629 1826 impugnant,
1647 1760 1745 1825 utpote
1756 1754 1804 1826 qni
1819 1752 1980 1824 locosqusc
1991 1724 2106 1809 siffis

322 1843 363 1895 n.
405 1839 447 1893 ax
476 1840 529 1893 noe
552 1836 686 1909 cypriani
711 1853 803 1894 enne
827 1840 991 1896 uomens
1024 1848 1121 1911 nens
1146 1841 1223 1896 suus
1246 1841 1390 1912 quippiam
1414 1848 1563 1912 empna,
1590 1841 1634 1896 va
1662 1842 1823 1912 mysterium
1847 1820 2075 1896 umnass‘m

286 1925 407 1979 eundem
425 1926 512 1980 secuti
531 1924 658 1980 haussin
675 1930 704 1979 et
719 1924 838 1980 schisma
855 1924 988 1981 iecerunt.
1018 1925 1119 1991 Quam·
1146 1926 1302 1998 precinente
1327 1933 1357 1982 et
1381 1928 1486 1983 directe
1508 1934 1626 1998 negent,
1652 1943 1704 1983 nec
1731 1927 1760 1981 in
1783 1926 1889 1995 Patris,
1915 1925 1981 1981 ffiffi

286 2010 330 2066 vis
349 2012 422 2066 emm
441 2011 598 2082 Cyprianus
617 2010 711 2066 etalii
729 2011 852 2082 episcopi
870 2011 995 2067 Atricsni
1015 2014 1119 2084 baptis·
1146 2029 1180 2068 ac
1204 2012 1324 2084 Spiritus
1345 2014 1435 2069 sancti
1457 2014 1569 2068 nomine
1588 2013 1757 2083 baptismum
1776 2012 1980 2070 administrent.

240 2131 246 2148 .
287 2115 363 2153 mum
381 2098 417 2153 ab
437 2097 581 2153 haereticis
607 2096 830 2153 administratum
848 2098 958 2153 manem
976 2116 1036 2155 essa
1057 2116 1120 2156 cen·
1147 2100 1266 2165 Quidam
1283 2116 1357 2163 vero,
1376 2100 1503 2171 quamvis
1523 2100 1592 2154 alias
1610 2099 1752 2154 doctrinae
1770 2098 1898 2155 coelestia
1918 2115 1980 2169 pao

285 2190 387 2250 ment,
406 2184 524 2255 ideoque
542 2202 597 2252 cos,
614 2183 663 2255 qui
684 2201 718 2240 ex
735 2184 842 2239 haeresi
859 2184 896 2239 ad
914 2192 1019 2240 rectam
1035 2185 1120 2241 fidem
1146 2192 1188 2241 tes
1209 2186 1344 2242 iumento
1365 2203 1416 2241 suo
1440 2192 1629 2255 corrumpant,
1654 2191 1747 2239 minen
1767 2183 1802 2239 de
1824 2183 1982 2240 substantia

285 2272 413 2326 conversi
438 2270 573 2326 ecclesiae
602 2286 632 2325 se
659 2270 868 2341 aggregabant,
900 2271 1119 2342 rebaptizarent,
1146 2272 1230 2343 hujus
1247 2272 1413 2327 sacramenti
1430 2279 1504 2327 recte
1522 2271 1646 2326 sentiunt
1662 2276 1691 2325 et
1707 2271 1736 2325 in
1749 2270 1980 2326 mhsmntidibus

284 2374 341 2412 nou
367 2363 462 2412 nmen
486 2355 657 2411 contentiose
675 2372 708 2410 ac
728 2355 907 2425 pertinaciter
926 2357 955 2411 in
971 2374 1005 2413 eo
1024 2357 1118 2414 deien-
1146 2359 1269 2414 divinam
1295 2358 1495 2413 institutionem
1513 2364 1674 2429 sequuntur.
1709 2355 1790 2422 Quod
1807 2355 1845 2411 ad
1861 2356 1979 2414 hsersn·
1992 2367 2099 2427 annus·-

284 2443 391 2510 deudo,
422 2441 496 2512 quod
526 2441 617 2496 minus
645 2441 734 2496 solida
760 2440 912 2497 refutatum
936 2459 1032 2499 sarum
1058 2460 1118 2499 esse
1146 2463 1193 2500 cos
1213 2443 1311 2514 prioris
1330 2443 1427 2499 classis
1445 2444 1553 2509 atn’net,
1571 2443 1680 2498 illorum
1698 2442 1853 2513 baptismus
1869 2459 1926 2497 nou
1937 2418 2113 2510 αιξῗὶζξζῃῗ,

284 2528 485 2602 opinabantur,
502 2543 563 2583 sese
580 2527 728 2598 gerebant,
757 2528 807 2582 sed
824 2545 922 2599 paoem
939 2546 1003 2584 oum
1024 2529 1118 2584 iratri-
1145 2548 1226 2586 serus
1259 2538 1289 2585 et
1319 2530 1417 2586 efficax
1444 2530 1612 2593 censendae,
1642 2528 1762 2599 ideoque
1783 2528 1917 2598 baptizati
1940 2529 1978 2583 ab
1991 2522 2096 2613 :ffiff‘

284 2614 337 2671 bus
364 2621 394 2670 et
418 2614 533 2684 collegis
560 2612 788 2669 discendentibus
813 2613 959 2681 fovebant,
981 2616 1118 2672 neminem
1145 2618 1215 2687 illis,
1247 2616 1271 2671 si
1298 2617 1335 2671 ad
1364 2634 1447 2673 verae
1473 2616 1608 2672 ecclesiae
1638 2614 1772 2687 peruium
1806 2614 2026 2686 coniugiantu
2040 2631 2073 2675 st.

281 2702 443 2773 judicantes
465 2707 514 2755 aut
537 2717 555 2754 a
574 2701 639 2771 jure
657 2700 855 2755 communionis
873 2702 1009 2773 aliquem,
1033 2702 1057 2756 si
1076 2702 1117 2757 di·
1144 2704 1257 2759 omnino
1274 2702 1438 2774 baptizandi
1456 2708 1529 2771 sunt,
1549 2718 1718 2762 cumrerum
1731 2700 1900 2771 baptismum
1910 2719 1979 2757 non·
1991 2693 2098 2784 {32:¹²¹

284 2805 394 2843 sermm
412 2787 540 2853 sentiret,
556 2792 729 2850 amoventes,
752 2791 785 2841 ut
802 2786 856 2858 ipsi
873 2788 902 2842 in
920 2788 1033 2844 exordio
1053 2787 1118 2843 Car·
1146 2790 1213 2844 dum
1242 2789 1409 2859 acceperint.
1449 2787 1496 2845 Sic
1523 2786 1621 2844 arian
1648 2786 1713 2842 olim
1739 2787 1919 2858 baptissbant
1948 2788 1980 2841 in
1990 2796 2047 2836 usn
2062 2798 2099 2836 sn

285 2873 457 2946 thaginensis
476 2872 518 2926 sui
537 2872 647 2927 concilii
665 2873 831 2943 loquuntur,
859 2873 922 2929 ideo
945 2891 997 2930 nec
1022 2873 1117 2929 haere·
1144 2877 1207 2930 salo
1224 2877 1311 2930 Patra
1328 2893 1395 2929 cero
1414 2877 1490 2942 Deo,
1516 2875 1548 2928 in
1569 2875 1640 2928 Jesu
1659 2872 1771 2928 Chrsbtc
1791 2874 1934 2930 calcatore
1953 2847 2076 2927 clm*

286 2977 346 3016 seca
366 2965 433 3013 nota
452 2959 561 3014 illorum
577 2959 663 3013 aurosi
680 2958 774 3013 inusta
791 2967 835 3013 est
852 2976 942 3031 neque
963 2960 1118 3016 schismatis
1145 2971 1278 3016 creatura
1298 2962 1371 3015 etin
1391 2961 1501 3029 Spiritu
1518 2968 1616 3014 sancto
1635 2961 1779 3030 utrimque
1795 2977 1890 3027 saco,
1908 2965 1980 3014 teste
2046 3018 2054 3026 Α,
2128 2958 2131 2964 ’

287 3045 411 3101 dissidio.
447 3043 611 3099 &natiuae
640 3052 747 3112 autem,
773 3062 837 3100 cum
861 3045 981 3102 eundem
1000 3063 1118 3102 errorem
1145 3047 1317 3117 Hieronymo
1335 3052 1432 3102 contm
1449 3045 1618 3102 Luciferian.
1636 3050 1700 3099 tom
1720 3051 1745 3102 3.
1763 3064 1791 3117 p.
1809 3052 1851 3103 ab.
1874 3051 1978 3102 tomi.

288 3149 396 3188 mmma
413 3131 587 3187 contentione
606 3136 635 3186 et
651 3130 805 3201 pertinacia
822 3138 965 3186 crematur
990 3148 1023 3187 ac
1042 3133 1119 3189 dese·
1147 3152 1173 3205 p.
1196 3138 1253 3189 166.
1275 3132 1314 3188 lit
1333 3132 1366 3187 F.
1388 3131 1455 3187 edit
1474 3130 1571 3188 Calon.
1592 3137 1666 3186 1616.
1695 3138 1724 3186 et
1748 3131 1903 3188 Athanasio
1921 3149 1977 3188 ser·

288 3227 380 3275 remnt
396 3218 617 3273 communionem
635 3217 775 3282 fidelium,
796 3219 845 3289 qui
862 3216 1001 3274 diversum
1018 3225 1120 3275 stsmc·
1146 3235 1218 3275 mon.
1237 3223 1262 3274 3.
1287 3225 1385 3273 contra
1407 3216 1527 3272 Arianos
1551 3224 1616 3270 tom.
1642 3223 1663 3272 1.
1682 3234 1711 3287 p.
1730 3223 1789 3274 ²19.
1815 3219 1880 3274 edit
1897 3218 1978 3274 Com·

288 3304 369 3374 bunt,
400 3305 465 3360 inde
492 3320 566 3359 arros
593 3304 679 3360 evasit
705 3304 734 3358 in
759 3303 886 3360 haeresin
904 3310 933 3358 et
952 3323 986 3360 ex
1006 3306 1119 3361 dissidio
1146 3305 1239 3361 melin.
1287 3304 1379 3372 ”Aa
1407 3302 1549 3376 inquiunt,
1585 3303 1762 3358 Athanasius
1788 3304 1914 3373 loquitur
1943 3306 1979 3358 de

287 3391 392 3452 tactum
409 3397 453 3445 est
467 3390 595 3456 schisma,
617 3406 674 3461 qua
692 3389 728 3446 de
745 3406 775 3444 re
792 3389 927 3461 legendus
943 3391 1120 3462 Augustinus
1146 3391 1270 3453 muna,
1294 3408 1351 3444 non
1368 3390 1527 3453 infantibus
1543 3388 1580 3442 ab
1601 3388 1719 3443 Arianis
1736 3390 1893 3459 baptisatis.
1924 3389 1978 3444 Re·

288 3477 315 3532 in
332 3477 405 3532 libro
424 3476 459 3530 dc
479 3476 618 3546 baptismo
636 3482 734 3531 conae
750 3476 932 3546 Donatistae,
959 3478 1119 3549 cumprimis
1145 3475 1324 3547 spondemus:
1345 3481 1367 3531 t.
1385 3472 1557 3528 Athanasius
1574 3490 1609 3529 ne
1626 3473 1741 3529 verbulo
1758 3474 1870 3546 quidem
1887 3474 1980 3530 innuit

286 3562 333 3618 lib.
355 3571 376 3619 1.
402 3579 426 3616 c.
455 3567 493 3619 18.
520 3561 568 3617 lib.
589 3567 614 3617 2.
638 3579 663 3618 c.
684 3569 708 3619 t.
733 3568 785 3617 etc.
812 3568 841 3617 et
865 3562 895 3618 in
920 3563 999 3619 libris
1023 3572 1119 3620 contra
1146 3562 1291 3618 diacmmeu
1314 3562 1344 3615 in
1368 3559 1517 3630 baptisatis
1539 3559 1699 3616 iaciendum
1717 3575 1791 3625 ease,
1816 3561 1866 3617 scd
1883 3562 1913 3616 in
1929 3578 1977 3631 ge·

288 3648 413 3705 &escon
438 3646 560 3703 Gramm.
587 3654 616 3702 et
640 3648 675 3702 de
697 3648 805 3704 haeresi
830 3648 866 3702 ad
894 3647 1118 3714 Quodvultdeum
1145 3665 1210 3704 nore
1229 3647 1265 3702 de
1283 3646 1446 3717 baptisante
1463 3645 1570 3702 Amano
1584 3645 1723 3717 loquitur,
1740 3647 1871 3703 videlicet
1886 3647 1916 3702 iu
1934 3663 1977 3703 ec·

288 3733 441 3792 haereaffl.
465 3733 658 3803 ”Stephanus
666 3735 979 3803 chntifeaitomanus
987 3737 1119 3805 opinatus
1144 3735 1230 3791 alesia
1254 3731 1367 3787 mnu.
1404 3737 1429 3788 2.
1446 3731 1608 3802 Baptismus
1630 3732 1655 3787 si
1671 3734 1795 3806 legitime
1812 3732 1977 3801 comuntur,

287 3829 339 3890 eet,
366 3837 516 3876 conuersos
541 3839 560 3874 a
586 3838 751 3890 quacunque
772 3822 883 3874 haeresi
903 3822 964 3875 sine
987 3822 1049 3876 selba
1074 3840 1118 3877 en·
1144 3819 1237 3892 quoad
1255 3818 1439 3874 substantiam
1458 3824 1552 3873 maun
1570 3817 1657 3886 idem,
1681 3818 1740 3874 eise
1764 3818 1801 3874 ab
1822 3818 1977 3875 intmtibus

288 3908 412 3978 ceptione
429 3924 485 3961 non
502 3907 594 3969 fciam
610 3907 835 3975 rebaptizandos.
861 3908 1119 3980 thuidemaerte,
1143 3906 1202 3961 sive
1223 3904 1340 3973 adultis,
1367 3904 1427 3960 sire
1454 3919 1472 3957 a
1494 3904 1670 3959 credentibus
1690 3905 1750 3961 sive
1766 3905 1804 3960 ab
1825 3905 1976 3961 incredulis

287 3995 335 4062 pai
351 4001 411 4047 tum
428 3993 562 4061 temporis
580 3993 709 4059 uipebant
730 3994 879 4062 hunnici,
905 3994 1025 4063 exceptis
1044 4014 1118 4065 pau·
1144 3990 1307 4062 recipiatur;
1333 3990 1372 4045 ita
1388 3990 1413 4046 ai
1430 3988 1574 4063 illegitime
1590 3989 1757 4061 nommetur,
1775 3990 1867 4046 nullus
1886 3998 1977 4061 est,u

288 4081 325 4132 cis
343 4079 538 4147 Montaniatis,
564 4085 644 4131 erasit
662 4077 728 4143 fere
746 4077 885 4148 Gnostici,
902 4080 1024 4134 insolitis
1040 4089 1118 4136 umn-
1144 4093 1311 4151 quocunque
1336 4076 1421 4132 etium
1444 4076 1641 4147 recipiatur.**
1673 4075 1712 4130 Et
1733 4076 1904 4133 Athanasius
1920 4095 1976 4134 aar·

286 4173 326 4221 tte
344 4165 480 4235 baptismi
496 4164 619 4233 formis,
639 4172 761 4233 propter
780 4166 895 4218 odiosas
913 4174 940 4219 et
957 4166 1117 4238 inscientes,
1144 4180 1217 4220 mou.
1237 4169 1261 4220 3.
1279 4168 1377 4218 contra
1395 4162 1524 4219 Asianos.
1563 4160 1737 4217 ”Batonius
1753 4170 1821 4219 tom.
1838 4170 1863 4220 4.
1880 4164 1910 4219 in
1927 4180 1976 4235 ap·

287 4268 355 4321 quas
374 4260 431 4305 tam
450 4252 487 4304 de
510 4250 671 4318 diuinitate,
700 4267 784 4318 quam
806 4252 843 4305 de
862 4267 989 4320 persona
1012 4252 1120 4308 Christi
1143 4250 1261 4323 pandiae
1286 4266 1361 4305 num.
1383 4254 1414 4305 bt
1445 4249 1524 4303 Licet
1549 4250 1718 4317 Hieronymi
1741 4258 1841 4305 contra
1862 4252 1976 4315 bacife-

286 4339 448 4403 tuebantur,
471 4336 624 4404 opiniones.
664 4334 797 4397 stamois
817 4345 911 4390 cutem
932 4338 963 4390 in
988 4340 1117 4404 confesso
1143 4337 1242 4389 rianae
1259 4342 1285 4389 et
1302 4336 1426 4390 aliorum
1444 4334 1612 4389 auctoritate
1630 4343 1749 4403 cosatet,
1765 4336 1911 4392 ecclesiam
1929 4355 1976 4392 cc·

285 4425 334 4494 sit,
364 4422 433 4477 illas
464 4422 494 4474 in
524 4420 670 4490 baptismis
698 4422 757 4474 suis
779 4438 836 4474 non
860 4421 1022 4478 camenam
1048 4439 1118 4493 mm,
1144 4423 1276 4478 tholicam
1292 4421 1602 4491 recipereccnsuecieee
1616 4421 1791 4476 Arianorum
1803 4423 1977 4493 baptismum,

286 4526 356 4579 puae
380 4525 456 4562 nunc
480 4515 592 4577 recepta
614 4515 669 4571 est,
698 4508 844 4577 sormam5
880 4508 1000 4563 ecclcsia
1026 4518 1118 4565 tamen
1144 4518 1238 4563 tamen
1255 4525 1433 4578 monaquam
1450 4509 1487 4562 ab
1507 4508 1606 4562 cadem
1616 4516 1773 4577 susceptum
1786 4510 1977 4579 estbaptisma

286 4596 418 4651 &mana
445 4602 502 4647 tum
528 4594 662 4662 temporis
686 4594 841 4647 haereticos
858 4595 992 4664 cujusque
1011 4598 1119 4663 pateris
1144 4595 1394 4663 Photinicnorum,
1417 4612 1536 4664 quaram
1553 4601 1634 4648 tanta
1653 4602 1716 4648 crat
1735 4596 1866 4665 impietas
1885 4598 1915 4651 in
1931 4612 1976 4651 ne·

285 4682 532 4737 indiscriminatim
556 4680 616 4734 sine
635 4680 812 4749 bopts'smatie
832 4681 981 4736 iteratione
998 4684 1039 4736 cd
1052 4700 1118 4751 poe·
1143 4683 1240 4751 pando
1262 4681 1439 4735 divinantem
1455 4680 1530 4734 lilii
1544 4678 1605 4740 Dei
1622 4681 1818 4747 ussermaems,
1834 4697 1896 4737 cum
1915 4690 1977 4736 tan·

284 4769 431 4824 nitentium
447 4766 569 4821 admisit.
605 4766 644 4819 At
670 4767 797 4835 episcopi
818 4766 941 4829 Africae
961 4776 987 4820 et
1007 4768 1118 4838 θαρρα-
1144 4776 1201 4821 tum
1217 4768 1310 4833 fnisse
1336 4767 1486 4830 hominem,
1512 4774 1543 4819 ut
1565 4766 1672 4819 Ariani
1691 4766 1750 4835 ipsi
1770 4784 1816 4821 cca
1836 4768 1976 4836 ejicerent.

286 4857 385 4912 dociae
402 4854 447 4907 hie
465 4852 648 4906 eadiametro
663 4853 858 4920 repupnabant
874 4860 1005 4921 tenentes,
1026 4871 1119 4909 omnes
1145 4851 1224 4907 ldem
1241 4858 1306 4908 tom
1326 4860 1350 4908 b.
1369 4867 1442 4906 auno
1460 4857 1519 4908 tte.
1537 4868 1611 4905 num.
1633 4857 1693 4908 109:
1717 4854 1786 4908 Cum
1802 4853 1914 4908 Ariani
1924 4856 1976 4908 ccl·

285 4942 439 4997 boemicae
462 4940 686 5007 rebaptizandos.
723 4937 881 4994 Concilium
905 4940 1042 5013 Niccnum
1064 4957 1118 4994 nse·
1145 4938 1296 4993 ammento
1316 4937 1445 4992 Eudoaii
1467 4938 1540 4990 idem
1564 4938 1641 5003 sacti
1663 4939 1704 4992 ibi
1721 4939 1751 4992 in
1771 4939 1895 4993 Thracia
1912 4949 1977 4995 sum

286 5030 364 5084 dmm
381 5027 457 5080 uiam
475 5026 562 5078 tenuit
581 5031 724 5092 statmns,
740 5025 940 5080 Paulicnistae
959 5034 986 5079 et
1004 5028 1118 5081 Monta·
1145 5024 1326 5093 Endcnioni,
1345 5040 1439 5077 earum
1457 5022 1609 5092 bapts'srna,
1626 5024 1698 5078 siccet
1712 5032 1739 5078 et
1756 5026 1976 5081 Macedonianu-

284 5111 757 5182 sinuarebcptiaandos,0atharoe
768 5129 833 5167 cero
847 5111 968 5167 minime.
987 5113 1120 5180 &nostris
1144 5129 1207 5165 rum
1225 5110 1366 5165 catholica
1385 5110 1504 5163 molesia
1519 5111 1632 5179 penitus
1652 5110 1766 5180 respuit,
1785 5110 1816 5165 in
1827 5130 1882 5182 quo
1894 5113 1976 5170 nulla

287 5199 598 5268 Comtantinopclitana
624 5198 782 5268 permultae
808 5205 931 5252 recenset
955 5198 1118 5270 haereticos,
1144 5205 1214 5251 essm
1236 5196 1386 5250 Trinitatis
1408 5203 1533 5251 assatio.
1568 5195 1671 5251 Concil.
1690 5197 1893 5255 mettenses.
1916 5214 1976 5256 cau

285 5290 333 5357 qui
355 5285 480 5357 purifico
504 5283 570 5339 ro‘re
599 5286 690 5337 denuo
714 5292 796 5338 crant
820 5283 965 5338 lmaandi
988 5292 1013 5339 et
1036 5285 1118 5350 alsbs,
1147 5288 1191 5336 ts:
1222 5282 1398 5336 Bouosiacoe
1421 5290 1514 5335 amesa
1537 5300 1571 5335 ea
1598 5285 1694 5337 eodem
1718 5298 1814 5337 errore
1838 5286 1977 5339 oenmntcs

285 5374 333 5442 qui
364 5389 426 5426 oum
456 5389 506 5424 seso
538 5370 702 5438 baptismate
733 5377 814 5423 aava
844 5370 1018 5440 recipiendi,
1048 5387 1118 5439 quos
1144 5372 1226 5439 (quos
1255 5366 1327 5422 sicut
1356 5367 1476 5422 Arianos
1507 5367 1641 5440 baptisari
1669 5368 1700 5423 in
1730 5368 1867 5425 Trinitate
1890 5372 1983 5427 mani·‘

285 5468 381 5515 namra
394 5459 494 5523 forma
513 5472 579 5509 usae
596 5472 655 5509 esse
673 5472 753 5508 nemo
768 5455 857 5518 facilc
876 5457 1116 5511 demonstraverit.
1129 5431 1246 5564 [fetum
1277 5457 1346 5519 est),
1380 5456 1447 5507 dum
1481 5455 1649 5523 interrcpati
1677 5457 1760 5520 ficiem
1791 5466 1915 5512 nostram
1944 5476 1977 5512 en

287 5545 344 5601 &a
373 5547 416 5600 ad
441 5545 512 5598 hanc
537 5560 597 5597 rem
620 5541 750 5612 apprime
775 5542 869 5607 facit,
899 5543 976 5611 quod
1000 5549 1201 5654 testaturbtcto
1219 5541 1306 5593 corde
1324 5540 1450 5607 cmifessi
1458 5541 1582 5608 suerint,
1600 5558 1663 5594 cum
1680 5542 1978 5600 chrismateetmanus

286 5630 488 5697 attestans,
510 5629 699 5693 Novatianos,
720 5628 888 5681 Encratitas
912 5634 939 5680 et
962 5626 1322 5697 Saccoplsouimpasitione
1341 5626 1371 5678 in
1389 5626 1508 5678 scalena
1524 5626 1615 5694 recepi
1633 5627 1749 5696 apsyicit.
1785 5626 1890 5685 concil.
1907 5632 1976 5687 Arc-

287 5733 346 5787 rce,
371 5733 442 5787 quos
466 5716 575 5770 Romae
600 5732 655 5768 non
673 5712 899 5784 rebaptizabant,
924 5730 943 5766 a
969 5729 999 5766 se
1027 5681 1251 5768 tamenilatense
1271 5717 1292 5766 l.
1311 5727 1372 5768 cau.
1391 5715 1422 5767 8:
1442 5712 1489 5767 lle
1504 5711 1631 5778 Arianae,
1651 5712 1701 5781 qui
1713 5716 1839 5784 propria
1851 5717 1977 5787 lepesua

287 5803 480 5876 rebaptisatus,
500 5818 583 5872 quam
602 5801 789 5856 eliuoefflaum
807 5805 921 5853 sanctiss
938 5798 989 5853 ille
1007 5798 1051 5853 aab
1070 5771 1270 5866 animantur,
1284 5805 1315 5852 at
1330 5796 1543 5866 rebaptisentur,
1556 5794 1684 5864 placuit.-
1720 5797 1756 5852 as·
1772 5801 1815 5854 ad
1832 5804 1976 5860 ecdem
