4800 6659
444 443 513 501 esc
1007 424 1010 429 ’
1123 406 1251 494 boam
1266 433 1470 493 monemus
1587 481 1599 509 ,

452 586 590 644 uberioris
605 587 871 659 aoriespiationesn
882 587 1059 659 undiquecon
1072 590 1186 660 uocatu,
1202 607 1288 659 quum
1314 594 1355 645 86.
1380 598 1444 645 tunc
1468 590 1561 659 surpit
1582 590 1715 660 pontifee
1734 596 1763 646 et
1786 597 1868 644 dors
1885 606 1949 645 oues
1967 589 2056 646 ntra
2074 591 2149 646 bno
2167 638 2170 647 .

452 692 500 732 m
516 661 586 731 ins
598 674 769 730 sumnum
783 682 963 746 monumen
975 692 990 730 ο
1003 675 1126 730 men
1137 695 1156 730 a
1171 677 1287 731 enom
1313 676 1382 730 eon
1405 676 1453 731 sae
1474 684 1501 730 n
1523 693 1627 745 aenan
1644 681 1698 732 en.
1722 682 1790 745 pon
1812 676 1885 731 sun
1910 683 1937 730 es
1960 692 2056 745 aquae
2074 676 2148 730 ent-

452 761 576 816 oblatum
598 760 651 826 iri,
676 761 852 831 simplicibus
871 777 1039 832 persuasum
1056 763 1101 817 sit.
1139 763 1212 825 Quin
1230 763 1286 816 imo
1313 763 1463 817 dietiomm
1489 764 1630 832 conceptis
1659 762 1749 816 verbis
1772 763 1888 829 saetam
1913 770 1940 816 et
1966 763 2025 817 late
2049 762 2149 816 ibidem

451 847 553 909 foveae
571 853 598 901 et
615 854 719 915 stapna
742 849 941 917 ostenduntur,
966 864 1037 918 qnae
1061 849 1145 902 etiam
1163 848 1238 915 nidi,
1261 847 1289 900 si
1313 851 1484 919 descriptam
1514 850 1556 903 ita
1587 857 1652 903 orat
1679 849 1829 918 pontifex:
1864 848 1993 903 Benedio
2029 848 2148 903 Domine

452 933 555 1000 dianus
570 948 646 1001 sum,
666 934 712 986 cui
728 935 873 1000 credatur,
890 951 945 1002 quo
964 935 1105 1002 ejusmodi
1123 953 1178 988 non
1197 934 1287 1002 bapti·
1312 937 1384 989 lianc
1408 955 1513 1006 aquam
1536 936 1651 991 coelesti
1674 935 1862 997 benedictione
1886 943 1913 990 et
1930 936 2050 990 assistat
2068 952 2148 1004 super

450 1027 529 1073 satas
550 1027 783 1089 consecratusque
806 1036 961 1088 companas
983 1038 1003 1073 a
1025 1022 1161 1075 daemone
1179 1038 1212 1074 cu
1229 1027 1286 1073 nn-
1312 1040 1373 1076 eam
1397 1023 1487 1076 oirtsss
1513 1021 1639 1091 Spiritus
1664 1023 1772 1087 sancti,
1797 1029 1828 1076 ut
1849 1040 1911 1075 cum
1932 1024 1985 1076 icoc
2005 1023 2148 1075 vasculum

451 1105 529 1159 ribus
556 1106 698 1175 pronimis
727 1107 851 1159 incoctas
873 1122 931 1159 esse
963 1114 1156 1160 asseveranter
1181 1106 1287 1173 dicunt,
1312 1110 1354 1161 ad
1376 1108 1538 1162 incitandos
1561 1108 1694 1162 ecclesiae
1723 1109 1800 1171 filios
1821 1116 2031 1177 praeparatum
2060 1109 2091 1161 in
2117 1124 2148 1161 ea

451 1189 602 1260 audirique
627 1208 725 1245 earum
750 1209 848 1246 oenum
868 1192 1095 1247 nocturnalem
1118 1193 1287 1247 duodecima
1310 1194 1402 1259 fuerit
1417 1194 1544 1261 tinctum,
1567 1194 1721 1262 ubicunqne
1744 1197 1923 1263 postmodum
1945 1194 2073 1248 sonuerit
2091 1194 2149 1262 ejus

450 1278 482 1332 in
497 1278 657 1333 natiuitatis
678 1276 785 1332 Christi
802 1278 974 1347 solennibus,
999 1280 1044 1333 oei
1067 1280 1150 1333 otiam
1166 1279 1287 1348 singulis
1312 1278 1443 1348 tinnitus,
1456 1279 1561 1349 procul
1577 1281 1693 1333 recedat
1709 1280 1799 1334 uirtus
1817 1280 2032 1344 insidiantium,
2052 1280 2148 1333 nrnbro

451 1372 573 1432 psatuor
591 1365 661 1419 anni
679 1366 856 1434 temporibus,
875 1382 948 1434 quae
965 1374 1071 1434 uocem,
1091 1373 1117 1419 et
1135 1383 1197 1420 eum
1216 1384 1287 1420 com·
1309 1367 1553 1435 plantasmatum,
1583 1365 1706 1419 incursio
1735 1367 1891 1435 turbinum,
1916 1367 2066 1435 pmmsssio
2088 1366 2147 1432 sui-

450 1452 532 1520 mori,
548 1452 599 1521 qni
613 1451 745 1519 audierit,
763 1459 789 1504 et
806 1451 833 1504 ei
849 1451 971 1520 aliquem
990 1453 1091 1505 audire
1108 1454 1287 1521 continperet,
1313 1452 1431 1520 minum,
1461 1451 1552 1504 laesio
1581 1450 1747 1521 tonitruum,
1776 1453 1927 1506 calamitas
1956 1460 2148 1522 tempestatum

451 1538 477 1590 is
491 1538 594 1606 procul
613 1538 698 1591 dubio
715 1556 733 1591 o
751 1538 887 1591 daemone
911 1538 944 1592 ob
963 1538 1134 1605 impietatem
1152 1539 1286 1593 illudere·
1313 1538 1455 1607 animisque
1484 1537 1601 1606 spiritus
1626 1538 1836 1608 procellarum,
1863 1546 1890 1593 et
1906 1557 1970 1592 cum
1989 1539 2149 1607 clanporen

452 1632 506 1677 tur.
530 1623 650 1677 Interim
667 1630 759 1677 tamen
778 1624 853 1677 bisce
870 1624 1018 1691 relipionis
1037 1633 1148 1679 nostrae
1164 1627 1287 1696 praesti-
1313 1623 1394 1676 illius
1411 1622 1555 1676 audierint
1574 1621 1630 1684 ntis
1651 1623 1892 1694 Christianorum,
1919 1632 2030 1679 crescat
2054 1623 2086 1677 in
2111 1623 2149 1676 eis

453 1711 508 1779 piis
526 1710 575 1765 att
591 1710 766 1776 detinentur,
790 1726 841 1762 nec
867 1709 907 1761 ita
928 1710 1044 1777 pridem
1069 1728 1100 1764 eo
1119 1712 1181 1765 loco
1194 1728 1288 1780 prope
1313 1709 1469 1763 devotionis
1500 1716 1713 1778 arpumentnm,
1751 1718 1782 1762 ut
1811 1711 1982 1773 festinantes
2013 1711 2057 1764 ad
2082 1710 2149 1778 piae

452 1796 603 1850 Ablntiam
623 1795 818 1848 Kneciitestein
837 1796 938 1847 ductus
950 1812 1019 1862 sum,
1037 1796 1085 1848 uli
1105 1798 1288 1861 firmiterad·
1314 1795 1414 1849 matris
1440 1793 1573 1848 moloniae
1602 1795 1738 1864 premium
1768 1804 1887 1871 cantent¹
1911 1796 1952 1850 ibi
1978 1796 2010 1849 in
2032 1795 2149 1849 ecelesia

452 1884 506 1936 buc
525 1882 665 1946 credetur,
688 1881 739 1935 loc
758 1880 939 1950 sacrilegium
959 1898 1055 1935 coram
1073 1885 1183 1951 cadim,
1212 1902 1288 1937 mon·
1313 1888 1474 1935 sanctorum
1500 1880 1640 1934 canticum
1666 1898 1766 1934 nouum
1792 1882 1823 1935 in
1844 1883 1947 1936 laudes
1965 1899 2077 1951 corum,
2106 1884 2149 1935 de·

452 1976 562 2022 stratur
579 1960 671 2034 foeda
693 1968 838 2035 turrisque
865 1968 1029 2021 ostenditur.
1068 1968 1147 2023 Haec
1166 1968 1287 2024 Wierus.
1312 1969 1434 2031 suades
1459 1967 1490 2020 in
1512 1984 1581 2019 sono
1603 1967 1787 2035 praeconium
1810 1968 1905 2035 tutae,
1932 1968 2150 2022 modulationem

452 2054 584 2109 Ceterum
599 2052 672 2108 hanc
689 2070 884 2125 campanarum
901 2053 1117 2125 baptizationem
1136 2055 1288 2109 instituisse
1311 2053 1458 2122 psalterii,
1480 2052 1692 2106 resultationem
1711 2053 1835 2121 erponi,
1850 2056 2034 2123 deprecantes
2054 2054 2150 2109 Domi·

453 2158 469 2195 a
486 2139 593 2195 Balaso
611 2139 743 2194 scribitur
757 2139 900 2196 lohannes
912 2139 993 2197 XIII.
1012 2142 1059 2212 qni
1072 2158 1203 2213 magnam
1215 2159 1287 2197 cam·
1314 2157 1379 2192 num
1398 2138 1471 2191 coeli
1482 2155 1540 2207 pro
1561 2139 1712 2193 sceleribus
1731 2146 1758 2192 et
1769 2156 1827 2207 pro
1842 2140 1969 2197 omnibus
1982 2142 2150 2195 mercariis

452 2243 554 2298 penam
571 2226 609 2281 ad
621 2225 777 2282 Iohannem
789 2225 1006 2283 Interanensem
1024 2227 1103 2282 dese
1116 2227 1288 2283 denominari
1313 2227 1380 2288 suis,
1397 2232 1534 2293 eumenen
1549 2224 1670 2279 inritare
1688 2224 1801 2278 vehant
1818 2226 1848 2279 in
1867 2226 1970 2296 templo
1986 2235 2086 2280 eundo
2104 2235 2150 2280 tuo

453 2312 1288 2384 voluit,actribniturbaptisatiscampauissingulsrisquae-
1313 2312 1372 2365 suis
1406 2309 1545 2380 obsequiis
1578 2319 1604 2364 et
1628 2310 1760 2380 precibus
1782 2311 1990 2365 multitudinem
2016 2314 2151 2367 acrum

455 2399 615 2453 demvm
629 2403 658 2454 st
670 2397 795 2453 efficacia
805 2399 842 2452 ad
855 2399 1043 2470 expulsionem
1058 2399 1147 2454 omnis
1157 2400 1288 2455 diabolici
1314 2398 1480 2467 ampelorum
1515 2404 1542 2450 et
1576 2396 1808 2451 intercedentibus
1836 2399 1959 2453 omnium
1988 2408 2149 2454 sanctorum

454 2485 582 2553 insultus,
601 2485 638 2541 ad
656 2484 782 2556 fuganda
799 2485 921 2541 tonitrua
932 2492 960 2540 et
972 2485 1096 2554 fulmine,
1116 2486 1153 2540 ad
1170 2486 1288 2541 salutem
1314 2484 1421 2537 meritis
1450 2482 1619 2553 impetrare,
1654 2485 1731 2551 quod
1756 2485 1951 2555 poposcerint,
1980 2493 2150 2552 mereantur,

454 2572 649 2628 defunctarum
675 2572 831 2626 ammarum
856 2578 909 2628 etc.
944 2571 1015 2627 Item
1043 2588 1195 2642 campanae
1224 2573 1288 2627 illas
1313 2569 1440 2624 salvator
1465 2570 1564 2623 mundi
1591 2570 1688 2640 Dens,
1718 2571 1769 2639 prii
1792 2587 1853 2624 cnm
1870 2570 1960 2624 Patre
1981 2577 2035 2626 etc.
2070 2571 2149 2625 Post·

346 2660 382 2700 1¹·
395 2658 441 2703 Μ·
454 2666 512 2714 mm
529 2663 642 2712 sanctae
661 2663 734 2720 sunt,
751 2662 792 2725 ut,
812 2657 835 2711 si
853 2656 972 2712 ecclesia
988 2658 1033 2713 vel
1051 2658 1172 2729 populus
1187 2658 1288 2730 aliquis
1313 2659 1383 2710 laec
1397 2656 1530 2723 pontifex
1548 2655 1641 2709 metu
1656 2656 1703 2709 sal
1721 2656 1751 2709 in
1771 2674 1890 2727 aptam,
1906 2657 1937 2710 in
1955 2658 2072 2711 modum
2090 2674 2150 2711 cro·

454 2744 507 2800 sub
525 2741 701 2799 anathemate
720 2742 770 2811 sit,
796 2742 906 2814 signnm
927 2742 982 2798 illis
1000 2744 1067 2799 dare
1090 2760 1223 2815 magnum
1251 2745 1289 2801 sit
1314 2744 1355 2797 cis
1377 2743 1476 2809 semel,
1501 2741 1615 2795 dicens:
1646 2742 1727 2796 Haec
1752 2744 1905 2798 connectio
1924 2744 1999 2798 salis
2016 2752 2044 2798 et
2061 2760 2150 2812 aquae

455 2828 612 2901 piaculum,
637 2834 671 2883 ut
693 2845 711 2882 a
734 2828 881 2884 Bouiiacio
899 2828 980 2887 VIII.
999 2830 1028 2884 in
1047 2846 1109 2900 cap.
1128 2831 1213 2886 Alma
1231 2849 1288 2887 ma·
1314 2830 1443 2894 efficiant
1459 2829 1587 2882 salutare
1605 2837 1810 2883 sacramentum
1828 2830 1859 2883 in
1876 2828 1986 2883 nonime
2005 2829 2110 2884 Putris
2126 2836 2150 2883 et

455 2922 497 2971 ter
516 2912 543 2989 ξ
569 2913 725 2985 Adjicimus
746 2914 781 2970 de
800 2920 919 2973 sentent.
944 2916 973 2969 in
991 2921 1015 2971 6.
1036 2923 1065 2971 et
1081 2915 1218 2988 Gregorio
1234 2917 1288 2976 lx
1314 2915 1388 2970 Filii
1414 2923 1440 2968 et
1465 2914 1593 2982 Spiritus
1616 2915 1721 2984 suncti,
1752 2933 1807 2983 que
1830 2917 1916 2982 sacto
1938 2915 2102 2983 superrat
2125 2922 2150 2968 et

454 3002 483 3057 in
507 3017 569 3071 cap.
597 2999 641 3055 Ea
664 3000 847 3070 permittimus
870 3001 899 3055 in
924 3001 1026 3058 decret.
1052 3001 1088 3057 dc
1105 3010 1223 3060 sentent
1242 3022 1287 3060 sx-
1313 3019 1418 3070 amiam
1447 3001 1596 3055 commuta
1626 3001 1704 3055 dicat
1728 3018 1799 3057 cers.
1826 3001 1967 3056 Dominus
1992 3001 2151 3056 vaeneunt

453 3086 648 3143 communicat
674 3091 823 3155 statutum,
857 3105 890 3142 ex
919 3088 1012 3159 petia
1036 3094 1130 3143 tamen
1153 3090 1288 3163 singulari
1314 3088 1547 3155 Respondentur:
1571 3087 1612 3139 Et
1629 3104 1692 3141 cum
1709 3087 1812 3154 spiritu
1829 3093 1885 3140 tuo.
1919 3086 2039 3141 Deinde
2059 3095 2149 3150 orant,

453 3173 518 3230 olim
536 3191 555 3229 a
571 3172 703 3245 pontifice
722 3173 860 3228 indultum
883 3173 938 3228 tuit
963 3175 1024 3230 Ave
1042 3174 1132 3231 Maria
1149 3184 1208 3232 tum
1227 3178 1288 3248 pul·
1313 3181 1344 3227 ut
1365 3174 1438 3227 lianc
1460 3180 1619 3227 creaturam
1635 3171 1707 3225 solis
1731 3180 1759 3227 et
1775 3189 1867 3241 aquae
1883 3171 2036 3240 dienaster
2053 3172 2151 3240 adipi·

454 3276 530 3328 sare,
559 3264 592 3312 nt
618 3258 700 3314 docet
723 3257 841 3313 lohann.
868 3258 1031 3314 Calderinus
1056 3261 1085 3315 in
1111 3266 1233 3318 tractatu
1253 3264 1288 3318 de
1313 3260 1380 3328 ciat,
1399 3260 1531 3328 teniynus
1549 3259 1681 3328 illustret,
1697 3259 1815 3327 pietatis
1831 3276 1900 3314 suae
1917 3275 1985 3314 rore
1996 3261 2150 3325 sanctificet

453 3345 607 3401 interdictis
624 3362 652 3415 p.
674 3349 696 3399 1.
717 3360 792 3400 num.
812 3349 853 3399 97.
883 3346 992 3400 “anno
1013 3352 1087 3403 1520.
1104 3347 1204 3406 Venet.
1222 3350 1289 3409 edit.
1313 3349 1409 3410 Deus,
1432 3354 1463 3399 ut
1487 3346 1644 3415 almumque
1670 3347 1812 3412 adspersa
1837 3345 1925 3409 fuerit
1954 3362 2010 3413 per
2041 3346 2149 3401 inocca-

451 3431 499 3487 lib.
518 3436 543 3487 2.
562 3431 598 3487 de
616 3428 714 3486 bened.
733 3446 836 3500 camp.;
853 3447 926 3485 anno
949 3437 1022 3487 1595.
1043 3432 1192 3488 Clementis
1206 3436 1287 3491 VIII.
1313 3433 1413 3488 tionem
1431 3433 1493 3501 ejrss
1511 3433 1605 3486 sancti
1621 3432 1754 3502 morini,
1772 3431 1921 3497 infestatio
1938 3432 2081 3487 immundi
2095 3433 2148 3502 spi·

452 3516 591 3588 pontificis
617 3515 736 3571 Romani
755 3517 837 3585 jussu
861 3516 1022 3587 pontificale
1038 3517 1193 3575 Romanum
1211 3524 1289 3577 resti·
1312 3522 1385 3574 ritus
1409 3519 1563 3588 abjiciatur
1590 3527 1735 3588 terrorque
1763 3518 1895 3573 venenosi
1920 3519 2063 3587 mrpmsts's
2083 3535 2149 3586 pro·

452 3610 545 3659 tutum
570 3608 599 3658 et
622 3600 807 3671 pulcherrimo
829 3601 989 3659 charactere
1019 3611 1048 3660 et
1077 3605 1288 3677 elegantissimis
1314 3607 1361 3661 cul
1380 3606 1518 3674 pellitur.
1553 3605 1610 3659 His
1630 3604 1758 3674 peractis
1775 3604 1909 3673 pontisne
1928 3613 2047 3674 accepta
2065 3605 2148 3659 miro

454 3687 569 3759 picturis
594 3686 700 3743 editum
726 3693 769 3743 est
794 3704 857 3743 cum
877 3688 1001 3760 praefixa
1018 3675 1288 3760 ejusdem'Olemen·
1315 3692 1415 3760 incipit
1443 3691 1541 3744 lavare
1571 3708 1737 3760 campanam
1763 3708 1825 3744 cnm
1850 3690 1928 3743 dicta
1951 3707 2030 3759 aqua
2052 3698 2079 3746 et
2100 3690 2148 3744 mi·

453 3774 490 3830 tis
516 3772 712 3830 constitutione
736 3790 788 3843 pro
812 3772 896 3844 hujus
919 3774 983 3829 libri
1004 3777 1169 3835 auctoritate
1193 3785 1223 3834 et
1240 3797 1288 3851 ap·
1314 3778 1400 3831 nestri
1413 3785 1623 3846 prosequuntur
1642 3776 1783 3846 lotionem,
1800 3777 1928 3831 lavantes
1949 3792 2012 3829 eom
2026 3776 2149 3832 totaliter

455 3860 626 3931 probatione.
661 3858 705 3914 Ac
730 3858 797 3915 licet
818 3861 848 3914 in
873 3878 948 3917 nora
970 3861 1024 3917 hae
1051 3863 1172 3919 editions
1201 3866 1290 3920 multa
1313 3864 1389 3917 intus
1408 3872 1434 3917 et
1452 3871 1546 3925 extra,
1565 3862 1669 3916 deinde
1687 3880 1749 3915 cnm
1768 3860 1854 3916 linteo
1875 3862 1981 3915 mundo
1997 3868 2149 3931 emmeant,

454 3946 510 4001 sint
535 3946 652 4015 omues,
684 3962 757 4016 quae
788 3953 885 4002 contra
909 3947 1067 4017 pontificem
1095 3948 1187 4006 faeere
1212 3952 1288 4007 vide·
1312 3950 1444 4019 pontifice
1469 3966 1532 4003 cnm
1555 3950 1642 4003 mira
1666 3951 1780 4002 sedente
1803 3957 1908 4001 etcum
1926 3947 1994 4000 aliis
2013 3946 2150 4001 ministris

455 4033 571 4101 bantur,
596 4031 666 4087 haec
692 4039 799 4098 minen,
826 4050 900 4106 quae
926 4034 961 4089 ds
984 4051 1182 4106 campanorum
1205 4037 1288 4094 bens·
1315 4037 1424 4091 dicente
1452 4035 1596 4105 psalmum
1621 4038 1681 4089 lit.
1709 4036 1768 4088 147.
1796 4037 1855 4088 tte.
1882 4040 1908 4087 et
1935 4035 1995 4087 tte.
2047 4032 2152 4095 Quibus

455 4118 576 4175 dictione
600 4117 629 4172 in
654 4117 739 4188 priori
760 4118 881 4174 editions
898 4118 1053 4191 habentur,
1082 4121 1188 4178 intacta
1210 4141 1289 4194 prse-
1309 4122 1403 4192 finitis
1430 4122 1521 4191 surpit
1546 4121 1680 4191 pomifer
1705 4137 1768 4173 cum
1793 4120 1880 4173 mitra
1904 4126 1929 4171 et
1955 4135 2018 4172 cum
2039 4119 2151 4188 pollice

456 4204 685 4259 ministraturos
713 4204 794 4261 Ritus
811 4205 840 4259 in
857 4204 1045 4275 baptizatione
1056 4206 1105 4263 iIIa
1117 4208 1289 4266 adhibendos
1315 4211 1430 4263 destrae
1453 4223 1554 4261 manses
1576 4206 1651 4271 facit
1668 4205 1704 4259 ab
1721 4213 1803 4258 entra
1822 4222 1911 4273 supra
1929 4221 2100 4273 eanspanam
2117 4206 2189 4259 deu

456 4289 616 4361 pontificale
632 4289 789 4345 Romanum
810 4290 941 4346 describit
958 4290 1001 4345 his
1021 4292 1125 4347 verbis:
1143 4296 1289 4365 imprimis
1315 4291 1376 4350 oleo
1401 4301 1499 4349 sancto
1523 4293 1697 4362 infirmorum
1721 4291 1831 4358 eipnum
1856 4289 1963 4358 crucis,·
1993 4307 2047 4359 asso
2070 4291 2152 4355 facto

455 4375 537 4430 delet
554 4392 693 4444 compone
709 4376 774 4443 ipsa
792 4376 835 4429 ita
853 4378 989 4445 suspendi
1004 4384 1030 4431 ct
1048 4379 1157 4449 situum
1176 4390 1287 4437 utcom-
1315 4380 1444 4450 deposita
1469 4378 1557 4432 mitra
1583 4378 1653 4431 debit
1679 4377 1849 4441 orationem,
1874 4383 1905 4429 ut
1930 4377 2012 4430 Deus
2038 4392 2152 4445 campa·

437 4463 536 4516 -mode
558 4460 651 4530 possit
673 4461 749 4514 intus
775 4470 802 4516 et
829 4469 907 4516 cotra
931 4464 1025 4533 tempi,
1050 4467 1172 4520 tractari
1189 4475 1217 4521 et
1235 4469 1289 4522 cir·
1314 4485 1380 4520 nam
1397 4482 1448 4517 suo
1466 4471 1563 4516 sancto
1583 4463 1696 4531 Spiritu
1717 4463 1887 4529 sanctificet,
1913 4468 1957 4525 ut,
1981 4461 2011 4514 ei
2031 4462 2153 4515 audetur

454 4547 546 4617 cuiri,·
567 4546 670 4600 deinde
682 4564 776 4617 prope
794 4548 886 4617 mnsam
904 4566 1073 4620 campanam
1085 4560 1289 4621 paraturpon-
1314 4553 1377 4620 ejus
1397 4551 1519 4613 sonitu,
1545 4549 1576 4601 in
1597 4547 1754 4603 nominibus
1773 4553 1880 4602 crescat
1897 4546 2009 4600 deuotio
2028 4553 2054 4601 et
2073 4564 2154 4601 ornne

454 4634 525 4701 tifici
543 4633 749 4701 faldistorium
774 4634 864 4704 (sedes
891 4636 1082 4707 episcopalis),
1114 4656 1164 4692 ons
1197 4657 1290 4709 aquae
1314 4638 1417 4691 malum
1450 4635 1590 4703 obiectur.
1637 4633 1776 4687 Fornulo
1813 4633 1950 4687 orationis
1984 4631 2054 4686 eaeo
2092 4640 2153 4687 est:

455 4720 672 4788 benedicendae,
699 4722 927 4792 adsperserium,
951 4740 1002 4777 eas
1021 4740 1084 4777 cum
1100 4725 1176 4793 sole,
1200 4726 1290 4781 linteo
1314 4726 1413 4792 Dens,
1438 4721 1488 4790 qni
1508 4737 1565 4788 per
1589 4727 1716 4772 sanctum
1742 4717 1864 4785 Moysen
1887 4717 2039 4784 lepit'erum
2054 4719 2155 4783 famu·

454 4808 561 4860 munda
583 4807 625 4862 ed
647 4810 857 4876 senescendum
875 4825 1055 4879 campanam,
1086 4812 1199 4878 quando
1218 4830 1289 4881 opus
1315 4812 1372 4865 lum
1398 4818 1475 4862 tuum
1499 4807 1581 4860 tubas
1607 4812 1755 4875 arpenteas
1777 4804 1843 4869 fieri
1860 4803 2052 4874 praecepisti,
2082 4821 2156 4874 quas

454 4893 520 4961 erit,
547 4911 598 4946 eas
614 4892 672 4947 olei
687 4895 782 4947 sancti
800 4895 988 4963 infirmorum,
1013 4903 1139 4949 sunctum
1158 4898 1288 4963 chrisma,
1315 4898 1382 4949 dum
1404 4893 1520 4948 heatae
1545 4900 1668 4960 tempore
1691 4890 1829 4955 sacrificii
1850 4890 2027 4958 olonperesst,
2057 4891 2157 4948 sonitu

455 4978 620 5046 thymiama,
648 4979 725 5043 etus,
752 4979 866 5047 myrrha
893 4988 919 5033 et
942 4980 1113 5035 tlurilndum
1135 4999 1197 5036 cnm
1215 4984 1288 5052 ipne.
1315 4978 1475 5035 dulcedinis
1489 4978 1616 5047 populus
1634 4976 1755 5030 monitus
1774 4977 1816 5029 ad
1831 4983 1857 5028 te
1876 4976 2058 5032 cunamen
2075 4978 2156 5040 tieret

455 5065 602 5119 Diaconsu
620 5065 704 5119 etiam
724 5066 830 5133 occipit
848 5066 995 5134 amictum,
1017 5066 1121 5136 dean,
1137 5068 1289 5140 mapulam,
1314 5072 1507 5138 praeparatus
1528 5072 1553 5117 et
1570 5062 1799 5117 ad'ceiebranda
1819 5059 1964 5128 sacrificia
1982 5063 2156 5131 conueniret,

453 5151 639 5220 maneimlum,
660 5151 761 5205 stolum
780 5158 805 5204 et
824 5151 1007 5205 dalrreaticam
1019 5151 1081 5205 albi
1093 5141 1207 5206 coloris}
1232 5154 1289 5207 His
1315 5165 1488 5221 quarumque
1508 5150 1642 5216 clonpore
1661 5147 1746 5201 etiam
1764 5146 1892 5200 bertam
1909 5146 1951 5198 od
1970 5144 2076 5202 tutum
2095 5149 2157 5202 tela

454 5236 596 5290 ordinatis
617 5237 749 5305 pontiden
768 5236 799 5290 in
815 5236 950 5290 samistia
969 5243 1020 5290 aut
1037 5236 1097 5290 alio
1117 5239 1290 5293 conuenienti
1311 5243 1502 5305 prosterneret
1528 5230 1750 5297 dracontium,
1774 5238 1893 5300 praesta
1913 5245 2101 5301 qsmesssnsses,
2126 5240 2158 5288 ut

454 5320 516 5376 loco
534 5329 655 5390 paratus
676 5321 793 5389 amictu,
810 5320 892 5389 alla,
912 5321 1025 5389 simpulo
1035 5359 1043 5388 ,
1059 5322 1151 5389 stolo,
1163 5322 1290 5391 pluviali
1314 5322 1365 5375 boc
1389 5321 1533 5374 oascedum
1549 5325 1677 5373 sanctum
1695 5325 1760 5371 tuae
1783 5311 1918 5369 ecclesiae
1938 5326 2158 5386 praeparatum

454 5407 515 5461 albi
531 5406 636 5461 coloris
654 5414 680 5459 et
696 5406 782 5459 mitra
800 5405 938 5476 simplici,
963 5407 1091 5461 bmnium
1111 5409 1289 5477 pastoralem
1314 5425 1334 5461 u
1351 5414 1400 5460 tuo
1419 5395 1646 5475 sancto⁶Spiritu
1667 5419 1723 5472 per
1745 5408 1860 5457 nostrae
1881 5399 2050 5456 inmutatis
2067 5406 2158 5459 sorni·

452 5510 539 5546 marne
566 5498 678 5560 portans
698 5492 773 5544 uenit
791 5508 886 5561 prope
908 5507 1090 5560 componam,
1115 5494 1165 5547 net
1189 5497 1289 5550 sedens
1313 5494 1381 5547 tium
1405 5492 1606 5560 sanctificetur,
1630 5496 1661 5542 ut
1685 5506 1742 5558 per
1765 5488 1845 5543 illins
1867 5494 1971 5541 tactum
1988 5495 2016 5541 et
2032 5490 2159 5545 sonum

453 5594 538 5648 super
557 5576 759 5644 faldistorium
784 5578 888 5631 ibidem
908 5575 964 5630 sibi
977 5586 1111 5646 paratum
1137 5578 1209 5633 dicit
1227 5598 1289 5634 cum
1308 5579 1412 5649 fideles
1435 5578 1585 5632 incitentur
1610 5577 1651 5629 od
1672 5582 1799 5629 sanctam
1824 5580 1938 5627 matrem
1960 5572 2113 5631 motuum
2133 5584 2159 5630 es

454 5664 592 5718 ministris
614 5663 739 5732 melmae
757 5665 789 5727 6,
814 5663 920 5719 scilicet
946 5668 985 5718 51.
1012 5670 1052 5718 bt.
1072 5670 1114 5720 57.
1133 5671 1173 5720 67.
1197 5670 1229 5718 70
1259 5672 1288 5720 et
1314 5668 1355 5720 ad
1382 5665 1540 5735 praemium
1568 5679 1729 5733 supernum.
1771 5660 1810 5714 Et
1836 5677 1899 5713 cum
1923 5658 2050 5714 sulcata
2076 5662 2159 5719 illius
