4800 6659
941 527 994 585 DE
1010 524 1123 585 BONIS
1140 522 1337 589 optumus.
1944 544 1985 602 9⁴1

289 708 366 759 1111,
395 689 469 745 dlxit
493 689 657 760 monachus,
684 704 802 759 nomem
823 689 902 742 ultra
926 687 1126 742 commosin
1158 686 1316 754 Maru'seste
1341 689 1375 741 id
1398 689 1510 758 quidun
1531 690 1596 759 ipsa
1621 690 1766 744 uerborum
1791 692 1988 760 consommatio

254 821 261 828 .
293 777 343 831 loc
365 777 538 831 monasterio
562 779 626 832 Deo
649 776 747 845 servii,
780 776 874 830 calicia
903 775 1060 846 asperrimo
1085 773 1127 825 in·
1150 773 1268 842 probat,
1293 775 1343 826 ubi
1358 777 1517 844 centuplum
1535 777 1678 845 accepturi
1695 784 1721 830 et
1735 778 1899 848 possessuri
1916 779 1987 832 dici-

292 865 373 916 dutus
390 863 511 932 simlia,
526 863 649 933 jejuniis
669 870 697 917 et
716 863 849 933 precibus
866 878 910 915 me
928 862 1026 932 efflusi
1046 877 1126 931 repta
1153 876 1216 912 mur
1229 859 1317 913 'adam
1337 868 1485 917 1111111111,
1523 863 1649 916 Ceterum
1668 879 1702 916 ue
1723 865 1785 933 prsis
1803 865 1915 917 omnino
1935 865 1986 917 im-

238 1016 244 1026 ·
291 950 388 1018 lasw
419 951 574 1019 cssstodiri,
606 951 664 1003 sios
692 949 772 1018 uelit,
802 950 860 1002 1111
891 949 964 1002 nolit
989 948 1126 1001 :laternas
1149 947 1272 1014 paslenti
1291 955 1436 1000 remaneat
1459 949 1642 1003 obstinationi
1665 951 1753 1019 11111,
1781 951 1860 1003 mitto
1877 968 1927 1004 uos
1946 954 1987 1004 ad

290 1038 443 1090 medem
456 1037 565 1090 meritis
584 1038 652 1090 meis
671 1037 826 1105 rependere
844 1043 870 1089 et
889 1035 975 1089 odam
985 1042 1126 1088 aeternam
1153 1032 1327 1101 euanpelium
1345 1037 1494 1088 secundum
1509 1037 1650 1104 Marcum,
1667 1026 1986 1104 ubipromissio‘eodem

289 1124 410 1176 sadduc
426 1130 543 1176 tenetur.
580 1122 638 1179 Nos
656 1122 842 1193 precationem
860 1121 937 1175 illam
958 1120 1125 1176 Bellarmino
1152 1118 1296 1187 descripta
1322 1120 1502 1187 manifestius
1525 1121 1665 1175 inuenitur
1682 1127 1736 1179 111.
1755 1130 1837 1191 atque
1858 1131 1888 1175 ut
1906 1125 1984 1177 1111·

289 1213 317 1262 et
344 1209 408 1279 ejus
436 1208 550 1264 asseclis
576 1209 763 1280 relinquentes
794 1225 857 1262 cum
890 1206 999 1261 Daride
1033 1206 1124 1278 potius
1151 1205 1269 1257 mentius
1291 1207 1449 1267 admiretur
1466 1207 1593 1260 carnalis
1612 1209 1721 1273 anima,
1745 1227 1800 1262 non
1819 1209 1984 1280 percipiens

289 1293 444 1349 orabimus:
465 1296 596 1365 Domine,
615 1312 649 1348 ne
667 1297 755 1348 intres
772 1293 802 1347 in
814 1294 956 1362 judicium
975 1309 1124 1346 cumsmuo
1150 1306 1222 1358 quae
1247 1299 1312 1344 ssent
1330 1291 1469 1361 Spiritus,
1495 1296 1548 1345 sed
1566 1295 1715 1348 stultitiam
1732 1302 1878 1364 reluctans,
1900 1297 1984 1350 addit

287 1388 349 1450 tuo,
372 1382 443 1451 qaia
461 1399 517 1435 non
534 1382 739 1451 justificabitur
755 1380 787 1433 in
803 1387 951 1449 conspectu
970 1386 1016 1443 tuo
1035 1379 1124 1432 omnis
1149 1376 1296 1445 sipnanter
1323 1396 1385 1431 cum
1408 1380 1659 1447 persecutionibus.
1707 1382 1793 1435 Forte
1822 1383 1892 1435 enim
1921 1401 1982 1435 cum

287 1467 397 1536 sams,
422 1465 701 1536 Ρ11111.113,1.1.
737 1465 866 1521 Ceterum
889 1466 963 1535 quod
990 1464 1026 1519 ad
1053 1464 1123 1520 Scri-
1151 1464 1293 1533 audisset,
1310 1464 1348 1517 in
1371 1473 1493 1534 tempore
1510 1466 1562 1520 hoc
1579 1468 1736 1536 centuplum
1749 1468 1893 1536 promitti,
1919 1486 1982 1521 con·

287 1557 388 1624 1111111
413 1553 573 1608 testimonia
602 1553 654 1608 hoe
678 1553 739 1607 loco
766 1569 784 1606 a
811 1550 978 1606 Bellarmino
1002 1551 1124 1606 adducta
1149 1550 1310 1616 iactabatur
1346 1553 1430 1604 etiam
1464 1555 1500 1605 ale
1528 1552 1728 1622 temporalibus
1759 1554 1898 1617 caliberi;
1934 1556 1986 1607 sed

287 1639 401 1694 attinet:
425 1647 447 1694 1.
468 1639 573 1693 dictum
592 1637 694 1693 Christi
712 1637 811 1693 Matth.
831 1644 871 1706 19,
886 1655 912 1690 v.
928 1645 966 1693 11.
985 1637 1052 1692 alibi
1068 1636 1124 1692 late
1146 1637 1291 1705 praeripit
1309 1638 1382 1691 hunc
1399 1639 1569 1691 intellectum
1592 1657 1690 1693 nornen
1713 1641 1840 1692 additum
1854 1656 1984 1708 persecu

288 1725 482 1796 exposuimus,
510 1742 618 1779 summa
643 1731 700 1788 est,
729 1724 905 1780 obedientiae
931 1742 998 1797 erga
1026 1724 1123 1796 legem,
1150 1719 1236 1774 tionis
1262 1729 1313 1777 ete.
1349 1723 1386 1777 Et
1409 1731 1520 1794 postea:
1553 1727 1660 1779 Datum
1683 1727 1817 1796 optimum
1834 1734 1876 1779 est
1895 1734 1984 1779 centu-

287 1829 344 1866 non
362 1811 567 1884 qualicunque,
583 1812 632 1866 sed
650 1812 790 1882 periectas
807 1817 836 1865 et
853 1811 975 1865 numeris
996 1809 1123 1864 omnibus
1146 1807 1228 1877 plum
1252 1809 1318 1877 hoc,
1345 1812 1490 1863 desursum
1514 1812 1659 1865 descendit
1684 1831 1702 1864 a
1727 1813 1816 1865 Patre
1842 1813 1983 1868 luminum.
2070 1804 2075 1818 '

288 1898 454 1969 completae,
472 1899 596 1968 promitti
612 1898 699 1952 vitam
718 1905 864 1954 aeternam.
901 1898 942 1952 nt
961 1914 1024 1952 cum
1042 1913 1122 1951 nemo
1151 1894 1198 1946 Aa
1216 1913 1273 1949 non
1291 1897 1384 1950 omnia
1398 1899 1539 1966 possidet,
1566 1899 1612 1951 nii
1638 1899 1731 1950 omnia
1751 1907 1936 1966 cooperantur
1954 1901 1983 1952 in

287 1985 443 2057 perlectam
461 1985 538 2039 illam
557 1985 743 2041 obedientiam
762 1984 819 2057 legi
836 1990 973 2056 praestet,
1003 1983 1065 2039 ideo
1089 1998 1122 2036 ex
1150 1982 1273 2034 bouum!
1298 2000 1336 2035 an
1360 2000 1416 2036 non
1434 1984 1593 2053 centuplum
1610 1984 1692 2037 habet
1710 1985 1842 2051 omnium,
1867 1987 1917 2053 qni
1933 1988 1983 2040 im·

287 2071 350 2144 lege
367 2078 455 2144 atque
473 2089 506 2126 ex
525 2072 655 2142 operibns
672 2074 733 2143 ejus
750 2089 806 2125 non
830 2077 921 2142 potest
943 2071 1049 2141 sperari
1065 2070 1123 2123 vita
1147 2068 1242 2135 pletur
1267 2068 1379 2137 &siritu
1402 2072 1522 2123 sancto!
1547 2070 1596 2139 qui
1620 2069 1762 2123 Christum
1785 2073 1866 2124 habet
1883 2073 1913 2124 in
1934 2089 1982 2141 pe-

287 2165 409 2213 seterna
446 2156 539 2214 Galat
559 2164 590 2227 3,
613 2176 638 2212 1.
659 2165 707 2214 21:
742 2158 777 2212 ss·
797 2161 866 2211 data
884 2165 954 2211 esset
971 2158 1027 2225 lea,
1051 2173 1122 2225 quac
1149 2156 1247 2206 olore!
1275 2154 1335 2207 nisi
1364 2158 1442 2223 quod
1467 2157 1549 2225 lonpc
1574 2157 1643 2226 plus
1664 2174 1747 2226 msam
1766 2159 1924 2226 centuplum
1944 2167 1983 2211 est

282 2253 380 2314 posset
399 2245 556 2314 aim‘ſscare,
579 2261 642 2298 uere
662 2262 694 2298 aa
712 2244 771 2313 lepe
791 2251 861 2297 esset
871 2243 1003 2311 justitia,·
1030 2259 1055 2297 v.
1074 2248 1120 2297 22:
1148 2240 1272 2294 visitatio
1297 2241 1445 2296 Paraclsti
1468 2252 1494 2295 et
1514 2244 1679 2313 praesentia
1704 2243 1811 2296 Christi
1832 2251 1883 2299 ete.
1920 2247 1982 2298 Hoc

286 2332 339 2383 sed
359 2330 498 2385 conclusit
524 2330 675 2400 Scriptura
707 2331 800 2384 omnio
826 2331 876 2382 sub
898 2337 1060 2399 peccatum,
1092 2337 1122 2381 ut
1149 2344 1215 2394 erpo
1235 2329 1393 2397 centuplum
1412 2329 1529 2398 adoptio
1541 2331 1668 2399 filiorum
1687 2339 1737 2397 est,
1755 2331 1906 2383 liber-tacet
1919 2332 1980 2400 pri-

281 2417 439 2486 prcms'ssio
461 2433 494 2469 sa
509 2419 571 2484 fide
590 2418 661 2471 Jesu
679 2416 786 2470 Christi
802 2420 921 2470 daretur
938 2416 1121 2469 credentibus.
1148 2413 1244 2466 miliae
1261 2414 1392 2483 spiritus,
1422 2416 1544 2469 deliciae
1562 2417 1702 2484 caritatis,
1730 2417 1825 2484 ploria
1844 2418 1981 2469 conscien-

286 2502 374 2557 l’lura
394 2502 430 2557 de
448 2501 500 2557 hoc
520 2502 581 2556 loco
600 2502 666 2558 alibi
686 2502 812 2558 diximus.
848 2508 873 2558 t.
892 2502 927 2555 In
944 2502 1032 2556 altero
1049 2502 1122 2571 ejus·
1147 2500 1213 2569 tiae,
1231 2516 1345 2568 rspnum
1359 2502 1426 2564 Dei,
1445 2504 1522 2570 quod
1537 2503 1615 2555 intra
1626 2520 1678 2554 nos
1690 2511 1730 2556 est
1743 2507 1793 2556 111.
1816 2502 1980 2572 Euthymius

288 2589 351 2644 dem
389 2589 490 2660 capitis
526 2589 599 2645 dicto
633 2589 745 2662 gemina
776 2589 919 2661 promissio
952 2589 1121 2645 continetur:
1147 2585 1176 2637 in
1201 2602 1261 2655 cap.
1290 2586 1461 2643 1911111111
1492 2588 1636 2649 Quomodo
1661 2591 1739 2642 staria
1763 2590 1981 2657 multiplicatam
1994 2592 2054 2636 vm.
2069 2594 2112 2637 111.

287 2676 375 2731 altera
402 2675 540 2746 centupli,
567 2676 656 2731 altera
684 2676 770 2747 ipsius
796 2677 870 2731 vitae
894 2681 1031 2730 aeternae.
1068 2674 1122 2729 Per
1147 2672 1267 2741 accipiet
1293 2675 1356 2741 quis
1383 2675 1456 2726 hanc
1481 2674 1690 2727 retributionem
1716 2675 1747 2727 in
1768 2675 1914 2743 praesenti
1938 2691 1980 2727 sc-

288 2762 452 2832 centnplnm
481 2761 673 2833 intelliguntur
702 2763 786 2834 hujus
812 2762 886 2816 11111
915 2761 1050 2832 praemia,
1079 2761 1121 2814 uti
1147 2757 1231 2810 catos
1256 2761 1416 2828 quomodo!
1438 2759 1511 2812 sicut
1535 2769 1702 2829 coemerunt
1719 2761 1844 2828 apostoli
1862 2768 1887 2813 et
1906 2780 1981 2814 mar·

287 2855 398 2903 comtat
416 2864 450 2903 ex
468 2865 515 2916 eo,
535 2848 611 2920 quod
631 2849 791 2919 centuplum
809 2848 880 2901 illud
900 2864 918 2900 a
935 2848 993 2901 rita
1008 2853 1121 2901 aeterna
1146 2851 1219 2911 tures
1243 2845 1381 2913 ceterique
1400 2862 1493 2898 omnes
1506 2846 1588 2914 justi.
1632 2848 1701 2900 Vide
1719 2848 1805 2914 enim,
1829 2850 1907 2915 cuod
1925 2865 1980 2900 om·

286 2935 436 2996 manifeste
461 2934 657 3007 distinguitur,
683 2935 801 2991 maxime
820 2952 885 2990 vero
904 2951 937 2989 ex
957 2932 1121 3004 paraphrasi
1146 2909 1224 2982 isium
1237 2931 1370 2998 fidelium
1387 2934 1485 2985 1111111
1503 2934 1558 2985 sibi
1576 2935 1714 2987 trabebant
1733 2942 1857 3002 apertas,
1872 2936 1981 2996 fratres

286 3020 372 3092 hujus
390 3019 1120 3090 (1111111111.10,1.30;Ν1φηο111,1111111111-
1146 3018 1229 3070 etiam
1264 3026 1290 3071 11
1328 3034 1441 3072 sorores
1471 3027 1652 3088 parauerunt
1687 3038 1781 3073 omnes
1810 3029 1922 3074 sanctos
1954 3030 1980 3074 et

283 3109 325 3161 rit
340 3109 455 3161 11111111
471 3115 522 3161 aut
543 3109 654 3172 fratres
672 3116 720 3161 aut
737 3124 848 3162 sorores
865 3112 917 3161 etc.
939 3115 1059 3176 propter
1078 3124 1120 3159 me
1145 3112 1275 3167 sanctam
1292 3113 1393 3172 patres
1416 3122 1481 3158 uero
1501 3122 1594 3158 manes
1611 3107 1688 3174 ipsos
1705 3108 1823 3159 colentes
1841 3108 1979 3176 ipsorum-

286 3202 311 3248 st
336 3202 460 3265 propter
488 3195 679 3264 euanpelium,·
708 3212 734 3248 r.
761 3200 810 3248 30:
842 3195 892 3262 qui
916 3209 973 3247 noa
1001 3193 1120 3262 accipiet
1146 3207 1198 3259 mse
1227 3208 1324 3243 carram
1352 3191 1482 3245 habentes
1512 3209 1547 3244 ac
1577 3209 1645 3259 erpa
1670 3193 1748 3261 ipsos
1779 3195 1980 3262 compassionis

286 3283 389 3336 certas
420 3288 542 3344 amum,
573 3298 647 3334 nunc
675 3281 705 3334 in
734 3288 856 3348 tempore
875 3280 936 3350 ¹hoc
967 3281 1065 3333 domos
1095 3288 1120 3332 et
1145 3279 1248 3347 affeetu
1264 3285 1373 3347 tactos,-
1400 3296 1466 3331 nam
1484 3278 1552 3331 haec
1569 3286 1633 3330 1111
1646 3279 1770 3348 propria
1788 3282 1899 3349 patris;
1922 3299 1980 3334 ma·

283 3369 393 3433 fratres
418 3373 446 3420 et
467 3383 579 3420 sorores
599 3374 625 3420 11
645 3373 750 3419 matres
768 3374 795 3419 11
817 3366 894 3429 filios
912 3373 939 3418 et
957 3383 1042 3434 apros
1058 3383 1119 3418 cum
1146 3371 1201 3416 tres
1227 3381 1335 3433 meopte
1358 3382 1451 3424 omnes
1468 3367 1539 3435 pari
1561 3367 1645 3419 modo
1664 3382 1693 3418 se
1712 3366 1853 3431 habentem
1879 3387 1980 3422 uaores

281 3453 531 3524 pcrssmdionibus.
565 3453 670 3509 Eodem
696 3453 778 3507 modo
806 3459 834 3507 11
857 3452 926 3508 Luc.
953 3458 997 3521 18,
1019 3471 1044 3505 v.
1070 3459 1117 3508 29:
1142 3468 1210 3516 ¹cero
1236 3468 1329 3505 omnes
1355 3453 1558 3518 ministrantes,
1580 3452 1779 3506 mbsercicutes
1804 3462 1829 3507 et
1853 3463 1979 3509 curantes

286 3542 376 3594 Nonio
401 3547 456 3604 est,
482 3540 533 3609 qui
554 3540 669 3608 reliquit
693 3542 804 3593 domum
833 3546 882 3592 aut
904 3547 1038 3607 parentes
1067 3546 1118 3593 ete.
1145 3554 1209 3607 eos,·
1238 3540 1307 3591 haec
1323 3539 1460 3607 siqssidem
1478 3541 1576 3592 uaeris
1592 3548 1656 3592 sunt
1674 3557 1777 3609 opera,·
1799 3542 1880 3609 filios
1892 3560 1979 3611 prae-

283 3637 402 3700 propter
426 3644 541 3696 repnum
565 3627 625 3680 Dei
647 3644 674 3682 v.
698 3632 744 3682 30:
772 3635 798 3679 et
816 3645 871 3680 non
893 3628 1015 3696 recipiat
1033 3626 1119 3680 multo
1145 3633 1220 3678 terea
1249 3641 1343 3678 omnes
1369 3625 1534 3695 discipulos.
1570 3628 1621 3679 Ad
1647 3627 1715 3679 haec
1739 3645 1832 3680 ornnes
1851 3630 1978 3692 fidelium

282 3715 372 3785 plura
394 3715 427 3767 in
449 3715 500 3768 boc
524 3721 655 3783 tempore.
687 3712 762 3767 Illud
787 3713 947 3781 centuplum
965 3713 1074 3767 caritati
1092 3718 1120 3767 et
1146 3729 1232 3780 apros
1248 3712 1279 3763 in
1297 3730 1349 3764 sua
1371 3720 1509 3779 potestate
1528 3713 1680 3777 habebant,
1707 3716 1835 3783 quodque
1857 3717 1978 3768 omnium

285 3800 440 3870 patientiae
457 3800 564 3870 piorum
582 3799 611 3852 in
629 3799 681 3853 hac
699 3799 758 3853 vita
778 3815 796 3852 a
809 3797 870 3853 Deo
881 3798 1046 3868 promissum
1060 3814 1120 3854 esse
1145 3805 1185 3850 est
1204 3799 1322 3850 manime
1339 3800 1524 3860 admirabile,
1552 3801 1646 3852 omnia
1671 3801 1739 3852 haec
1763 3801 1897 3854 habebant
1916 3819 1978 3853 cum

286 3894 312 3943 et
328 3905 361 3942 re
381 3887 445 3957 ipsa
462 3886 524 3940 dari
545 3903 625 3940 nemo
640 3891 765 3939 nostrum
784 3892 883 3957 negat,
906 3884 955 3940 sed
979 3885 1054 3955 quod
1074 3901 1119 3938 ca·
1141 3884 1397 3953 persecutionibus,
1420 3883 1454 3937 id
1477 3892 1517 3936 est
1539 3903 1558 3938 a
1579 3887 1647 3949 fidei
1666 3885 1788 3938 inimicis
1808 3889 1978 3955 persecutio-

285 3974 351 4028 ritas
379 3979 410 4028 et
432 3972 568 4043 patientia
591 3972 646 4025 sint
668 3972 752 4042 hujus
774 3970 898 4041 centupli
925 3987 957 4026 ex
981 3970 1119 4041 condigno
1145 3987 1206 4022 nem
1231 3971 1404 4025 matinentes.
1433 3969 1570 4024 Ceterum
1593 3989 1628 4025 ne
1655 3970 1809 4041 largissima
1831 3973 1879 4025 illa
1900 3974 1978 4027 retri-
2034 3985 2037 3993 “

286 4059 441 4127 meritoria,
465 4057 495 4111 id
514 4075 578 4113 vero
594 4075 742 4130 negamus,
762 4074 826 4111 cum
844 4057 922 4111 nulla
939 4057 975 4109 sit
992 4057 1064 4110 inter
1081 4057 1118 4109 la·
1144 4052 1222 4109 butio
1242 4055 1347 4108 meritis
1365 4072 1480 4124 operum
1500 4063 1655 4113 nostrorum
1674 4058 1791 4112 obtineri
1802 4064 1976 4126 statueretur,

288 4146 379 4202 boram
406 4151 436 4199 et
461 4145 614 4199 mercedem
639 4145 792 4215 proportio,
826 4160 889 4198 cum
917 4143 994 4197 Deus
1017 4143 1119 4197 nemini
1146 4140 1272 4195 Christus
1294 4142 1355 4210 ipse
1377 4142 1456 4195 addit
1479 4141 1532 4196 hoe
1557 4143 1752 4213 epiphonema,
1780 4145 1855 4214 quod
1881 4147 1977 4213 primi,

289 4233 436 4304 quiequam
454 4231 568 4298 debest3
592 4231 671 4285 nobis
692 4237 787 4285 contra
805 4229 948 4284 fatendum
967 4229 1016 4297 sit,
1033 4230 1061 4282 si
1076 4230 1119 4282 vel
1145 4227 1197 4281 hoc
1225 4233 1267 4280 est
1293 4227 1347 4294 illi,
1374 4227 1421 4297 qui
1444 4246 1474 4282 se
1496 4236 1609 4298 propter
1635 4247 1719 4299 opera
1746 4230 1893 4299 extollunt,
1922 4232 1977 4287 diei

289 4316 405 4372 manime
430 4319 525 4371 omnia
541 4318 714 4384 jecerimus,
738 4334 789 4369 nos
811 4331 870 4368 esse
887 4332 981 4368 scrius
998 4316 1119 4384 inutiles,
1145 4314 1253 4382 pondus
1277 4318 1306 4367 et
1332 4320 1438 4366 aestum
1460 4315 1592 4383 jactitant
1620 4332 1652 4369 ae
1675 4316 1789 4387 reliquis
1816 4333 1877 4371 sese
1900 4335 1977 4387 prae-

290 4404 353 4460 Luc
378 4409 522 4472 17,1.111.
557 4403 646 4457 Μ111ο
667 4402 757 4456 minus
781 4401 842 4471 ipsa
860 4401 919 4454 vita
935 4407 1048 4455 aeterna
1065 4419 1119 4456 me
1144 4399 1254 4461 ferunt,
1285 4399 1511 4452 nouisse-'misum
1523 4402 1631 4467 futuri.
1667 4401 1742 4455 Vide
1760 4403 1842 4471 plura
1860 4402 1889 4456 iu
1907 4412 1976 4474 post.

290 4492 345 4546 ritis
364 4507 481 4562 operum
500 4489 618 4544 obtineri
636 4494 741 4559 potest,
762 4488 828 4558 quin
847 4487 902 4541 imo
912 4486 1037 4541 Christus
1058 4489 1118 4558 ipse
1144 4484 1238 4540 Germ.
1256 4490 1326 4555 part.
1347 4490 1371 4540 3.
1390 4485 1419 4538 in
1438 4485 1483 4539 die
1501 4503 1579 4540 conv.
1597 4486 1686 4540 Pauli.
1706 4493 1729 4542 3.
1758 4488 1848 4542 Locum
1870 4496 1892 4544 1.
1904 4489 1975 4546 Tim.

290 4577 314 4630 in
339 4576 392 4632 hoc
419 4576 494 4629 dicto
520 4575 623 4628 diserte
655 4575 684 4628 id
713 4573 816 4628 refellit
840 4574 946 4629 dicens:
977 4578 1023 4626 sal
1049 4576 1119 4642 ζωὴν
1144 4579 1173 4635 4,
1196 4590 1221 4626 v.
1247 4577 1271 4627 8.
1300 4588 1413 4640 operum
1443 4572 1540 4625 merita
1567 4589 1743 4644 nequaquam
1774 4575 1892 4643 stabilit,
1926 4593 1977 4645 per

292 4663 401 4718 11111111
429 4660 645 4734 κληρονομήσει,
676 4662 762 4714 uitam
792 4669 932 4714 aeternam
962 4661 1118 4714 hereditate
1143 4659 1276 4728 pietatem
1302 4658 1374 4710 enim
1397 4657 1539 4727 apostolus
1561 4676 1615 4711 non
1638 4659 1712 4712 bona
1730 4659 1865 4715 duntaxat
1883 4679 1975 4731 opera,

288 4750 458 4819 possidebit5
484 4754 514 4801 at
532 4746 607 4817 quod
626 4746 787 4802 hereditatis
804 4747 886 4801 titulo
906 4746 968 4818 quis
987 4747 1118 4817 possidet,
1144 4745 1193 4797 sed
1211 4742 1369 4813 cumprimis
1389 4758 1481 4795 veram
1503 4743 1531 4796 in
1544 4742 1682 4797 Christum
1700 4744 1783 4800 fidem
1796 4749 1882 4801 omnis
1895 4765 1975 4802 verae

291 4835 315 4890 id
340 4835 446 4892 meritis
477 4833 534 4888 suis
560 4848 737 4904 nequaquam
765 4832 892 4889 obtinuit.
934 4831 1001 4885 Ideo
1025 4839 1117 4887 autem
1143 4830 1254 4901 pietatis
1272 4830 1393 4883 radicem
1414 4845 1447 4882 11
1468 4837 1583 4884 matrem
1601 4831 1740 4902 intelligit,
1758 4841 1790 4887 11
1809 4841 1924 4904 apparet
1941 4852 1974 4888 err

283 4920 461 4993 promissioni
486 4919 609 4988 centupli
634 4919 746 4972 additur
768 4918 913 4988 promissio
936 4916 1010 4972 vitae
1031 4924 1117 4973 aeter·
1142 4936 1168 4974 1.
1188 4924 1231 4972 10:
1251 4918 1286 4969 In
1306 4917 1356 4969 hoc
1377 4917 1449 4967 enim
1466 4916 1626 4969 laboramus
1639 4926 1664 4970 et
1676 4920 1879 4989 maledicimur,
1899 4925 1976 4988 quod

291 5027 344 5078 nne,
364 5008 439 5080 quia
460 5006 585 5077 quamvis
605 5012 717 5076 propter
731 5004 870 5058 Christum
889 5003 945 5057 fide
962 5002 1116 5073 apprehen·
1141 5020 1288 5071 muamus
1308 5004 1338 5054 in
1359 5004 1452 5054 Deum
1469 5002 1566 5066 siurim,
1586 5004 1635 5071 qai
1653 5012 1693 5056 est
1710 5006 1837 5058 satientor
1854 5008 1975 5059 omnium

292 5113 345 5149 sum
362 5092 430 5161 (non
447 5099 540 5147 autem
557 5097 669 5161 propter
687 5091 904 5162 persecutiones)
928 5089 986 5143 vita
1006 5096 1118 5144 aeterna
1142 5091 1298 5151 hominum,
1324 5089 1441 5140 maxime
1467 5105 1532 5140 uero
1555 5090 1689 5148 fideliam.
1713 5109 1738 5143 v.
1760 5098 1799 5146 12.
1826 5093 1897 5146 inter
1920 5092 1975 5146 alin

294 5198 320 5237 ex
344 5180 438 5255 gratia
465 5179 560 5246 detur,
589 5178 667 5231 Rom.
689 5183 718 5244 6,
740 5195 766 5230 v.
789 5182 829 5232 23.
857 5183 949 5231 tamen
975 5175 1056 5228 simul
1075 5182 1117 5230 est
1142 5175 1255 5246 pietatis
1275 5173 1368 5228 officia
1384 5173 1530 5227 'limotheo
1556 5175 1738 5244 praecipitur,
1762 5185 1794 5231 ut
1817 5179 1853 5231 sit
1872 5180 1976 5245 ‚forma

291 5267 441 5340 lugissim
456 5263 645 5334 compensatio
664 5263 784 5318 omnium
798 5264 922 5318 laborum
934 5269 962 5331 et
974 5279 1116 5316 11111111-
1142 5263 1268 5324 fidelium
1292 5260 1322 5311 in
1344 5260 1418 5326 fidem
1443 5275 1496 5312 nee
1515 5260 1654 5314 meritoria
1675 5262 1749 5316 vitae
1768 5272 1975 5334 1111111111-

291 5371 361 5419 mm,
386 5369 457 5425 quaa
478 5350 580 5406 Christi
606 5350 716 5404 nomine
741 5350 769 5403 in
786 5349 840 5403 hac
858 5349 916 5402 rita
935 5347 1017 5402 electi
1036 5347 1117 5401 susti·
1129 5356 1132 5408 1
1144 5346 1287 5401 nuntiatur
1308 5344 1410 5414 pietas,
1439 5345 1488 5398 sed
1507 5347 1548 5398 ad
1567 5347 1660 5399 omnia
1680 5348 1772 5416 utilis,
1790 5351 1893 5401 habens
1907 5369 1976 5418 pro-

291 5447 418 5504 nuernnt3
437 5437 551 5510 etquis
567 5437 673 5490 tructus
690 5451 772 5490 verse
790 5434 855 5490 fidei
872 5435 901 5487 in
919 5432 1059 5488 Christum
1075 5439 1118 5488 est
1144 5434 1302 5486 missionem
1317 5432 1477 5499 praesentis
1496 5439 1522 5483 ct
1539 5433 1655 5494 fiaarac
1671 5434 1752 5488 11111,
1789 5434 1828 5488 Ut
1841 5451 1906 5505 ergo
1920 5455 1976 5490 nnn

293 5529 393 5583 sincera
413 5525 463 5580 illa
475 5538 544 5594 erga
554 5521 646 5575 Deum
657 5522 770 5585 cantas,
791 5538 824 5576 ex
845 5537 901 5592 qua
918 5524 1042 5591 tempore
1057 5538 1118 5590 per·
1144 5520 1207 5590 ipsa
1229 5533 1361 5587 praesens
1379 5516 1451 5583 vita,
1476 5516 1525 5570 sed
1541 5517 1664 5585 praemia
1681 5518 1764 5588 hujus
1783 5518 1857 5573 11111
1876 5522 1975 5590 pietati

290 5612 435 5670 1111111111
466 5609 559 5665 animo
589 5608 772 5678 promtissime
797 5608 889 5663 omnia
917 5606 1118 5677 relinquuntur.
1143 5603 1347 5670 retribuuntur,
1368 5602 1407 5656 ita
1427 5617 1536 5673 quoque
1555 5619 1610 5655 non
1630 5603 1691 5671 ipsa
1706 5603 1765 5657 vita
1782 5611 1909 5673 aeterna,
1926 5611 1974 5662 sed

289 5699 464 5756 Bemlrardus
481 5698 512 5751 in
531 5694 675 5750 declamat
693 5694 728 5747 de
745 5694 797 5749 hoc
814 5695 890 5748 locu:
922 5693 968 5745 An
986 5694 1049 5762 quis
1067 5696 1117 5746 du-
1144 5689 1267 5762 praemia
1295 5688 1407 5743 futurae
1430 5689 1505 5742 ritae
1528 5687 1616 5742 eidem
1642 5688 1757 5742 retribui
1775 5690 1974 5763 intelliguntur.

288 5788 363 5855 bitot,
380 5785 516 5840 instantss
534 5798 592 5835 esse
606 5781 740 5852 temporis
751 5781 876 5852 centupli
882 5779 1118 5849 promissionem!
1144 5777 1174 5834 si
1196 5775 1259 5846 quis
1281 5789 1346 5829 vero
1367 5775 1404 5829 ad
1421 5775 1509 5844 ipsam
1525 5772 1610 5826 vitam
1629 5779 1771 5829 aeternam
1788 5776 1892 5832 dictum
1909 5796 1975 5852 apo-

336 5880 439 5925 aarum
452 5877 503 5921 lael.
530 5875 565 5920 lt.
1288 5897 1290 5900 ·
1627 5880 1642 5929 Ἰ
