4800 6659
370 591 408 650 u
959 578 1272 639 homunculus
1290 577 1480 637 eminus

367 737 465 807 urbo,
483 755 539 809 per
561 739 710 794 munerum
727 738 967 793 cmmsationem
983 736 1044 790 sine
1054 735 1143 790 vuerbo
1162 734 1204 787 tu·
1216 740 1219 822 ι
1233 738 1257 801 6,
1273 749 1299 789 r.
1313 740 1342 790 9:
1366 735 1461 789 Nolite
1474 749 1580 800 errare,
1593 752 1644 790 aec
1654 736 1876 804 seminariis&
1887 735 2072 802 idoklmraa

369 824 516 894 criticont5
533 843 560 879 v.
579 830 608 880 2:
627 827 837 881 considerantes
854 826 884 879 in
903 825 1002 877 timore
1018 830 1124 876 castam
1142 838 1205 874 coa·
1230 838 1281 874 rsec
1305 822 1433 875 adulteri
1453 827 1507 877 etc.
1525 839 1642 889 reprom
1663 824 1723 875 Dei
1735 822 1926 891 possidebunt.
1963 823 2023 881 Col
2046 827 2072 888 3,

369 911 553 965 remotionen
564 919 693 966 cestram.
721 919 746 968 t.
762 910 803 967 Ut
812 910 931 964 vitemus
945 908 1084 963 scandala.
1105 905 1197 961 Mattb
1232 923 1258 959 v.
1287 911 1317 962 ιιι
1347 909 1469 979 Propter
1495 910 1564 962 baec
1594 908 1828 977 (fornicationem,
1857 908 2071 980 immunditiem,

373 1000 420 1065 18,
444 1014 470 1051 r.
492 1004 520 1053 'tt
550 998 607 1052 Vae
632 997 739 1052 bomini
763 997 824 1059 uti,
847 1013 902 1065 per
927 1012 1008 1066 quem
1037 993 1206 1048 orcadum
1232 992 1391 1062 libidinem,
1421 1010 1536 1064 pravam
1563 995 1816 1065 concupiscentiam
1842 997 1905 1060 etc.)
1937 997 1983 1049 ira
2012 997 2073 1050 Dei

369 1082 450 1138 sss&
489 1088 512 1139 1.
532 1082 594 1140 Cor.
616 1090 656 1153 10,
675 1101 701 1137 s.
720 1088 769 1139 32:
793 1081 990 1153 Ἁπρόσκοποι,
1008 1083 1068 1135 sine
1087 1079 1206 1151 offendi·
1231 1080 1306 1133 uenit
1327 1096 1413 1149 crepes·
1430 1081 1505 1144 tilios
1522 1081 1740 1137 incredulitatis.
1778 1087 1801 1135 5.
1823 1080 1867 1136 Ne
1884 1096 1934 1151 per
1952 1089 2072 1152 peccata

370 1167 442 1239 calc,
469 1176 554 1225 estote
572 1169 696 1224 ‚Iudaeis
721 1176 748 1223 et
775 1169 902 1240 pendisse
929 1175 956 1222 et
981 1167 1116 1222 ecclesiae
1139 1165 1206 1219 Dei.
1233 1164 1404 1220 excudemus
1420 1164 1513 1234 fidem,
1533 1166 1727 1222 contristemus
1744 1166 1879 1238 Spiritum
1896 1174 2024 1222 sanctum
2042 1174 2073 1222 et

371 1260 395 1312 2.
414 1253 478 1313 Gor.
498 1262 523 1326 5,
541 1273 568 1313 r.
582 1263 612 1312 3:
628 1256 749 1310 Nullam
765 1256 829 1309 uita
847 1257 877 1309 in
895 1272 928 1309 re
941 1255 1106 1324 praeberem
1121 1254 1207 1322 offen·
1233 1252 1393 1308 amittamus
1411 1252 1464 1308 Dei
1488 1252 1607 1324 gretiam
1631 1258 1653 1308 1.
1673 1252 1744 1309 Tim.
1765 1258 1788 1321 1,
1806 1271 1833 1308 v.
1853 1259 1900 1310 st:
1925 1254 2072 1307 Habentes

368 1343 482 1411 sionesm
500 1359 537 1395 ne
553 1341 724 1412 uituperetm
741 1342 934 1397 ministerium.
963 1339 1051 1396 Hebr.
1067 1343 1144 1409 lt,r.
1160 1344 1205 1393 tt:
1232 1341 1316 1406 fidem
1340 1347 1366 1393 et
1385 1340 1484 1394 bonam
1502 1340 1715 1405 candentium,
1741 1357 1827 1409 psum
1844 1340 1961 1409 padam
1977 1342 2071 1409 repel-

372 1430 570 1496 Oonsideratc,
589 1445 623 1482 nc
642 1429 705 1499 quie
722 1430 796 1483 desit
813 1429 924 1497 pratiae
941 1428 1014 1491 Dei,
1031 1443 1066 1479 ne
1084 1443 1142 1495 qua
1158 1442 1207 1477 ra·
1233 1427 1320 1481 lenta
1337 1428 1523 1498 nastsrapium
1539 1426 1613 1493 fidei
1626 1429 1764 1492 fecerunt.
1799 1425 1901 1497 pres.
1920 1433 1951 1491 1,
1975 1446 2001 1483 r.
2022 1433 2071 1483 30:

370 1516 421 1570 dia
436 1515 640 1569 amaritudinis
656 1532 767 1569 sursum
785 1515 946 1584 permissam
962 1513 1138 1582 impediatet
1151 1527 1207 1581 per
1232 1515 1278 1567 Ne
1308 1515 1490 1569 coturnum
1518 1514 1657 1584 Spiritum
1681 1522 1820 1579 eoactum,
1847 1532 1902 1585 quo
1928 1515 2072 1585 obsipnati

369 1601 452 1658 iiam
468 1602 648 1671 inqednentur
666 1602 757 1657 multi.
794 1607 818 1657 5.
836 1600 877 1657 Ut
894 1598 1094 1655 benefaciendo
1106 1598 1207 1667 impro·
1233 1601 1313 1665 atis,
1344 1616 1400 1672 qna
1427 1600 1463 1656 de
1488 1618 1518 1655 re
1547 1601 1628 1671 plura
1654 1617 1704 1656 suo
1729 1601 1799 1657 loco.
1839 1606 1863 1656 6.
1888 1599 2017 1673 Denique
2038 1608 2071 1658 ut

369 1688 412 1744 bie
438 1687 686 1743 calumniatoribus
713 1704 743 1743 os
769 1688 937 1743 obturemus.
980 1685 1035 1740 Tit.
1064 1691 1094 1752 2,
1120 1701 1145 1740 s.
1176 1689 1207 1738 'ts
1232 1686 1387 1758 corporalia
1411 1691 1440 1742 et
1466 1686 1622 1758 spiritualia
1645 1685 1769 1757 praemia
1791 1704 1809 1741 a
1831 1686 1893 1743 Deo
1916 1704 2070 1761 consequa·

369 1775 406 1828 In
434 1774 560 1829 omnibus
589 1782 615 1827 te
640 1774 734 1843 speum
759 1776 866 1843 praebe
892 1774 1046 1841 coemptum
1072 1772 1206 1826 bonorum
1232 1787 1300 1825 mur.
1327 1771 1392 1828 Ere.
1413 1778 1443 1841 3,
1460 1790 1486 1827 v.
1510 1779 1554 1827 10:
1580 1772 1677 1826 Dicite
1690 1773 1790 1840 justis,
1815 1774 1882 1842 quia
1900 1776 2001 1828 bonum
2018 1774 2070 1843 es's,

369 1876 484 1931 sperem
489 1880 501 1930 ,·
525 1878 549 1914 v.
569 1864 599 1915 8:
621 1868 651 1913 ut
670 1863 711 1927 is,
732 1862 781 1929 qni
798 1877 831 1914 ea
848 1861 969 1914 adrem
989 1867 1042 1928 est,
1068 1866 1206 1931 oueamr,
1232 1856 1300 1925 quia
1317 1860 1442 1923 smectrcm
1462 1876 1578 1927 operum
1596 1876 1711 1912 mosum
1729 1862 1879 1913 comodum
1911 1866 1933 1916 1.
1952 1860 2026 1915 Tim.
2043 1866 2069 1925 ι,

372 1946 444 2000 nibil
470 1946 575 2001 babens
600 1947 705 1999 malum
733 1947 827 1999 dicere
851 1948 888 1999 de
910 1945 995 2000 uobis.
1034 1951 1054 2000 l.
1080 1943 1155 1999 Petr.
1181 1949 1205 2008 2,
1231 1960 1257 1997 v,
1279 1948 1307 1998 8:
1332 1945 1431 1998 Pietas
1458 1946 1611 1999 adomnia
1629 1945 1708 1999 utilis
1727 1953 1768 1998 est
1787 1946 1891 1998 babens
1904 1946 2070 2014 promissio·

369 2049 395 2088 v.
414 2037 463 2088 12:
491 2032 733 2086 Conuersationem
760 2033 890 2086 babentes
915 2032 1028 2098 bonam,
1058 2038 1089 2083 ut
1111 2030 1142 2082 in
1165 2046 1205 2097 eo,
1233 2046 1295 2082 aem
1309 2031 1470 2099 praesentis
1488 2038 1514 2084 et
1531 2032 1649 2094 fidenae
1663 2032 1746 2085 vitae.
1778 2031 1861 2087 Tales
1874 2032 2070 2102 promissiones

370 2119 447 2188 quod
470 2118 620 2173 detrabunt
644 2119 721 2172 sobre
744 2126 878 2187 tanquam
901 2117 1146 2182 malefactoribus,
1173 2132 1206 2169 ee
1231 2115 1260 2169 in
1289 2116 1459 2186 propheticis
1484 2122 1513 2171 et
1538 2116 1697 2187 apostolicis
1720 2117 1831 2188 scriptis
1853 2123 1964 2174 exstant
1985 2119 2069 2190 louge

249 2204 311 2247 ΠΗ·
324 2204 356 2247 ²¹·
370 2204 450 2259 bona
461 2206 591 2274 operibus
601 2222 651 2259 coe
663 2204 873 2258 cmuiderantes
880 2204 1038 2273 plorificent
1047 2205 1140 2257 Deum
1151 2207 1204 2257 etc.
1231 2200 1375 2272 plurimae.

373 2297 395 2346 l.
412 2290 488 2347 Petr.
507 2295 535 2359 ³,
552 2308 579 2347 r.
599 2297 643 2347 te:
663 2290 733 2344 &un
748 2291 886 2346 modech
903 2299 929 2345 et
946 2292 1047 2344 timore
1064 2289 1205 2342 camden
1267 2293 1308 2343 tt.
1342 2287 1385 2341 Er
1406 2287 1450 2341 bis
1473 2287 1556 2344 iecbe
1579 2295 1708 2359 apparet,
1731 2288 1806 2344 boue
1829 2305 1913 2360 opera
1938 2306 1995 2344 uon
2011 2305 2068 2345 uuo
2081 2289 2162 2381 ἓξὲξ.

367 2377 439 2431 tiam
459 2378 595 2437 ¹babentes
624 2378 738 2443 bonam,
765 2384 796 2431 ut
820 2378 852 2430 in
876 2393 923 2444 eo,
951 2377 1028 2445 quod
1054 2374 1205 2428 detrabunt
1232 2373 1313 2428 modo
1336 2389 1396 2428 esee
1419 2374 1589 2444 necessaria;
1612 2375 1749 2447 siquidem
1773 2375 1893 2430 occurrit
1911 2374 1958 2430 hic
1975 2380 2001 2431 1.
2020 2394 2068 2429 rse-
2081 2403 2192 2433 necesss-

368 2463 453 2532 robs'e,
473 2464 701 2533 confundantur,
722 2464 773 2533 qui
789 2463 1001 2517 calumniantur
1018 2468 1138 2514 cestram
1157 2461 1204 2512 bo·
1232 2461 1348 2513 cessitas
1369 2462 1510 2526 munden,
1536 2462 1602 2533 quis
1618 2461 1647 2519 in
1665 2461 1800 2533 decalogo
1817 2461 1904 2532 erigit
1921 2460 1999 2519 Deus
2017 2461 2067 2516 bo·
2079 2445 2186 2534 mm

369 2567 435 2603 nam
457 2550 487 2603 in
511 2548 624 2605 Ultimo
647 2550 893 2604 conversationem.
929 2546 1008 2600 Lact.
1025 2545 1075 2600 lib.
1093 2552 1117 2601 5.
1140 2544 1204 2600 inst.
1231 2561 1329 2600 norom
1359 2562 1474 2617 operum
1503 2548 1633 2605 studium.
1677 2550 1702 2602 2.
1731 2548 1893 2601 Necessitas
1920 2548 2009 2601 debs'ti
2033 2566 2068 2603 ex
2082 2546 2175 2596 ‘'W‘'

367 2651 391 2691 c.
411 2642 441 2693 t:
468 2635 538 2691 Cum
561 2638 678 2690 uideant
703 2634 828 2704 (ethnici)
853 2640 878 2686 et
895 2649 925 2686 se
942 2640 970 2686 et
987 2649 1055 2685 suos
1071 2649 1115 2694 ea,
1134 2648 1205 2701 quae
1231 2630 1316 2701 priori
1342 2638 1416 2701 orta,
1446 2632 1514 2704 qnia
1536 2633 1599 2689 Deo
1627 2639 1660 2688 nt
1685 2633 1815 2702 mentori,
1842 2633 2005 2696 redemtori,
2034 2652 2068 2691 ac

368 2722 506 2791 diutinus,
532 2738 642 2791 perere,
663 2729 773 2775 nostroe
790 2727 883 2773 autem
898 2719 971 2772 cibit
989 2719 1073 2773 aliud
1089 2719 1207 2786 operari
1232 2716 1429 2774 sanctificatori
1449 2726 1543 2775 nostro
1560 2719 1693 2774 debemus
1713 2719 1766 2775 boc
1783 2718 1868 2775 filiale
1887 2720 2069 2791 obsequium,

368 2810 426 2864 nisi
437 2825 557 2879 aequum
569 2816 595 2861 et
610 2808 718 2875 bonum,
731 2813 873 2876 poterant,
890 2806 918 2859 si
933 2806 1005 2875 qnid
1020 2813 1206 2874 superantes
1232 2804 1356 2876 proximo
1382 2806 1464 2859 etiam
1492 2805 1625 2862 debemus
1651 2806 1744 2861 omnia
1767 2806 1949 2861 humanitatis
1975 2808 2071 2863 studia

368 2896 420 2950 boc
432 2894 599 2964 inteliipcra
618 2894 732 2961 ditior,
750 2894 800 2961 qui
815 2892 1050 2959 bonumscciunt,
1067 2893 1206 2960 piosesse
1232 2897 1261 2947 et
1283 2890 1439 2946 dilectionis
1464 2890 1564 2949 officia
1612 2895 1638 2946 3.
1663 2894 1824 2947 Necessitas
1850 2892 1975 2962 ordinis,
2002 2895 2070 2965 quia

368 2988 395 3036 et
411 2997 442 3035 se
460 2981 574 3049 impios,
600 2980 651 3049 qui
665 2979 796 3042 nefanda
813 2979 998 3046 committunt,
1021 2994 1109 3048 neusse
1132 2978 1205 3032 enim
1230 2985 1381 3048 perpetuus
1404 2984 1498 3033 manet
1518 2977 1645 3046 justitiae
1671 2978 1753 3048 ordo,
1777 2984 1810 3033 nt
1835 2985 1961 3033 creatura
1985 2981 2069 3035 ratio·

363 3066 598 3137 postposuere
615 3065 714 3135 quiin
733 3065 857 3118 omnibus
874 3066 949 3119 ritae
966 3082 1034 3118 suae
1050 3065 1205 3118 actionibus
1230 3064 1301 3118 ualis
1324 3064 1441 3119 creatori
1465 3063 1585 3120 obediat
1618 3068 1644 3120 t.
1664 3065 1825 3118 Necessitas
1845 3067 2068 3136 consequentiae,

368 3169 426 3207 nom
443 3160 556 3217 mant,
579 3152 610 3205 in
628 3152 693 3221 ipsa
711 3168 820 3206 summa
837 3158 945 3218 errem,
963 3151 1014 3204 loc
1030 3158 1071 3204 est
1089 3151 1120 3203 in
1137 3151 1204 3204 reii-
1231 3151 1298 3222 quia
1321 3150 1404 3205 fidem
1430 3150 1504 3206 bona
1526 3167 1613 3220 opera
1636 3157 1769 3221 perpetuo
1794 3151 1961 3207 comitantur
1979 3156 2008 3207 et
2024 3170 2068 3207 ee·

369 3239 460 3309 piore
478 3255 552 3309 prece
568 3254 663 3292 rerum
680 3239 803 3291 omrrium
820 3244 906 3307 caput
922 3246 971 3295 est.
1232 3243 1363 3308 quantur.
1398 3241 1424 3290 5.
1447 3238 1609 3292 Necessitas
1634 3238 1829 3306 hypotheseos,
1856 3237 1923 3308 quis
1941 3236 1996 3291 uisi
2020 3256 2068 3294 se·

308 3348 317 3359 ·
404 3330 446 3384 m.
482 3324 624 3395 Respecto
645 3322 733 3379 nostri
757 3322 915 3378 necessaria
937 3329 1004 3377 suut
1028 3322 1102 3380 bona
1121 3338 1207 3393 opere
1231 3324 1313 3377 limus
1330 3322 1414 3378 fidem
1432 3329 1568 3388 excutere,
1587 3323 1705 3394 gratiam
1719 3324 1773 3379 Dei
1786 3329 1815 3378 et
1825 3329 1966 3379 aeternam
1980 3324 2068 3380 ritem

373 3417 394 3468 1.
413 3416 446 3467 ut
463 3411 588 3466 uoritme
604 3408 680 3465 ritae
696 3415 843 3478 testemur,
865 3425 915 3464 uos
933 3424 1111 3464 essenorum
1130 3426 1206 3465 crea·
1233 3409 1367 3478 amittere,
1388 3425 1491 3480 poenas
1508 3410 1598 3464 omnis
1618 3409 1728 3481 generis
1746 3426 1894 3479 uocemue,
1910 3411 2068 3466 vacandum

369 3504 460 3554 turam
485 3497 515 3553 in
532 3495 656 3566 Christo,
683 3501 708 3552 2.
728 3494 790 3551 Oor.
809 3501 838 3560 5,
862 3512 889 3552 s.
909 3500 953 3551 tt:
985 3494 1020 3549 Si
1036 3497 1100 3565 quis
1118 3504 1159 3549 eet
1175 3496 1206 3549 in
1233 3502 1275 3551 est
1296 3496 1432 3552 bonorum
1458 3511 1572 3566 operum
1594 3496 1702 3552 studiis.
1737 3495 1813 3551 Huic
1838 3496 1996 3553 necessitati
2018 3498 2068 3552 ad·

371 3584 499 3648 antec.
525 3591 566 3637 est
589 3599 664 3637 noca
687 3590 831 3637 amara.
861 3579 954 3637 Galat.
974 3587 1004 3647 5,
1027 3599 1054 3637 v.
1076 3586 1122 3637 tt:
1151 3581 1208 3644 Qui
1229 3582 1326 3654 jangit
1349 3582 1404 3637 Du
1424 3581 1571 3652 Philippus
1598 3580 1733 3637 bonorum
1761 3597 1875 3653 operum
1902 3582 2069 3654 dignitatem

368 3678 432 3725 mstst
451 3669 566 3738 Cbrsbti,
584 3684 697 3723 comem
714 3668 912 3733 crucifimot
929 3685 992 3722 cnm
1010 3668 1087 3723 uitiis
1104 3676 1130 3721 et
1141 3685 1205 3722 con·
1233 3675 1318 3740 atque
1335 3668 1499 3737 utilitatem,
1517 3667 1567 3722 ubi
1585 3686 1635 3738 per
1654 3668 1818 3740 dignitatem
1836 3686 1893 3723 uon
1911 3669 2068 3742 intelligen-

368 3755 564 3827 mrpiscentiis5
600 3760 685 3827 atqne
720 3760 753 3808 ut
786 3752 955 3808 ambulando
991 3758 1123 3823 tanquam
1154 3752 1206 3807 lilii
1233 3755 1299 3810 dum
1322 3761 1365 3809 est
1382 3754 1523 3826 quoddam
1540 3756 1670 3810 meritum
1686 3755 1731 3810 vel
1749 3755 1856 3826 gratiae
1875 3754 1999 3825 divium,
2022 3756 2068 3812 sel

367 3841 452 3914 lucis,
485 3846 594 3912 ereptos
622 3857 673 3895 nos
699 3856 716 3894 e
741 3838 864 3894 tenebris
892 3855 954 3894 esse
985 3838 1206 3909 comprobemus,
1228 3841 1363 3911 justitiae,
1381 3840 1426 3895 vel
1447 3840 1544 3894 salutis
1563 3847 1700 3910 aeternae,
1717 3858 1769 3897 nec
1782 3840 1916 3912 perfectio
1930 3842 2068 3913 quaedam

367 3926 469 4000 Ephes.
495 3933 524 3993 5,
548 3944 574 3980 s.
595 3932 625 3982 8:
656 3926 757 3980 Eratis
783 3926 940 3994 diruendo
964 3927 1105 3991 tenebrae,
1132 3943 1206 3979 nune
1231 3927 1366 3981 bonorum
1389 3943 1503 3997 operum
1520 3942 1613 3981 coram
1632 3926 1686 3981 Dei
1701 3927 1823 3997 jndicio,
1847 3945 1899 3983 nec
1918 3928 2067 3984 causaliter

368 4021 459 4068 marm
484 4014 531 4066 lue
555 4012 586 4066 in
611 4012 749 4079 Domino,
772 4020 804 4065 ut
826 4012 883 4076 ntis·
904 4012 976 4067 lucis
993 4012 1147 4079 ambulate,
1174 4018 1206 4067 ut
1232 4015 1261 4068 in
1283 4012 1400 4068 articulo
1415 4012 1637 4083 justificationis,
1661 4014 1710 4067 sed
1730 4013 1853 4083 gratuita
1869 4014 1925 4070 Dei
1941 4023 2067 4085 accepta·

275 4133 278 4138 -
367 4097 525 4170 spirituales
548 4097 653 4153 hostias
680 4096 823 4153 offerendo
841 4114 892 4153 nos
909 4113 987 4152 verce
1006 4096 1060 4153 Dei
1078 4099 1205 4153 secerdo-
1232 4100 1279 4166 tio,
1307 4115 1363 4170 qna
1386 4103 1544 4154 renatorum
1569 4098 1758 4154 obedientiam
1783 4115 1817 4154 er
1839 4099 1895 4154 tide
1913 4100 2067 4169 proiectam

365 4190 409 4241 tes
426 4184 644 4241 demonstremus
662 4183 740 4240 Rom.
761 4189 806 4247 12,
824 4201 851 4239 s.
874 4189 901 4241 ιε
928 4184 1064 4237 Eebibete
1083 4201 1204 4253 corpora
1231 4191 1319 4239 ratam
1345 4201 1379 4239 ac
1404 4191 1512 4256 gratam
1530 4185 1616 4240 habet
1638 4186 1809 4258 eandemque
1834 4186 1963 4258 gratuitis
1988 4204 2067 4258 prse-
2136 4203 2139 4209 ·

366 4277 461 4327 resno
486 4270 604 4323 boetiam
630 4269 764 4323 cicentem
788 4277 930 4336 sanctam,
955 4272 1021 4324 Deo
1034 4271 1203 4348 placentem,
1231 4271 1293 4325 miis
1316 4270 1412 4325 afficit.
1448 4270 1574 4342 Itemque
1593 4272 1668 4342 quod
1687 4288 1771 4341 opera
1789 4271 1845 4326 sint
1861 4271 1969 4326 finctus
1986 4274 2066 4344 spiri.
2079 4281 2139 4323 vsu.
2154 4280 2187 4324 ιι.

367 4356 538 4414 wachilo
568 4356 729 4425 obseouium
755 4363 885 4409 oestrum.
920 4362 945 4411 2.
969 4356 1010 4413 Ut
1031 4371 1111 4411 veros
1137 4355 1203 4411 fidei
1231 4364 1276 4412 tus
1299 4358 1328 4411 in
1351 4357 1455 4411 renatis
1473 4355 1625 4411 habitantis
1645 4363 1674 4411 et
1691 4356 1822 4412 inchoata
1840 4359 1977 4428 quaedam
1994 4359 2066 4431 legis

303 4437 306 4442 ⁴
366 4441 639 4499 stnmusexseramus
651 4439 796 4509 atqnehoc
808 4441 1072 4496 modosocationem
1080 4448 1204 4497 noemam
1231 4443 1377 4514 completio
1401 4444 1430 4498 iu
1448 4442 1545 4497 iutnra
1562 4443 1621 4498 vita
1636 4443 1819 4514 perficienda,
1845 4460 1901 4515 quo
1925 4461 2008 4500 seusu
2029 4445 2066 4501 D.

366 4529 474 4585 murem
502 4527 645 4582 mciamns.
674 4526 772 4582 iacob.
801 4532 833 4597 2,
861 4545 887 4582 v.
909 4531 954 4583 te:
987 4529 1109 4582 Ostende
1135 4529 1205 4582 mibi
1232 4530 1370 4585 Lntberus
1396 4529 1425 4582 in
1454 4545 1477 4583 c.
1505 4535 1529 4584 3.
1557 4529 1636 4599 epist.
1662 4529 1699 4583 ad
1726 4527 1819 4584 Galat
1846 4529 1959 4598 scribit,
1987 4539 2067 4585 entra

367 4616 459 4682 fidem
476 4622 553 4668 tuam
572 4630 604 4667 en
620 4613 759 4682 operibrm
796 4619 819 4669 2.
836 4612 912 4668 Petr.
934 4618 956 4682 1,
971 4631 997 4667 v.
1020 4620 1066 4669 10:
1087 4615 1203 4669 Studete
1231 4634 1346 4671 caraem
1369 4615 1586 4684 justificationes
1612 4616 1685 4668 bona
1709 4633 1799 4685 opero
1826 4633 1969 4685 canossam
1996 4620 2067 4673 eatis

368 4701 541 4758 montionem
566 4708 592 4753 et
620 4699 780 4754 eiectionem
804 4708 926 4754 cestram
949 4701 1070 4764 firmam
1089 4702 1202 4769 facere.
1230 4704 1385 4773 mcpnifice
1405 4703 1597 4756 commendari
1612 4719 1702 4771 posse.
1738 4702 1852 4759 Utilitas
1872 4704 2066 4773 complectitur

367 4787 431 4855 Quo
441 4786 582 4858 pertinent
593 4784 676 4848 dicta,
693 4802 765 4856 quae
782 4790 929 4853 testantur,
945 4784 1011 4841 fidei
1030 4791 1058 4841 et
1069 4785 1203 4841 bonorum
1230 4788 1355 4861 praemia
1377 4787 1531 4859 praesentis
1556 4793 1585 4842 et
1603 4786 1716 4842 futurae
1734 4788 1822 4854 vitae,
1846 4805 1918 4860 quae
1935 4790 2012 4846 Deus
2029 4808 2064 4846 ex

368 4887 484 4943 operum
508 4870 650 4925 vinculum
673 4886 733 4925 esse
755 4878 927 4942 perpetuum.
964 4875 989 4929 ³.
1006 4871 1047 4928 Ut
1070 4872 1202 4942 euspicio·
1230 4874 1322 4947 grstia
1331 4874 1411 4929 bonis
1423 4874 1553 4945 operibns
1566 4873 1708 4929 reddenda
1722 4891 1782 4930 esse
1794 4875 1927 4946 promisit.
1947 4876 1983 4931 D.
1991 4876 2064 4933 Hnt·

369 4975 434 5017 uem
456 4956 635 5029 hypocriseos
660 4956 838 5019 amoliamur,
865 4972 916 5012 uec
941 4973 992 5011 nos
1018 4957 1094 5029 ipsos
1118 4963 1204 5031 atque
1230 4970 1305 5017 teras
1329 4961 1357 5015 in
1378 4960 1476 5030 explic
1498 4961 1588 5016 Form.
1614 4960 1696 5017 Cone.
1718 4969 1770 5017 nrt
1794 4969 1820 5017 t.
1844 4980 1873 5033 p.
1892 4967 1951 5018 132.
1974 4962 2065 5019 tribus

368 5044 439 5100 alios
454 5043 528 5099 falsa
543 5043 721 5115 persuasione
740 5042 920 5114 decipiamus.
958 5050 979 5100 1.
999 5043 1064 5100 Joh.
1085 5049 1108 5108 2,
1125 5060 1152 5098 r.
1171 5050 1202 5101 t:
1230 5047 1285 5102 illis
1313 5050 1397 5118 (qnae
1420 5046 1450 5101 in
1471 5046 1581 5117 scriptis
1600 5048 1761 5119 symbolicis
1781 5054 1809 5103 et
1826 5048 1949 5104 Lntbero
1966 5066 2065 5121 propo·

370 5131 426 5194 Qui
438 5131 523 5194 dots,
546 5146 576 5183 se
592 5147 675 5184 nosse
692 5131 787 5184 Deum
803 5138 829 5183 et
847 5131 984 5184 mandem
1001 5132 1063 5198 ejus
1080 5148 1137 5184 non
1157 5149 1204 5186 cu·
1230 5133 1346 5203 nuutur)
1370 5148 1516 5187 causarum
1540 5132 1677 5189 classibus
1703 5134 1783 5189 addit
1806 5133 1875 5189 alias
1901 5134 1986 5188 duas:
2017 5137 2064 5190 Es

369 5216 471 5285 modi,
497 5216 620 5270 mendac
638 5221 691 5283 est,
716 5223 742 5268 et
761 5215 866 5268 ceritas
884 5231 940 5268 non
958 5223 999 5268 est
1016 5216 1047 5268 in
1065 5232 1113 5285 eo,·
1134 5234 1159 5271 c.
1179 5222 1203 5287 3,
1230 5218 1455 5275 consideratione
1475 5217 1586 5289 (inquit)
1605 5236 1702 5273 earum
1718 5238 1920 5289 personarum,
1935 5223 1977 5274 ad
1994 5238 2066 5290 orsas

368 5319 395 5356 v.
415 5304 462 5358 te:
483 5302 636 5371 diiiposnsss
651 5318 709 5354 non
724 5302 816 5369 oerbo,
834 5302 1040 5369 nequetinpua,
1059 5304 1111 5356 sed
1120 5320 1204 5373 opere
1231 5312 1345 5359 nostrae
1367 5304 1490 5358 actiones
1521 5305 1645 5358 directae
1677 5314 1756 5369 eunt,
1785 5306 1907 5376 emaque
1935 5307 2066 5361 oriuntur

369 5395 395 5442 et
411 5388 547 5456 recitata·
563 5405 590 5441 s.
610 5391 653 5443 19:
670 5387 700 5440 in
718 5386 770 5441 boc
791 5388 989 5456 capnoscimus,
1008 5388 1075 5456 quie
1087 5406 1120 5442 ec
1132 5391 1204 5445 rcri-
1232 5393 1338 5446 classes
1356 5407 1513 5459 causamn,
1527 5398 1649 5461 propter
1667 5409 1736 5461 orsas
1747 5389 1821 5445 bona
1833 5394 2067 5461 operafacienda

369 5480 426 5528 tate
451 5490 553 5526 mmus.
596 5479 620 5528 t.
643 5471 686 5529 Ut
711 5471 829 5527 vitemus
857 5489 961 5543 poenas
988 5475 1154 5544 temporales
1176 5481 1205 5531 et
1230 5485 1308 5546 sum,
1333 5477 1378 5531 cel
1400 5476 1473 5529 enim
1495 5495 1556 5530 cum
1575 5480 1638 5531 Deo
1659 5478 1785 5547 opimus,
1807 5479 1850 5532 uel
1870 5495 1932 5532 cum
1949 5480 2065 5549 anystis,

368 5565 495 5615 aternus
517 5559 598 5613 malis
616 5558 745 5631 operibus
763 5565 792 5613 et
809 5557 908 5629 ἀεργίᾳ
927 5560 1093 5614 constitutas
1104 5560 1203 5617 Matth.
1231 5564 1276 5618 cel
1295 5580 1357 5617 cum
1374 5562 1511 5631 prasino,
1527 5563 1571 5617 uei
1588 5581 1650 5616 cum
1668 5564 1748 5617 nobis
1763 5564 1841 5633 speie,
1861 5564 1906 5618 oet
1923 5581 1985 5619 cum
2003 5566 2065 5618 dia·

370 5651 396 5715 3,
411 5661 439 5702 r.
461 5649 509 5701 10:
533 5645 630 5699 Omnis
647 5646 741 5710 arbor,
760 5663 831 5716 qnae
848 5663 905 5700 aon
923 5647 998 5710 feeit
1014 5648 1141 5710 fructum
1159 5650 1204 5703 bo·
1231 5649 1303 5704 bolo.
1348 5650 1488 5716 Respectu
1511 5648 1572 5701 Dei
1598 5649 1758 5703 raeomsaria
1782 5658 1847 5703 eunt
1872 5651 1944 5703 bona
1970 5668 2065 5721 opera,

368 5748 445 5797 mus,
462 5730 599 5785 escidibsr
619 5738 645 5785 et
662 5732 691 5785 in
708 5732 799 5800 ipncm
814 5732 941 5785 mittitur.
969 5731 1050 5786 Rom.
1067 5737 1091 5801 8,
1112 5750 1137 5789 s.
1157 5740 1202 5790 13:
1231 5744 1263 5790 ut
1280 5736 1305 5789 is
1324 5753 1343 5787 a
1356 5734 1435 5788 nobis
1454 5734 1574 5798 colatur,
1595 5752 1629 5788 ac
1646 5741 1773 5789 metram
1790 5735 1818 5788 ei
1830 5736 2018 5790 obedientiam
2029 5755 2065 5790 ac

372 5817 408 5873 a·
429 5819 582 5873 strumum
602 5834 717 5874 carnem
733 5818 873 5889 νὴονίιιο,
896 5817 1060 5874 rimamini.
1101 5825 1121 5877 l.
1140 5818 1204 5877 (ior.
1230 5820 1432 5892 panadium
1446 5821 1607 5891 probemus.
1635 5820 1809 5891 Arpetorum
1818 5823 1915 5891 pratia
1927 5823 2067 5889 sumenda
