4800 6659
933 632 1127 694 nnmcso
1144 632 1348 692 sarrano.
1925 645 1988 704 339

574 746 582 772 i

292 788 436 846 hueDens
449 786 592 844 Israelita
603 787 1124 860 erAegyptoednctosinterrsmpro
1153 798 1338 844 samosancta
1371 791 1512 846 Trinitats
1538 790 1618 845 initi:
1648 792 1794 847 Memento
1815 792 1880 860 fili,
1905 798 1931 846 te
1957 791 1989 844 in

290 874 428 933 missionis
446 872 637 937 introduxerit,
658 880 691 928 ut
706 872 851 944 promissio
864 874 899 930 de
913 875 1126 931 Messisexhoe
1151 875 1263 928 nomine
1282 876 1395 945 Patris,
1418 876 1493 932 Fsiii
1517 884 1542 930 et
1562 876 1687 946 Spiritu
1708 876 1802 931 sancti
1819 860 1988 947 baptisatam

289 961 392 1034 populo
408 960 550 1016 nascituro
568 960 800 1031 complementum
817 979 898 1017 suum
914 963 1005 1018 sortiri
1022 969 1124 1034 posset
1151 976 1219 1015 esse.
1263 961 1336 1019 Vide
1366 961 1448 1033 plura
1477 961 1592 1018 interius
1625 958 1786 1037 §.penult
1818 961 1901 1033 hujus
1932 967 1987 1017 tm·

289 1054 312 1106 4.
332 1048 369 1103 Si
384 1064 452 1103 aera
468 1054 541 1101 esset
549 1047 668 1101 [rithmi
683 1047 828 1111 sententia,
847 1048 1127 1102 meumenwudaei
1150 1050 1251 1102 ctatus.

285 1136 383 1205 petisse
400 1149 618 1188 commemorare
636 1134 881 1203 circumcisionem,
901 1152 972 1204 quae
990 1134 1125 1189 eratiliis
1187 1136 1243 1188 158
1280 1136 1304 1187 3.
1327 1133 1464 1204 Exempla
1486 1133 1641 1189 fidelium
1633 1150 1663 1187 ιιι
1682 1133 1717 1189 N.
1735 1133 1770 1188 T.
1794 1151 1923 1205 expresse
1945 1140 1985 1190 te·
1997 1134 2116 1231 wip-‘⁸'

285 1237 339 1289 pne
364 1220 518 1289 bapts'erno,
541 1236 625 1288 quam
652 1219 752 1272 ιιιιιιιι
776 1221 812 1273 de
831 1223 965 1289 Aepppte.
1000 1220 1124 1291 Respon-
1150 1221 1274 1281 stantun,
1300 1220 1375 1290 quod
1397 1218 1517 1276 foederis
1542 1220 1717 1290 baptismalis
1740 1220 1931 1275 recordatione
1955 1237 1985 1275 se
1999 1240 2107 1281 consors-

288 1304 402 1361 demus:
419 1322 475 1376 quo
494 1309 601 1375 spectet
620 1304 842 1360 commemoratio
860 1304 933 1360 illius
945 1304 1124 1373 liberationis,
1150 1304 1286 1360 consolati
1307 1304 1424 1373 fuerint,
1446 1313 1642 1378 postquama
1669 1305 1852 1377 baptismam
1869 1307 2034 1379 peccatum
2048 1307 2092 1351 ¹⁸⁹·

289 1389 371 1444 modo
394 1390 580 1461 exposuimus.
612 1389 694 1456 Quod
711 1390 748 1444 ad
769 1390 1002 1447 circumcisionem
1014 1390 1124 1458 attinet,
1149 1388 1274 1461 prolapsi
1292 1399 1321 1446 et
1337 1409 1387 1463 per
1404 1409 1497 1447 veram
1512 1391 1713 1465 poeniteutiam
1728 1392 1766 1447 ad
1784 1391 1874 1446 Deum
1890 1407 1986 1444 rursus
1997 1376 2115 1477 {mg}

290 1477 350 1546 ejus
374 1475 499 1531 itidem
491 1494 521 1531 ιιι
538 1493 602 1532 vera
621 1476 794 1547 poenitentia
814 1494 847 1532 ac
864 1475 993 1547 precibus
1009 1475 1123 1531 mentio
1150 1476 1276 1531 conversi
1298 1477 1419 1534 ιιιιιιιιιι
1455 1478 1524 1535 Inde
1550 1479 1590 1534 sic
1614 1478 1814 1534 concludimus.
1851 1477 1882 1531 Si
1899 1476 1986 1531 homi-
1998 1481 2080 1521 neuss-

289 1578 352 1617 nem
370 1561 509 1631 fecerunt,
536 1568 595 1616 tum
612 1562 784 1632 explicitam,
802 1569 834 1617 nt
852 1562 938 1634 paulo
955 1567 1019 1633 post
1034 1578 1123 1618 exem·
1150 1577 1199 1615 nes
1223 1563 1264 1633 pii
1286 1580 1351 1620 vere
1373 1564 1567 1663 resipiscentes
1591 1563 1826 1620 consolationibus
1850 1580 1886 1617 ex
1903 1535 2058 1634 pactonm

289 1648 336 1719 plo
354 1647 474 1703 Davidis
494 1655 523 1704 et
538 1648 705 1704 Jonathanis
725 1649 971 1717 demonstrabitur,
997 1647 1082 1702 ιιιιιι
1074 1664 1123 1701 sm·
1149 1645 1236 1700 Dei
1229 1665 1257 1701 ιιι
1284 1649 1423 1719 baptismo
1447 1668 1509 1705 cum
1536 1650 1604 1722 ipsis
1621 1650 1690 1705 inito
1710 1667 1740 1705 se
1758 1655 1918 1717 erexerunt,
1945 1665 1986 1704 se·

288 1731 427 1803 plicitum,
453 1736 672 1805 quotiescunque
702 1734 884 1790 recordentur
914 1733 1034 1789 foederis
1061 1750 1123 1788 cum
1151 1732 1254 1804 quitur,
1271 1752 1327 1789 non
1345 1736 1450 1792 aboleri
1467 1736 1579 1807 penitus
1600 1736 1732 1808 baptismi
1752 1734 1850 1792 foedus
1870 1751 1921 1804 per
1939 1732 1987 1788 ho-

288 1818 416 1889 pstribus
435 1820 504 1889 initi,
530 1820 601 1875 illud
621 1820 694 1874 enim
712 1836 763 1892 per
782 1819 1018 1876 circumcisionem
1033 1818 1124 1876 fuerat
1151 1816 1232 1872 minis
1249 1818 1367 1890 lapsum.
1393 1822 1449 1877 Sed
1467 1839 1562 1878 verum
1582 1822 1667 1893 prim.
1703 1821 1779 1893 Fuga
1796 1826 1824 1876 et
1842 1819 1986 1890 posterius

289 1904 467 1976 obsignatum
485 1911 513 1962 et
529 1904 729 1962 confirmatum.
1151 1903 1334 1975 Assumptum
1362 1912 1480 1963 constat.
1522 1906 1656 1963 Corinthii
1683 1907 1778 1962 multis
1802 1912 1829 1963 et
1853 1905 1987 1978 gravibus

267 2008 278 2036 ι
325 1991 1053 2063 15¹1.2.Secundoigiturlocopronostresententissic
1061 2007 1123 2045 con-
1150 1989 1274 2059 peccatis
1300 1993 1481 2048 contaminati
1509 1993 1634 2057 fuerant,
1659 1993 1802 2064 apostolus
1828 2000 1923 2048 tamen
1950 1993 1987 2048 ad

288 2075 440 2132 cludimus:
457 2077 660 2148 Baptismusin
674 2077 709 2133 N.
718 2078 752 2132 T.
766 2078 900 2133 successit
914 2076 1123 2144 circumcisioni,
1151 2073 1319 2144 baptismum
1347 2095 1401 2144 eos¹
1421 2080 1520 2135 iterum
1547 2085 1669 2135 revocat.
1710 2086 1731 2135 1.
1750 2079 1813 2135 Cor.
1837 2083 1869 2145 6,
1891 2096 1917 2131 ι.
1940 2083 1986 2134 ιιι

290 2160 350 2217 Col.
358 2164 544 2233 2,v.11.quod
554 2178 620 2234 ergo
627 2162 828 2218 circumcisioni
835 2163 974 2230 tribuitur,
983 2163 1012 2217 id
1020 2162 1123 2234 baptis·
1150 2159 1251 2213 Abiuti
1268 2164 1342 2232 estis,
1360 2165 1489 2220 nimirum
1507 2166 1537 2220 in
1554 2165 1702 2236 baptismo.
1736 2172 1757 2221 1.
1772 2165 1834 2220 Cor.
1850 2170 1890 2227 ιι,
1897 2182 1923 2217 ι.
1938 2170 1985 2219 ιιι

266 2266 333 2303 imo
344 2249 538 2321 denegandum
547 2266 603 2304 non
612 2255 667 2318 est3
680 2268 736 2305 non
745 2250 861 2323 negabit
869 2249 921 2305 hoc
931 2249 1123 2317 Bellsrminus,
1149 2245 1186 2297 In
1208 2264 1264 2301 uno
1283 2248 1409 2319 Spiritu,
1436 2252 1466 2304 in
1495 2270 1579 2305 unum
1602 2269 1706 2321 carpus
1729 2251 1866 2320 baptisati
1882 2268 1984 2303 sursus.
2086 2239 2088 2245 ’

266 2326 268 2333 '
288 2335 1123 2405 cumstatuetlrrailitiscircumcisionemfuisseprahaptis·
1149 2328 1268 2387 Galatas
1291 2334 1367 2392 hsud
1384 2337 1483 2393 leviter
1500 2338 1593 2409 lapsos
1612 2337 1708 2394 itidem
1726 2353 1759 2393 ex
1777 2336 1917 2407 baptismo
1937 2335 1985 2390 de·

266 2413 340 2489 imo,
353 2423 421 2490 quin
432 2430 458 2476 et
469 2429 647 2476 sacramenta
655 2424 693 2477 N.
707 2423 738 2477 Τ.
753 2423 835 2490 lonpe
847 2422 967 2490 majoris
977 2422 1088 2475 uirtutis
1099 2429 1124 2474 et
1149 2417 1234 2474 ducta
1251 2422 1439 2478 consolatione
1461 2424 1604 2496 apostolus
1621 2423 1714 2495 erigit,
1734 2422 1828 2478 Galat.
1847 2426 1876 2489 3,
1894 2440 1920 2476 ι.
1935 2426 1983 2476 ιιι

287 2508 446 2572 efficaciae,
467 2525 551 2576 quam
567 2508 597 2560 V.
611 2509 645 2562 Τ.
661 2515 847 2563 sacramenta.
872 2507 937 2563 Jam
950 2524 1015 2562 vero
1027 2505 1123 2562 fideles
1151 2505 1289 2576 Quotquot
1309 2509 1445 2579 baptisati
1461 2510 1539 2579 estis,
1560 2510 1700 2566 Christum
1717 2509 1859 2563 induistis.
1896 2505 1983 2563 Hebr.

287 2592 435 2649 lsrsiilitae
451 2611 484 2648 ex
500 2592 725 2663 circumcisione,
744 2594 798 2649 hoc
820 2600 862 2649 est
879 2610 913 2648 ex
930 2585 1042 2648 foedere
1060 2591 1122 2661 Dei,
1151 2596 1196 2659 ιι,
1223 2610 1250 2646 v.
1275 2599 1321 2650 ιιι
1350 2598 1527 2650 Accedamus
1548 2614 1611 2650 cum
1629 2611 1694 2651 uero
1711 2596 1797 2649 carde
1814 2594 1845 2647 in
1861 2594 1984 2664 plenitu-

286 2678 314 2734 in
341 2679 418 2751 quod
436 2696 486 2750 per
504 2679 741 2736 circumcisionem
758 2680 862 2750 recepti
880 2678 1006 2743 fumant,
1029 2677 1121 2734 effice·
1149 2676 1217 2732 dine
1239 2680 1311 2745 fidei
1339 2683 1474 2751 adspersi
1500 2685 1591 2738 corda
1618 2701 1637 2737 a
1664 2680 1836 2736 ιοιιιιιιιιιιι
1860 2679 1940 2733 maia
1959 2687 1985 2734 ιι

286 2781 333 2820 ιιι
361 2765 562 2822 consolationes
586 2766 616 2820 in
634 2765 669 2821 V.
690 2766 723 2821 T.
747 2765 901 2836 petierunt,
930 2769 962 2819 ut
985 2769 1123 2819 testantur
1149 2763 1242 2817 abluti
1270 2783 1372 2837 corpm
1401 2785 1478 2837 aqua
1508 2770 1623 2823 ιιιιιιιια.
1671 2768 1772 2823 Petrus
1800 2764 1985 2836 abnegatione

285 2850 413 2920 exempla
437 2851 577 2908 ‚Jonathse
605 2859 626 2907 t.
646 2852 719 2909 Sam.
745 2857 792 2920 14,
819 2868 844 2905 v.
871 2857 902 2907 6:
933 2851 1121 2904 Transeamus
1148 2845 1250 2904 Christi
1271 2853 1433 2922 gravissime
1453 2862 1628 2925 peccaverat,
1647 2854 1723 2909 idem
1741 2858 1985 2922 temenpostcon·

286 2938 327 2991 cd
348 2945 444 2991 caetra
468 2938 620 2991 iliorum'
607 2937 864 2991 incircumcisorum
888 2938 949 3006 (nos
973 2953 1067 2991 sumus
1092 2936 1121 2989 in
1148 2934 1302 2991 versionem
1320 2937 1355 2993 ds
1375 2956 1425 2994 suo
1445 2940 1584 3010 baptismo
1604 2940 1744 2996 scribitl
1763 2939 1880 3009 epista,
1898 2955 1923 2993 v.
1937 2943 1984 2993 ιιι

285 3021 399 3078 foedere
411 3024 478 3093 Dei,
497 3024 578 3094 cujus
600 3023 710 3095 signum
729 3023 850 3095 gerimus
869 3022 899 3077 iu
916 3038 999 3077 carne
1017 3028 1121 3088 nostra,
1147 3022 1300 3090 Baptisma
1317 3042 1368 3078 nos
1387 3043 1420 3078 sa
1421 3026 1489 3079 i.aat
1523 3025 1709 3081 Bellsrminus
1727 3024 1837 3095 excipit,
1857 3028 1882 3076 1
1892 3023 1983 3079 locum
1996 3021 2119 3115 ww·

284 3108 327 3164 illi
348 3126 486 3165 veronen
504 3109 593 3164 sunt'
585 3127 615 3164 m
633 3109 685 3165 hoc
703 3109 831 3180 foedere3
858 3107 938 3163 Deus
955 3125 1022 3180 ergo
1041 3107 1120 3163 nobis
1151 3106 1249 3164 Galat
1270 3112 1298 3161 3.
1321 3109 1394 3163 nihii
1418 3112 1459 3164 ad
1483 3128 1543 3166 rem
1558 3114 1673 3176 facere,
1698 3128 1761 3164 cum
1779 3109 1925 3207 apostolus
1944 3110 1985 3162 ibi
1996 3124 2097 3167 ιιιιιιιι.

287 3195 379 3251 ederit
402 3213 455 3251 sua
479 3198 570 3267 matie
589 3196 746 3264 eteuxilio)
767 3201 846 3251 utet
865 3194 982 3249 Davidis
1005 3200 1026 3252 ι.
1046 3194 1120 3249 Sam.
1146 3210 1203 3245 non
1223 3195 1332 3259 doceat,
1351 3198 1491 3265 memorio
1514 3194 1738 3266 justificentur
1725 3194 1808 3264 impii
1825 3194 1904 3262 lapsi
1917 3199 2037 3266 post

288 3287 327 3346 ιι,
348 3299 374 3335 v.
394 3287 442 3339 ιιι
466 3281 563 3344 Quies
563 3282 601 3335 ile
620 3283 689 3336 Phil
689 3285 792 3336 irtacus
810 3283 1021 3336 incircumcisus
1046 3298 1120 3335 euer-
1149 3280 1334 3352 baptismum,
1365 3283 1418 3336 sed
1445 3284 1523 3350 quod
1555 3282 1679 3336 homines
1709 3298 1766 3335 aon
1795 3271 1984 3347 justificeretur

285 3368 344 3422 citu
361 3369 422 3422 Dei
437 3368 554 3423 niventis
571 3369 763 3423 maledicens!
781 3368 858 3439 Ergo
875 3367 959 3423 etiam
971 3366 1121 3422 Christiani
1147 3367 1357 3421 circumcisione
1376 3366 1497 3438 aliisque
1516 3368 1647 3438 operibus
1664 3367 1744 3436 lepis,
1762 3366 1815 3419 sed
1826 3380 1881 3433 per
1890 3365 1984 3433 fidem

284 3452 383 3509 fideles
402 3471 435 3509 cx
453 3455 599 3524 baptismo,
617 3453 669 3509 hoc
686 3459 729 3510 est
746 3472 780 3511 ex
798 3454 910 3510 foedere
921 3452 984 3515 Dei,
1001 3453 1031 3507 in
1045 3452 1120 3523 quod
1149 3453 1263 3520 Christi,
1280 3453 1313 3507 id
1330 3456 1408 3523 quod
1424 3454 1534 3523 probat,
1556 3453 1625 3522 quia
1638 3453 1688 3523 qui
1700 3452 1887 3521 baptizantur,
1901 3449 1982 3504 Chri·

284 3556 334 3611 per
359 3538 528 3611 baptismum
548 3541 652 3611 recepti
672 3547 751 3611 sunt,
770 3540 899 3596 efficaces
917 3538 1119 3594 consolationes
1146 3546 1219 3592 stum
1244 3539 1371 3592 induunt.
1409 3538 1633 3609 Respondemus:
1661 3537 1780 3594 Galatae
1801 3553 1857 3592 non
1879 3537 1981 3591 duces·

284 3632 393 3698 petere·
408 3633 533 3697 possunt.
571 3626 758 3692 Bellemsinue
779 3627 831 3682 hoe
851 3631 1045 3694 argumentum
1064 3641 1119 3678 non
1146 3630 1241 3679 serant
1264 3642 1281 3679 e
1305 3623 1477 3680 confessione
1505 3622 1619 3690 Christi,
1645 3623 1694 3679 sed
1720 3622 1776 3680 fide
1799 3630 1827 3679 et
1852 3622 1981 3694 operibus

284 3711 409 3782 attingit.
446 3713 658 3769 Declarebimus
683 3714 770 3785 igitur
793 3712 863 3768 illud
887 3712 978 3768 verbis
1003 3710 1120 3765 Lutheri
1146 3709 1229 3765 simul
1243 3710 1537 3783 justificarivolebant
1553 3728 1571 3766 a
1590 3708 1842 3781 pseudo-apostolis
1859 3709 1983 3779 seducti;

284 3814 364 3853 serm
384 3798 419 3853 de
438 3798 465 3855 S.
479 3799 601 3854 Antonio
619 3807 686 3856 tom.
701 3807 725 3856 ι.
745 3800 809 3856 Lat.
829 3799 891 3855 Jen.
911 3798 931 3852 f.
945 3803 1007 3853 535:
1031 3796 1118 3850 Gene-
1145 3796 1208 3851 illos
1231 3797 1262 3851 in
1289 3798 1361 3852 viam
1387 3812 1517 3853 revocare
1542 3802 1672 3867 satagens
1691 3795 1832 3867 apostolus
1854 3801 1983 3866 potenter

282 3884 347 3937 raie
363 3886 477 3939 aerium
488 3886 687 3955 promissionis
705 3895 804 3940 contra
822 3902 900 3939 omne
920 3884 1039 3950 maium,
1062 3882 1119 3933 siue
1146 3882 1262 3951 evincit,
1289 3900 1346 3937 non
1373 3900 1407 3938 ex
1433 3882 1509 3954 lege,
1540 3882 1589 3938 sed
1624 3898 1658 3937 ex
1684 3880 1843 3952 cvangeli03
1871 3897 1926 3936 non
1947 3896 1981 3934 ex

277 3980 437 4041 peccatum,
456 3972 512 4025 siue
529 3979 653 4035 mortem,
670 3974 728 4027 sice
745 3972 953 4027 tribulationem
962 3985 1119 4040 qrsameum-
1145 3967 1290 4040 operibus,
1314 3969 1364 4025 sed
1390 3987 1424 4024 ex
1447 3968 1503 4023 fide
1527 3984 1587 4023 esse
1603 3967 1846 4039 justificationem,
1871 3966 1906 4021 de
1925 3982 1980 4036 quo

283 4074 345 4128 que,
363 4059 520 4127 quicunque
537 4058 692 4112 crediderit
711 4066 735 4112 et
756 4058 912 4128 baptizatus
930 4056 1034 4123 fuerit,
1061 4054 1119 4107 eal·
1145 4054 1201 4109 late
1227 4055 1334 4127 egimus
1358 4055 1388 4110 ιιι
1414 4061 1535 4110 mactatu
1565 4055 1600 4110 de
1624 4052 1834 4124 justificatione.
1873 4050 1980 4115 Quodsi

281 4161 332 4197 mss
352 4143 406 4195 erit
423 4148 476 4197 etc.
494 4143 546 4198 hoc
563 4162 618 4199 uno
637 4152 677 4197 est
696 4144 814 4197 mammo
831 4144 1025 4210 pandendum,
1051 4139 1118 4208 quia
1146 4147 1218 4195 esset
1234 4140 1290 4195 alia
1307 4140 1516 4211 justificationis
1533 4141 1604 4195 ratio
1624 4139 1654 4194 in
1671 4138 1819 4209 baptismo,
1838 4137 1894 4192 alie
1913 4153 1979 4193 vero

281 4231 308 4282 n'
344 4231 375 4282 in
409 4230 590 4283 trihrdatione
620 4246 783 4299 quacunque
811 4229 897 4299 hujus
920 4225 1120 4298 promissionis
1144 4232 1208 4297 post
1235 4226 1418 4297 baptismum,
1443 4226 1581 4298 quomodo
1603 4223 1719 4279 Galatas
1744 4223 1782 4277 ad
1809 4222 1979 4294 baptismum

282 4316 344 4369 Dei
361 4332 466 4369 memor
476 4317 575 4384 fueris
594 4324 619 4369 et
644 4317 686 4370 sic
710 4316 817 4370 deceris
839 4322 938 4368 contra
958 4312 1117 4367 diabolum:
1143 4317 1287 4367 revocaret
1317 4312 1458 4382 apostolus
1487 4312 1516 4365 in
1547 4309 1689 4381 praeclara
1720 4308 1770 4363 illa
1795 4308 1830 4363 de
1855 4308 1980 4381 gratuita

283 4401 360 4455 Ecce
377 4416 429 4470 eqo
449 4402 605 4470 baptizatus
623 4420 685 4455 eum
703 4409 729 4455 et
749 4402 834 4454 crede
853 4401 884 4453 in
896 4398 1047 4461 Christum,
1066 4399 1119 4450 ad·
1141 4396 1340 4468 justificatione
1369 4414 1419 4469 per
1447 4396 1532 4451 fidem
1558 4394 1768 4466 disputatione?
1799 4398 1826 4451 2.
1854 4396 1979 4450 Paulum

283 4489 412 4541 ducendo
440 4504 503 4542 moa
529 4488 621 4542 iliud:
662 4487 824 4556 Quicunque
847 4483 1001 4540 crediderit
1024 4489 1049 4537 ct
1072 4483 1118 4535 ba
1145 4488 1169 4537 1.
1209 4484 1333 4539 Corinth.
1367 4487 1407 4537 12.
1446 4482 1637 4536 tantummodo
1676 4481 1786 4548 dicae,
1828 4499 1880 4536 nos
1921 4497 1981 4535 esse

279 4575 405 4644 ptieatus
420 4575 516 4639 suerit
539 4580 591 4629 etc.
611 4575 728 4643 james
754 4589 817 4627 uere
841 4573 870 4626 in
897 4572 961 4625 ioco
982 4570 1066 4640 pacis
1092 4576 1119 4622 et
1145 4588 1231 4624 unum
1267 4587 1386 4638 empus,
1434 4569 1501 4637 quia
1539 4567 1569 4620 in
1604 4584 1660 4621 uno
1693 4566 1806 4635 Spiritu
1846 4567 1982 4636 baptizati

283 4661 412 4715 laetitiae
430 4668 455 4712 et
473 4660 581 4728 quietis.
619 4660 653 4713 Si
676 4660 749 4713 enim
774 4656 940 4713 adhaeseris
962 4657 1005 4709 his
1029 4655 1119 4708 uerbis
1143 4673 1253 4723 sumus,
1278 4671 1365 4724 nsque
1394 4656 1548 4723 quidquam
1578 4654 1685 4706 addere
1714 4653 1750 4704 de
1778 4652 1870 4721 icpsis
1893 4653 1980 4721 justi·

281 4747 400 4811 fortiter
428 4752 454 4799 et
479 4764 535 4799 non
560 4746 748 4814 dubitaveris,
786 4762 820 4798 ea
846 4761 904 4797 esse
930 4760 1012 4810 vera,
1039 4750 1118 4810 teque
1139 4742 1265 4810 sicandis
1286 4749 1351 4811 post
1375 4740 1549 4810 baptismum.
1584 4736 1808 4809 Respondemus:
1836 4736 1867 4794 si
1885 4738 1979 4794 Corin

283 4849 346 4887 uere
365 4832 551 4900 baptizatum,
567 4832 737 4901 impossihile
755 4839 803 4898 est,
820 4838 850 4883 ut
869 4838 895 4884 ιι
909 4815 1118 4899 ριιιιιιιιιιι
1144 4827 1194 4881 thii
1230 4828 1260 4881 in
1293 4826 1390 4898 gravia
1426 4830 1542 4897 peccata
1576 4823 1697 4895 prolapsi
1732 4822 1917 4878 consolatione
1946 4839 1979 4877 ex

282 4935 358 4973 mors
381 4918 425 4972 uel
450 4917 581 4972 diabolum
598 4925 710 4987 superet
728 4925 778 4970 cut
797 4917 945 4972 contristet.
984 4914 1032 4968 Sic
1051 4913 1118 4981 iepi-
1143 4914 1282 4984 baptismo
1309 4913 1431 4968 deducta
1460 4912 1490 4965 in
1520 4927 1587 4965 vera
1616 4909 1653 4964 ad
1679 4909 1770 4964 Deum
1801 4908 1979 4963 conversione

283 5023 343 5056 snus
371 5006 408 5057 de
434 5012 533 5057 sancta
560 5005 683 5073 quadam
708 5002 832 5069 cirpinr,
860 5017 931 5069 quae
954 5002 995 5053 ad
1013 5016 1118 5053 οιιιιιιιι
1144 5000 1180 5054 ab
1212 4998 1337 5069 apostolo
1368 4996 1527 5070 eriguntur,
1561 4996 1657 5068 utique
1685 4994 1773 5050 virtus
1802 5000 1830 5049 et
1853 4992 1980 5059 efficacia

283 5091 464 5143 tentationem
486 5090 670 5158 cuiuscunque
694 5088 765 5141 mali
786 5106 840 5141 non
867 5088 952 5141 aliud
977 5086 1117 5156 opposuit,
1145 5084 1276 5155 baptismi
1293 5084 1416 5155 ipsorum
1434 5086 1565 5152 respectu
1581 5080 1705 5135 nondum
1723 5085 1784 5136 erat
1799 5078 1883 5150 plane
1900 5077 1980 5146 irrita

284 5193 368 5245 quam
380 5193 460 5229 mium
470 5176 634 5244 baptismum
647 5176 743 5228 dicens
751 5174 827 5227 brem
838 5173 919 5225 uerbo
930 5175 971 5226 ad
981 5172 1118 5227 διιι-ιιαιιι
1144 5179 1172 5226 ιι
1203 5170 1316 5226 abolita.
1355 5168 1410 5223 Sed
1436 5184 1532 5224 verum
1556 5166 1642 5237 prius.
1683 5166 1758 5237 Ergo
1782 5170 1811 5219 et
1832 5163 1978 5234 posterius.

283 5271 309 5316 et
330 5263 372 5315 ad
394 5262 471 5315 mala
490 5261 686 5331 impuqnantia
700 5261 758 5313 sic:
783 5260 924 5327 baptizata
942 5276 1017 5325 mern,
1036 5258 1120 5327 qcsesi
1144 5262 1171 5311 3.
1199 5257 1266 5311 Etsi
1292 5257 1446 5326 baptismus
1471 5253 1623 5323 promittat
1658 5254 1777 5307 salutem
1810 5267 1866 5319 per
1898 5249 1978 5304 Chri·

283 5348 376 5402 dicat:
396 5349 537 5417 baptizata
554 5368 615 5403 mem
632 5356 659 5402 et
679 5348 774 5412 mede,
796 5344 862 5397 ideo
883 5344 956 5397 nihil
967 5345 1044 5406 sacis
1066 5342 1118 5397 Sa·
1144 5352 1216 5398 stum
1239 5352 1264 5397 et
1289 5343 1446 5413 quicunque
1464 5347 1531 5409 post
1553 5356 1741 5410 quemcunque
1764 5337 1876 5406 lapsum
1892 5336 1978 5405 justi-

282 5442 346 5499 tan,
372 5433 439 5502 quia
462 5441 518 5487 stat
540 5443 638 5490 cantra
663 5441 689 5487 te
708 5431 907 5486 invictissimae
919 5428 1118 5500 promissionis
1143 5434 1244 5498 ficatus
1271 5446 1326 5499 per
1352 5428 1493 5482 Christum
1508 5427 1696 5496 justificetur,
1723 5441 1780 5478 nen
1803 5431 1895 5477 tamen
1913 5425 1980 5477 inde

282 5519 411 5573 amium:
434 5520 490 5582 Qui
511 5520 667 5575 crediderit
687 5526 738 5574 etc.
767 5516 942 5585 Majoricum
970 5522 1119 5584 martyrem
1144 5517 1239 5587 sequi,
1264 5532 1310 5569 eos
1329 5513 1489 5582 jesstilicari
1501 5530 1558 5583 per
1576 5512 1756 5583 baptismum,
1780 5509 1829 5579 qui
1846 5517 1913 5579 post
1932 5511 1979 5563 ha-

284 5605 458 5673 Ajrr'canum
481 5607 531 5659 sub
550 5608 678 5662 Honorio
695 5613 807 5673 raptum
826 5604 868 5656 acl
884 5601 1053 5671 supplicium
1074 5618 1119 5654 ea
1140 5603 1272 5671 ptismum
1299 5600 1377 5670 lapsi
1398 5606 1469 5655 sunt.
1515 5601 1591 5653 Nam
1616 5598 1703 5652 latim
1721 5603 1804 5665 patet
1822 5595 1981 5665 justificari

279 5692 695 5761 pitisproptercoasessionem
705 5687 934 5758 eaanqeliinuiia
947 5686 1119 5741 eliarcma·
1142 5704 1195 5757 per
1231 5686 1372 5741 Christum
1405 5702 1490 5754 quam
1515 5682 1675 5754 justificari
1702 5681 1733 5733 in
1763 5681 1899 5750 baptismo
1924 5698 1979 5750 per

282 5776 675 5845 pisconfirmaeitDienpsia,
692 5788 822 5833 matrona
831 5773 1020 5846 pientissima,
1034 5791 1118 5842 quam
1147 5773 1302 5836 Christum,
1332 5788 1394 5825 cum
1422 5771 1506 5826 etiam
1533 5775 1714 5824 sacramenta
1738 5765 1928 5838 poenitentias
1953 5774 1979 5820 et

282 5864 468 5919 inculcatione
486 5861 614 5928 faederis
630 5864 805 5920 sanctissimi
810 5879 865 5936 per
877 5859 1043 5930 baptismum
1056 5876 1118 5913 curn
1146 5857 1332 5914 eucharistiae
1353 5865 1379 5912 et
1398 5865 1492 5912 cetera
1510 5854 1629 5910 calmem
1641 5853 1812 5926 promittant
1824 5868 1880 5923 per
1897 5850 1978 5909 Chri·

1561 5956 1619 6013 ιι·
