4800 6659
398 517 439 576 55
989 502 1112 561 LOCUS
1130 500 1302 561 nummus
1320 502 1508 561 SEHIMUS

400 667 468 721 dum
495 672 535 719 est
557 665 598 718 asi
617 664 744 733 effectum
766 661 981 732 possessorium
1002 657 1073 713 satis
1092 658 1233 726 perfecta.
1263 657 1445 728 exclusivum,
1468 656 1584 730 proinde
1601 656 1700 713 merito
1718 656 1821 713 Christi
1839 674 1895 713 non
1912 658 2101 714 subordinan-

399 752 460 809 Nec
477 757 527 815 est.
545 750 619 821 quod
633 749 749 817 dicatur,
766 746 981 819 applicationem
992 743 1081 801 meriti
1095 742 1233 798 aChristo
1260 750 1306 799 tur
1325 746 1424 800 merita
1440 751 1543 809 nostra,
1564 744 1614 799 sod
1627 760 1678 816 per
1694 743 1766 798 illud
1784 744 1934 819 fortissime
1946 744 2101 800 excludun-

402 838 527 909 prasstiti
551 852 600 906 pcr
626 841 722 889 nostra
744 835 843 891 merita
858 834 931 901 fieri,
949 837 1143 903 praeterquam
1160 830 1233 884 enim
1259 838 1313 887 tur.
1348 831 1481 901 111113,
1502 832 1665 888 1.11;Μ1
1680 831 1906 899 facistiseroirs
1925 832 2101 901 inpeccatis

401 925 476 995 quod
495 924 547 978 hoc
567 923 627 978 sine
646 922 806 995 Scripturas
823 921 980 978 testimonio
997 919 1143 985 asseritur,
1162 932 1233 987 quae
1259 919 1322 985 tuis,
1342 933 1385 971 me
1397 917 1502 985 fecisti
1518 918 1650 971 laborare
1662 919 1693 971 in
1706 918 1903 987 iniquitatibus
1917 919 1993 989 tuis,·
2008 934 2036 971 v.
2052 924 2099 973 25:

401 1010 505 1081 ubique
530 1008 618 1063 solam
640 1008 723 1065 fidem
746 1008 845 1063 statuit
861 1007 930 1061 illud
949 1007 1070 1060 medium
1087 1010 1171 1073 atque
1191 1019 1233 1056 or·
1259 1021 1325 1072 ego,
1351 1019 1402 1074 eqo
1424 1005 1485 1073 ipss
1509 1004 1605 1058 delens
1618 1004 1880 1073 praevaricationes
1899 1012 1963 1058 tuus
1979 1012 2100 1075 propter

280 1108 386 1150 111111
400 1112 517 1168 ganum,
548 1112 598 1165 per
627 1096 703 1166 quod
732 1093 926 1151 beneficiorum
955 1091 1056 1148 Christi
1083 1088 1233 1160 participes
1260 1107 1302 1142 me
1321 1097 1346 1143 et
1360 1099 1541 1159 peccatorum
1559 1098 1670 1145 tuorum
1688 1108 1745 1144 oon
1761 1092 1942 1147 recordabor.
1978 1090 2100 1160 Ε1ι33,

399 1182 553 1251 reddimur,
579 1181 688 1237 accedit
704 1181 817 1250 insuper
833 1186 861 1236 et
878 1179 946 1246 hoc,
964 1178 1039 1248 quod
1056 1176 1110 1230 hac
1126 1175 1234 1229 ratione
1260 1193 1284 1228 v.
1299 1182 1333 1230 3:
1354 1176 1495 1230 Torcular-
1513 1176 1624 1231 calcari
1634 1178 1711 1231 solus
1730 1193 1781 1248 epo
1799 1162 1889 1252 (³525,
1912 1176 2099 1249 Symmachus

399 1285 483 1339 opera
504 1273 599 1323 nostra
619 1284 675 1322 non
697 1273 790 1322 essent
811 1266 848 1321 ad
872 1266 987 1321 classem
1004 1279 1105 1318 causae
1124 1261 1232 1315 merito-
1259 1260 1343 1315 vertit
1359 1260 1532 1333 μονώτατος,
1558 1262 1656 1318 unicus
1675 1271 1705 1318 st
1722 1263 1813 1334 solus,
1838 1280 1922 1335 quam
1941 1264 2099 1319 versionem

399 1355 469 1425 riae,
493 1355 544 1411 sed
559 1354 596 1409 ad
614 1354 729 1409 classem
747 1369 848 1408 causae
866 1349 1081 1405 instrumentalis
1099 1347 1233 1416 recipien-
1260 1346 1365 1418 allegat
1393 1355 1422 1403 et
1451 1349 1577 1420 seqnitur
1605 1349 1734 1405 Justinus
1755 1351 1783 1405 in
1809 1350 1874 1405 dial.
1899 1368 1964 1406 cunr
1989 1350 2097 1422 Tryph

398 1441 434 1497 tis
448 1441 612 1497 *mlerenda
647 1441 736 1512 Atqui
759 1438 945 1494 Bellarminus
968 1443 997 1492 et
1020 1435 1118 1505 reliqui
1144 1432 1232 1505 ponti·
1260 1451 1286 1504 p.
1311 1436 1378 1502 188.)
1397 1443 1423 1488 st
1441 1438 1478 1489 ds
1491 1437 1610 1506 populis
1629 1438 1762 1503 nonfuit
1777 1438 1823 1492 os‘r
1838 1454 1952 1491 mecum.
1988 1438 2055 1493 Act
2073 1445 2099 1501 4,

398 1527 453 1583 licii
478 1527 625 1598 scriptores
648 1533 788 1595 statuunt,
817 1527 854 1581 ad
880 1524 978 1580 salutis
1000 1521 1180 1592 ,efficientiam
1204 1519 1233 1572 in
1259 1538 1284 1574 r.
1308 1526 1351 1576 12:
1377 1523 1444 1576 Nou
1464 1531 1504 1577 est
1525 1524 1556 1576 iu
1575 1524 1634 1578 clio
1652 1524 1751 1593 aliquo
1767 1524 1858 1589 sulus,
1883 1527 1930 1593 (ne
1948 1525 2013 1596 quis
2033 1541 2099 1581 vcro

398 1614 495 1670 ordine
518 1629 618 1669 causae
641 1614 797 1669 meritoriae
818 1615 855 1667 ad
881 1612 1008 1668 meritum
1027 1609 1128 1666 Christi
1153 1624 1232 1678 opor·
1260 1607 1405 1676 existimet,
1423 1607 1506 1662 aliam
1526 1616 1635 1664 tantum
1653 1626 1799 1681 pmscuam
1817 1611 1963 1666 salvatoris
1977 1610 2098 1676 excludi,

397 1705 457 1755 tere
477 1701 608 1755 accedere
636 1707 732 1755 nostra
753 1700 858 1754 merita.
894 1698 970 1769 Ergo
992 1700 1131 1763 statuunt,
1156 1692 1233 1748 Chri·
1260 1692 1419 1763 subjicitur)
1444 1712 1495 1749 uso
1514 1697 1588 1749 enim
1607 1696 1691 1749 aliud
1707 1713 1805 1751 somer
1823 1704 1864 1751 est
1880 1698 1931 1750 sub
1948 1699 2028 1752 codo
2046 1699 2098 1752 du·

399 1792 471 1841 stum
498 1787 527 1841 in
553 1804 604 1841 sua
629 1786 759 1856 passione
782 1802 815 1840 ac
838 1790 926 1840 morte
951 1784 1074 1838 nondum
1098 1782 1180 1851 plene
1205 1784 1234 1833 et
1260 1787 1317 1832 tum
1345 1782 1514 1850 hominibus,
1543 1783 1573 1836 ira
1599 1801 1653 1851 quo
1681 1792 1810 1853 oportent
1838 1800 1890 1837 nos
1913 1784 2010 1837 sulcos
2034 1784 2101 1849 fier-i

397 1872 520 1943 perfecte
549 1873 666 1928 salutem
695 1872 775 1927 nobis
808 1870 1004 1942 promeruisae3
1030 1868 1140 1939 judicet
1169 1883 1233 1921 vero
1260 1868 1426 1934 (excluditur
1449 1886 1516 1941 ergo
1539 1887 1557 1924 a
1575 1869 1672 1925 salutis
1692 1872 1790 1927 merito
1809 1870 1942 1943 quioquid
1960 1870 2100 1926 nominari

398 1960 531 2029 quilibet,
556 1976 592 2014 an
610 1976 659 2030 per
676 1958 728 2014 hoc
746 1976 801 2012 non
818 1958 982 2013 detrahatur
998 1953 1160 2027 perfectioni
1177 1969 1232 2007 me·
1260 1960 1359 2023 potest,
1378 1956 1453 2025 quod
1469 1973 1527 2011 non
1545 1964 1589 2012 est
1605 1955 1751 2024 Christus).
1771 1956 1857 2014 Hebr.
1872 1963 1949 2028 11],1.
1966 1964 2011 2014 ts:
2037 1958 2100 2011 Ura

398 2044 444 2099 riti
466 2043 577 2101 Christi.
619 2045 786 2101 Referuntur
811 2045 848 2098 ad
871 2043 946 2098 hunc
974 2043 1065 2097 locum
1088 2058 1136 2108 ea,
1161 2055 1233 2110 quae
1260 2041 1443 2094 salmiensis
1457 2051 1601 2097 1111111111
1613 2044 1811 2098 consummarit
1819 2044 2100 2115 sunffificutoassrgo

398 2130 427 2184 in
446 2136 567 2185 1111111111
585 2130 620 2186 de
636 2129 780 2202 justificat
800 2126 828 2205 5.
848 2135 888 2185 50.
915 2128 944 2182 in
965 2128 1086 2183 medinm
1104 2124 1233 2198 produxi·
1259 2125 1394 2181 oblationi
1413 2133 1441 2182 et
1457 2128 1579 2198 passioni
1597 2128 1700 2185 Christi
1717 2148 1772 2184 non
1784 2128 2026 2198 soluminchoats,
2047 2129 2099 2184 sed

398 2232 468 2270 mus.
508 2222 533 2272 3.
557 2217 677 2288 Spiritus
701 2235 722 2272 s.
749 2217 778 2270 in
808 2215 957 2286 Scripturis
984 2214 1068 2284 plane
1095 2210 1233 2267 contrario
1259 2218 1288 2266 et
1297 2222 1487 2268 consummata
1499 2215 1574 2269 salus
1585 2214 1790 2282 adscribenda).
1807 2215 1849 2269 Ex
1864 2216 1907 2270 his
1918 2220 1948 2271 et
1959 2214 2099 2270 similibus

399 2302 480 2357 modo
492 2303 619 2372 procedit
636 2320 670 2357 ac
683 2303 867 2359 Bellarminas
887 2302 939 2357 hoc
958 2301 1028 2356 loco.
1063 2299 1136 2363 Quia
1149 2296 1231 2367 justi·
1259 2299 1444 2367 pronuntiatis
1466 2300 1633 2366 innumeris,
1664 2301 1694 2356 in
1719 2301 1821 2372 quibus
1847 2301 1974 2356 Christus
1995 2301 2099 2357 dicitnr

397 2387 513 2444 ficemur
528 2396 556 2444 et
573 2391 713 2444 salvamur
731 2390 792 2443 Dei
808 2390 919 2458 pratia,
955 2405 1022 2459 ergo
1045 2400 1233 2453 1011111111-
1259 2384 1379 2438 salrator
1400 2391 1506 2451 noster,
1534 2388 1573 2442 sic
1599 2388 1806 2444 concludimus:
1842 2387 1924 2452 Quod
1949 2388 1979 2443 in
1997 2389 2097 2445 ordina

397 2476 491 2543 ribus,
526 2476 605 2531 Rom.
624 2483 655 2541 4,
678 2482 746 2533 1.5.
777 2494 801 2533 c.
823 2482 866 2544 11,
884 2493 910 2528 v.
929 2482 953 2531 c.
988 2472 1091 2544 Ephes.
1113 2479 1142 2539 2,
1163 2488 1188 2523 v.
1208 2476 1231 2525 9.
1260 2485 1361 2526 musae
1379 2472 1534 2528 meritoriae
1553 2473 1643 2528 solum
1663 2481 1691 2530 et
1707 2475 1819 2530 unicum
1837 2473 1953 2545 reliquis
1967 2474 2098 2529 omnibu

399 2560 472 2627 Quia
496 2561 683 2632 justificamur
714 2570 742 2617 et
771 2562 910 2616 salvamur
940 2564 1052 2631 propter
1082 2558 1233 2624 Christum,
1259 2555 1378 2610 exclusis
1399 2558 1522 2628 ponitur,
1545 2560 1587 2613 illi
1611 2568 1727 2616 nonest
1745 2560 1823 2616 aliud
1840 2560 1993 2632 quidquam
2013 2560 2044 2615 in
2063 2578 2097 2616 eo

398 2663 466 2719 ergo
485 2665 541 2701 uon
558 2665 593 2701 crs
612 2649 758 2718 operibus,
783 2646 1008 2710 (1111111111.
1044 2644 1118 2709 Quia
1131 2643 1232 2714 justifi-
1259 2658 1360 2697 causae
1385 2662 1488 2716 genere
1516 2647 1684 2704 addendum.
1731 2648 1786 2704 Sed
1815 2647 1918 2702 Christi
1950 2664 2039 2717 opera
2068 2652 2099 2701 et

398 2750 496 2789 camur
523 2742 552 2789 et
577 2735 715 2789 salvamur
739 2736 826 2803 sida,
861 2750 927 2804 ergo
954 2751 1010 2786 non
1037 2750 1069 2785 er
1093 2732 1233 2800 1111111111,
1259 2730 1402 2799 passiones
1420 2731 1449 2785 in
1468 2733 1564 2787 ordine
1581 2749 1682 2789 causae
1699 2733 1854 2789 meritoriae
1873 2732 1991 2788 exclusis
2009 2731 2098 2787 omni·

399 2818 479 2876 Rom.
498 2825 528 2888 3,
544 2836 568 2874 v.
586 2825 627 2876 28.
663 2820 721 2877 Nec
740 2820 819 2874 Deus
833 2818 1041 2889 justificationis
1060 2826 1088 2873 et
1104 2816 1233 2872 salvatio·
1259 2815 1311 2870 bus
1337 2817 1400 2871 aliis
1426 2818 1509 2873 rebus
1536 2819 1634 2874 unicae
1660 2836 1694 2874 ac
1723 2820 1797 2875 solae
1827 2824 1976 2890 ponuntur.
2019 2818 2097 2891 Ergo

400 2905 443 2958 nis
460 2922 545 2974 opera
562 2921 594 2960 eo
611 2907 693 2961 modo
712 2906 859 2974 distribuit,
879 2913 911 2961 ut
928 2923 978 2976 per
989 2904 1092 2960 Christi
1105 2904 1232 2959 meritum
1259 2918 1310 2956 nec
1327 2920 1412 2972 opera
1427 2911 1536 2974 nostra,
1559 2923 1611 2961 nec
1627 2906 1704 2960 aliud
1721 2905 1874 2977 quidquam
1892 2906 1922 2960 in
1941 2922 1975 2962 eo
1992 2922 2097 2979 genere

399 2990 513 3060 quidem
532 2991 730 3062 justificemur,
756 3010 806 3064 per
828 3009 942 3064 operum
966 2998 1060 3046 eutem
1078 2998 1233 3047 nostrorum
1258 3005 1359 3044 causae
1384 2991 1452 3062 ipsis
1481 2992 1649 3046 addendum.
1685 3000 1709 3049 5.
1732 2992 1904 3064 Hypothesis
1927 2992 1991 3061 ills,
2020 2992 2099 3065 qnod

398 3076 498 3131 merita
511 3077 717 3148 justificationis
729 3078 820 3144 tinem,
835 3080 953 3135 salutem
972 3084 1120 3145 aeternam,
1138 3094 1233 3132 conse·
1259 3077 1387 3131 meritum
1416 3077 1518 3133 Christi
1544 3081 1644 3134 nostris
1671 3081 1802 3151 operibus
1825 3080 1881 3134 vim
1904 3078 2032 3135 mmendi
2048 3079 2140 3134 tri·vt

400 3178 532 3234 quamur;
550 3165 600 3220 sed
619 3171 651 3220 nt
662 3166 748 3237 gratis
765 3166 842 3221 nullo
858 3165 1046 3221 intercedente
1063 3170 1158 3220 nostro
1177 3182 1233 3220 me
1259 3161 1341 3231 buat,
1368 3180 1403 3218 ne
1433 3166 1517 3220 unico
1539 3166 1651 3237 quidem
1674 3165 1820 3223 manifesto
1839 3165 2000 3237 Scripturas
2019 3166 2099 3221 testi-

398 3248 453 3302 rito
473 3256 586 3324 propter
604 3250 693 3329 solum
713 3252 853 3307 Christum
873 3250 929 3306 fide
949 3268 999 3306 nos
1018 3250 1168 3321 justificat,
1192 3249 1234 3303 ita
1259 3249 1351 3303 monio
1373 3251 1547 3321 comprobari
1570 3258 1670 3324 potest.
1704 3254 1839 3325 anpiam
1865 3254 1937 3309 enim
1955 3253 2098 3324 operibns,

399 3351 509 3408 quoque
533 3337 621 3409 gratis
639 3338 715 3392 nullo
735 3338 923 3394 intercedente
941 3345 1036 3392 nostro
1055 3338 1151 3393 merito
1170 3352 1233 3408 pro·
1258 3335 1308 3388 scd
1325 3335 1428 3408 ubique
1446 3338 1498 3392 soli
1516 3339 1625 3395 Christo
1643 3338 1757 3410 λύτρον,
1776 3340 1919 3404 redemtio,
1938 3339 2097 3395 satisfmtis

398 3430 461 3493 pter
480 3424 568 3479 solum
588 3423 727 3479 Christum
751 3424 808 3479 tide
829 3442 879 3480 nos
902 3424 1005 3492 salvat3
1028 3423 1093 3478 hinc
1114 3423 1233 3478 dicimur
1258 3427 1287 3474 et
1309 3422 1436 3478 meritum
1456 3424 1637 3491 adscribitur,
1660 3443 1711 3481 nec
1729 3426 1855 3482 Christus
1873 3426 1975 3481 dicitur
1992 3442 2095 3497 psssns

397 3510 506 3579 mutia,
531 3527 588 3564 oon
605 3526 639 3564 er
657 3511 787 3579 operibrsr
804 3510 924 3578 salvati,
947 3510 1048 3579 Ephes.
1069 3516 1099 3577 2,
1116 3527 1141 3564 v.
1162 3515 1185 3565 8.
1204 3516 1233 3564 et
1258 3524 1308 3576 pro
1333 3508 1414 3563 bonis
1437 3511 1537 3565 nocuis
1561 3510 1706 3582 operibus,
1730 3517 1762 3567 ut
1774 3512 1834 3567 illis
1847 3512 1904 3566 vim
1920 3512 2048 3569 merendi
2068 3519 2097 3569 et

397 3596 457 3649 sita
473 3605 590 3651 aeterua
607 3598 714 3651 dieitur
732 3598 792 3652 Dei
808 3599 924 3666 dorum,
943 3596 1020 3652 Rom.
1041 3602 1065 3660 6,
1082 3613 1108 3649 1.
1127 3596 1177 3651 ult.
1199 3614 1232 3652 ao
1258 3593 1384 3650 salvandi
1402 3597 1575 3667 conciliaret,
1599 3599 1648 3653 sed
1665 3614 1715 3669 pro
1734 3599 1973 3670 peccatisnostris
1992 3598 2096 3654 dicitnr

391 3683 463 3751 finis
482 3684 557 3752 fidei
582 3692 709 3752 nostrae,
739 3689 760 3739 1.
783 3683 859 3738 Petr.
886 3688 913 3747 1,
937 3699 963 3737 1.
989 3688 1014 3739 9.
1042 3682 1159 3753 proinde
1176 3700 1232 3737 non
1259 3697 1369 3752 passus,
1393 3688 1426 3737 ut
1451 3700 1485 3739 ea
1510 3683 1648 3754 expiando
1670 3701 1703 3739 ac
1722 3685 1860 3756 justitiam
1886 3686 1966 3741 nobis
1984 3700 2095 3756 prome·

397 3767 483 3824 hebet
508 3767 555 3823 hic
578 3770 668 3825 locum
686 3769 827 3825 distinctio
847 3769 919 3824 inter
936 3769 1054 3830 salutem
1073 3769 1231 3823 inchoatam
1258 3768 1344 3823 rendo
1374 3786 1459 3825 causa
1490 3772 1587 3826 salutis
1617 3772 1646 3826 in
1676 3773 1768 3843 ipsum
1798 3772 1977 3828 credentibus
2011 3779 2093 3828 esset

397 3860 427 3911 et
443 3855 610 3926 perfectam,
638 3872 672 3911 ac
697 3856 721 3910 si
747 3856 796 3910 illa
823 3855 935 3928 quidem
960 3862 1074 3928 proptcr
1092 3855 1230 3911 Christum
1259 3854 1317 3910 Nec
1341 3855 1467 3911 Christus
1494 3874 1583 3929 agnus
1606 3858 1654 3913 ille
1677 3858 1731 3914 Dei
1751 3860 1860 3915 oblatus
1884 3876 1933 3914 seu
1955 3865 2095 3914 mactatus

397 3943 493 4015 gratis,
511 3941 581 3999 haec
598 3959 664 3998 vero
682 3959 716 3999 ex
733 3942 837 3998 meritis
856 3958 970 4013 operum
984 3950 1140 3998 nostrorum
1153 3943 1232 3998 nobis
1259 3943 1465 4014 pronuntiatur,
1488 3952 1520 3999 ut
1542 3945 1691 4000 accedente
1708 3946 1783 4000 illius
1800 3946 1898 4001 merito
1917 3946 1993 4001 bona
2010 3960 2097 4016 opera

397 4029 583 4101 contingerem
612 4029 660 4100 qni
684 4028 757 4083 enim
781 4026 836 4084 fide
857 4028 1041 4099 justificatur,
1068 4030 1091 4084 is
1119 4045 1152 4084 eo
1171 4031 1232 4099 ipso
1259 4035 1354 4084 nostra
1375 4037 1492 4100 peccata
1514 4030 1645 4085 tollerent
1668 4038 1696 4086 st
1714 4032 1830 4087 salutem
1852 4039 1994 4087 aeternam
2013 4030 2095 4088 affer

397 4114 548 4186 adoptatur
577 4114 607 4170 in
635 4113 722 4168 filium
752 4113 806 4168 Dei
838 4120 866 4168 et
893 4113 973 4169 heres
1001 4115 1075 4169 vitae
1103 4121 1233 4170 aeternae
1258 4122 1333 4183 rent,
1358 4116 1408 4171 sed
1429 4124 1462 4172 ut
1482 4118 1542 4186 ipse
1565 4118 1649 4171 unica
1672 4117 1810 4173 oblatione
1835 4117 1959 4173 tollendo
1977 4127 2095 4189 pescate

400 4201 539 4257 scribitur.
570 4202 671 4255 Omnes
683 4217 778 4254 eumue
790 4200 853 4267 filii
869 4202 928 4255 Dei
939 4217 995 4270 per
1014 4203 1104 4268 fidem,
1124 4199 1188 4258 Gal.
1208 4206 1232 4268 3,
1259 4202 1356 4257 mnndi
1379 4220 1412 4257 ac
1430 4209 1632 4260 consummatos
1651 4222 1701 4259 nos
1718 4205 1873 4274 reddendo,
1898 4206 1974 4259 solus
1991 4204 2096 4261 honore

396 4303 422 4344 r.
443 4292 490 4356 263
521 4288 625 4357 quodsi
637 4288 707 4356 filii,
725 4287 821 4355 utique
839 4295 864 4341 et
882 4288 1005 4348 heredes,
1023 4287 1100 4342 Rom.
1113 4294 1137 4355 8,
1150 4307 1175 4344 v.
1187 4294 1233 4357 ¹⁷3
1259 4289 1462 4359 propitiationis
1481 4306 1514 4344 ac
1533 4292 1643 4346 nomine
1661 4291 1805 4346 salvatoris
1816 4290 2012 4347 celebraretur.
2034 4290 2096 4349 Nea

399 4374 448 4443 qui
464 4376 555 4429 credit
573 4375 604 4427 r'u
621 4373 736 4442 Filium,
754 4373 835 4427 labet
852 4375 939 4427 vitum
958 4382 1109 4440 1111111111,
1128 4373 1232 4438 1111113,
1259 4392 1292 4428 eo
1308 4373 1363 4428 tine
1383 4374 1509 4429 Christus
1526 4376 1628 4431 dicitur
1647 4394 1760 4448 passus,
1778 4383 1811 4432 ut
1828 4394 1879 4448 per
1897 4393 1983 4449 opera
1998 4382 2097 4433 nostra

397 4477 423 4515 1.
448 4464 490 4517 36,
516 4476 551 4515 ac
572 4460 631 4514 rita
653 4465 767 4515 aeterna
789 4477 844 4513 non
869 4466 911 4515 est
931 4459 1005 4513 salus
1024 4459 1154 4514 inchoata
1171 4467 1231 4515 tan·
1260 4461 1424 4532 purgatione
1443 4470 1619 4533 peccatorum
1637 4464 1713 4518 facta
1731 4480 1781 4519 nos
1799 4480 1832 4517 ex
1851 4480 1966 4534 operum
1983 4464 2095 4520 illorum

396 4552 471 4615 tum,
494 4547 545 4601 sed
567 4546 699 4617 perfecta.
734 4545 768 4599 Id
788 4545 877 4616 ipsum
896 4546 979 4602 etiam
996 4546 1173 4602 manifestum
1191 4558 1232 4603 est
1259 4547 1356 4602 merito
1376 4548 1503 4614 salvaret,
1521 4549 1570 4603 sed
1589 4549 1780 4619 purgationem
1798 4558 1975 4621 peccatorum
1987 4558 2095 4606 nostro·

398 4632 523 4702 exemplo
545 4632 682 4687 intantum
704 4631 924 4703 baptisatorum,
952 4631 993 4686 uti
1019 4632 1102 4687 etiam
1128 4650 1232 4701 eorum,
1260 4651 1318 4685 rum
1343 4632 1381 4685 δι’
1401 4634 1514 4702 terrori,
1533 4636 1747 4705 perseipsum,
1767 4635 1852 4691 Hebr.
1874 4642 1897 4701 1,
1913 4654 1939 4693 1.
1959 4643 1983 4693 3.
2005 4636 2094 4708 (qnod

398 4717 498 4790 quibus
522 4735 579 4773 non
600 4718 725 4788 suppetit
750 4726 859 4787 tempus
883 4723 947 4788 post
965 4719 1170 4774 conversionem
1187 4737 1231 4776 ex·
1259 4726 1352 4773 tamen
1375 4719 1404 4773 in
1428 4720 1543 4790 vulgata
1565 4721 1691 4775 versione
1715 4722 1814 4778 vitiose
1832 4723 1964 4778 omissum
1982 4726 2038 4791 est)
2055 4722 2095 4779 ie·

398 4810 478 4860 terna
495 4804 569 4859 bona
593 4821 677 4874 opera
694 4803 829 4869 faciendi,
855 4804 909 4859 illis
933 4821 983 4875 per
1005 4804 1231 4875 justificationem
1258 4808 1329 4859 cisse
1356 4805 1465 4861 dieitur.
1507 4805 1536 4861 Si
1559 4805 1661 4862 Christi
1687 4810 1814 4864 meritum
1836 4810 1938 4864 uostris
1964 4810 2096 4882 operibns
2132 4877 2136 4887 1

398 4905 454 4945 non
478 4892 567 4945 solum
591 4890 733 4956 inchoata,
758 4891 808 4945 sed
833 4892 916 4947 etiam
933 4892 1059 4963 perfecta
1077 4893 1151 4948 salus
1169 4912 1232 4950 con·
1259 4892 1314 4945 vim
1339 4891 1462 4948 merendi
1484 4897 1514 4947 et
1537 4892 1663 4947 salvandi
1690 4893 1781 4964 daret,
1805 4895 1829 4950 si
1855 4896 1969 4967 sangnis
1990 4895 2097 4953 Christi

397 4977 489 5050 tingit.
512 4976 550 5031 Et
561 4977 629 5049 quid
641 4976 756 5031 multis?
783 4977 873 5031 Vitam
892 4987 1035 5032 1111111111
1056 4981 1135 5033 dedit
1154 4982 1232 5034 uobis
1258 4980 1298 5034 ita
1315 4978 1435 5050 tingeret
1452 4995 1536 5048 opera
1553 4988 1660 5050 nostra,
1682 4986 1715 5035 ut
1732 4998 1766 5036 ex
1784 4998 1817 5037 eo
1834 4982 1961 5038 meritum
1980 4982 2097 5053 aliquod

399 5066 480 5120 Deus
498 5073 524 5118 st
542 5065 610 5118 hacc
627 5065 686 5119 vitu
706 5065 736 5117 iu
748 5064 826 5118 Filio
845 5065 908 5133 ejus
926 5073 975 5133 sat,
997 5071 1019 5120 1.
1034 5064 1098 5120 Joh.
1112 5073 1135 5136 5,
1149 5084 1174 5120 v.
1189 5074 1232 5131 11ς
1259 5067 1369 5137 propris
1393 5066 1498 5120 dictum
1523 5068 1711 5137 acquirerent,
1737 5077 1804 5124 tunc
1822 5076 1916 5125 essent
1932 5074 1974 5124 tot
1990 5069 2096 5125 Christi

398 5152 448 5221 qui
476 5151 558 5205 habet
574 5152 697 5212 Filium,
727 5150 808 5202 liutet
834 5154 918 5204 citam
948 5159 1105 5221 1111111111,
1136 5170 1162 5209 v.
1194 5160 1232 5209 12.
1259 5160 1288 5206 et
1313 5152 1477 5218 salvatores,
1504 5158 1572 5223 quot
1597 5162 1661 5209 sunt
1685 5155 1757 5211 bene
1782 5163 1936 5226 operantes.
1974 5154 2097 5211 Placent

398 5237 544 5302 Quomodo
574 5253 640 5307 ergo
666 5236 785 5290 salutem
808 5236 961 5306 perfectam
987 5252 1102 5307 operum
1128 5238 1233 5293 meritis
1259 5239 1319 5293 Deo
1337 5254 1422 5307 opera
1439 5243 1542 5305 nostra,
1559 5240 1608 5292 sed
1628 5240 1703 5311 quod
1716 5240 1818 5296 Christi
1839 5241 1981 5313 proprium
1998 5249 2044 5297 est
2062 5258 2097 5297 ac

398 5324 475 5394 prius
500 5329 532 5377 ut
557 5320 695 5393 acquirat,
723 5336 836 5377 neeesse
859 5321 963 5378 habet?
999 5322 1062 5379 Non
1091 5310 1392 5395 negamuulperpetuo
1409 5332 1510 5391 manet,
1528 5324 1659 5381 videlicet
1676 5332 1822 5397 peccatum
1836 5327 1940 5396 tollere,
1957 5327 2027 5382 iram
2041 5328 2096 5386 Dei

397 5407 452 5464 tide
468 5407 635 5479 justificatos
653 5415 681 5463 et
697 5407 818 5462 salvatos
836 5407 907 5463 bene
927 5410 1035 5480 operari
1055 5409 1165 5478 debere,
1182 5411 1232 5464 sed
1257 5412 1376 5482 placare,
1404 5409 1489 5464 vitam
1520 5412 1632 5481 mereri,
1663 5412 1733 5467 illud
1759 5413 1891 5484 operibns
1917 5414 2019 5469 nostris
2038 5432 2096 5472 non

399 5494 482 5565 quod¹
498 5512 549 5566 per
575 5510 689 5566 operum
707 5494 805 5548 men'ta
821 5493 939 5548 salutem
959 5500 1177 5565 consequantur,
1203 5496 1232 5550 id
1256 5496 1482 5551 communicatur.
1524 5504 1548 5553 6.
1576 5497 1650 5562 Quin
1678 5499 1734 5554 imo
1765 5499 1865 5554 nostris
1893 5499 2024 5569 operibus
2052 5504 2095 5558 ris

398 5596 546 5650 negamus,
572 5582 601 5635 in
621 5581 679 5636 solo
695 5578 768 5634 enim
787 5578 898 5633 Christo
917 5580 991 5634 salus
1010 5579 1091 5634 nobis
1111 5583 1232 5652 reposita
1257 5581 1380 5637 merendi
1407 5592 1435 5637 et
1460 5583 1586 5638 salvandi
1612 5601 1668 5639 non
1691 5591 1785 5654 potest
1807 5585 1939 5657 conferri,
1969 5604 2035 5642 cunr
2057 5590 2095 5644 ad

398 5672 448 5721 est.
483 5671 507 5721 4.
528 5666 671 5736 Scriptura
687 5681 766 5720 sacra
783 5680 895 5719 causam
913 5665 1079 5719 meritoriam
1095 5667 1230 5737 justifica·
1256 5669 1332 5722 illam
1355 5669 1512 5740 requiratur
1534 5668 1644 5724 infinita
1666 5670 1755 5723 virtus
1776 5672 1921 5740 merentis,
1946 5674 2095 5730 1111111111·

394 5750 479 5809 tionis
497 5759 526 5807 et
543 5751 703 5809 salvationis
722 5757 832 5808 nocuae
852 5750 1010 5806 describens
1028 5750 1131 5825 ubique
1150 5755 1230 5811 addit
1257 5754 1327 5809 sima
1349 5755 1440 5825 operis
1461 5754 1596 5827 perfectio
1621 5763 1650 5811 et
1675 5758 1818 5828 proportio
1841 5760 1981 5829 quaedam
2004 5778 2095 5819 corre·
