4800 6659
882 1499 1169 1715 nocue
1212 1590 1702 1715 monemus

672 1878 799 2029 sn
877 1876 1240 2034 storo
1320 1777 1918 2032 tremene.

1279 2181 1305 2247 1.

346 2359 383 2401 11.
396 2358 429 2403 ut.
478 2288 633 2398 Absoluta
651 2342 775 2413 generali
789 2349 1024 2400 sacramentorum
1037 2351 1152 2418 θεωρίᾳ,
1170 2343 1278 2414 exposi-
1304 2342 1370 2411 quia
1387 2323 1543 2411 baptismus
1554 2348 1598 2396 est
1614 2341 1791 2413 προπύλαιον
1808 2357 1859 2397 seu
1878 2342 2036 2418 πρόθυρον,
2053 2343 2139 2415 prim

312 2418 428 2513 222⁰&
441 2428 478 2483 tis
506 2427 589 2482 etiam
606 2426 642 2483 V.
660 2427 694 2484 T.
714 2430 908 2499 sacramentis,
932 2435 1020 2486 restat
1035 2436 1067 2485 ut
1085 2430 1114 2484 iu
1132 2430 1224 2501 specis
1242 2428 1278 2483 de
1304 2433 1383 2496 porta
1411 2427 1532 2498 gratiae,
1560 2432 1603 2482 est
1629 2435 1832 2482 sacramentum
1854 2427 2034 2500 initiationis3
2056 2446 2139 2485 coena

310 2530 406 2574 rsus·-
442 2514 621 2569 sacramentis
647 2514 681 2570 N.
707 2514 740 2568 T.
774 2516 903 2571 videlicet
934 2515 970 2571 ds
994 2533 1017 2572 s.
1043 2517 1182 2586 baptismo
1204 2522 1233 2570 et
1258 2532 1278 2568 a
1302 2512 1450 2567 Dominica
1472 2518 1516 2567 est
1540 2522 1742 2568 armamentum
1767 2513 1997 2584 confirmationis3
2018 2531 2070 2586 per
2095 2516 2139 2571 ha·

311 2576 389 2618 ‘'m'‘
441 2614 528 2654 coena
539 2604 681 2654 tractetur.
712 2600 965 2671 “Quaeritarhic,
979 2604 1133 2671 undoqma
1148 2601 1280 2671 baptismi
1302 2597 1434 2667 ptismum
1452 2615 1661 2669 regeneramur,
1680 2616 1730 2669 per
1748 2615 1858 2654 sacram
1876 2616 1992 2656 coenam
2005 2601 2141 2655 nutrimur

439 2686 477 2739 rit
494 2686 717 2753 fundamentum
742 2686 813 2751 fidei
837 2688 962 2756 dopmni
1003 2684 1156 2743 Ostorodus
1182 2687 1277 2742 Photi·
1302 2688 1387 2752 etque
1415 2683 1515 2738 alimur
1538 2684 1574 2738 ad
1600 2684 1686 2738 vitam
1710 2692 1859 2740 aeternam.
1902 2685 1943 2741 Ut
1961 2701 2030 2758 crgo
2048 2688 2077 2741 in
2095 2702 2141 2740 na·

439 2771 540 2825 nianus
559 2770 675 2825 miratur
691 2776 721 2826 et
737 2772 924 2843 conqueritur,
944 2782 1090 2844 tantopere
1108 2792 1196 2844 capric
1216 2791 1277 2827 cnm
1302 2774 1379 2837 tura,
1404 2768 1445 2823 ita
1467 2787 1579 2842 quoque
1607 2772 1636 2824 in
1665 2771 1757 2843 gratia
1779 2772 1856 2841 prius
1879 2779 1922 2827 est
1940 2772 2035 2837 nasci,
2059 2789 2142 2845 quam

438 2857 612 2910 vehementia
637 2875 692 2926 pro
721 2859 879 2927 inmaritata
900 2861 1033 2929 baptismi
1050 2862 1222 2931 depugnari,
1242 2878 1277 2914 ac
1303 2854 1394 2924 pasci,
1418 2857 1545 2926 generari
1570 2874 1654 2928 quam
1679 2857 1862 2928 augmentari.
1897 2857 1954 2913 Per
1974 2860 2143 2930 baptismum

438 2942 467 2995 ri
483 2944 643 2997 nniversam
659 2944 823 3013 sclipionem
835 2945 1027 3000 Otrireiarram
1046 2964 1178 3002 corruere
1194 2964 1277 3016 opor.
1303 2942 1333 2993 in
1350 2941 1449 2996 foedus
1467 2943 1521 2997 Dei
1539 2943 1695 3013 recipimur,
1711 2960 1762 3014 per
1778 2961 1858 2998 usum
1875 2960 1972 2999 sacrae
1991 2961 2098 3002 coenas
2114 2945 2143 2999 in

438 3035 505 3091 teat,
532 3029 581 3082 uhi
610 3046 692 3084 error
716 3031 747 3083 r'n
773 3032 825 3086 troc
852 3033 975 3087 articulo
993 3034 1156 3086 commissise
1173 3035 1276 3102 fuerit,
1304 3044 1336 3081 eo
1362 3043 1564 3084 conservamur.
1608 3028 1664 3083 Per
1691 3029 1860 3100 baptismum
1886 3029 1957 3085 tides
1984 3038 2013 3086 et
2034 3032 2143 3104 reliqua

437 3112 507 3169 Inst-
534 3131 558 3169 c.
580 3121 622 3172 ³9.
650 3114 676 3191 ξ.
702 3123 725 3173 1.
750 3135 778 3187 p.
799 3123 857 3174 346.
887 3135 920 3173 ex
948 3135 1004 3190 quo
1022 3119 1202 3191 intelligitur,
1228 3138 1278 3191 per
1304 3114 1424 3184 Spiritus
1445 3132 1468 3171 s.
1496 3114 1569 3169 dona
1592 3114 1621 3167 in
1645 3114 1726 3169 nohis
1750 3117 1954 3181 accenduntur,
1987 3134 2040 3188 per
2063 3134 2142 3172 usum

438 3198 569 3256 Ostorodi
593 3201 760 3272 hypothesin
788 3210 920 3274 corrupta
940 3206 1068 3260 doctrina
1087 3206 1122 3260 de
1139 3206 1278 3276 baptismo
1303 3215 1399 3253 sacrae
1423 3216 1525 3255 coenae
1545 3208 1684 3272 augentur
1700 3207 1737 3256 et
1764 3201 1968 3256 confirmantur.
2003 3202 2142 3274 Baptismi

437 3288 615 3342 nihilominus
638 3288 800 3359 religionen
825 3290 1011 3345 christianam
1037 3292 1187 3347 consistere
1209 3292 1277 3348 inte·
1303 3284 1395 3356 figura
1412 3287 1564 3356 praecessit
1583 3288 1612 3341 in
1631 3287 1852 3356 circumcisione,
1879 3303 1975 3342 sacrm
1994 3306 2061 3345 vero
2081 3305 2142 3344 cce

437 3390 535 3444 gram3
556 3373 631 3443 quod
647 3389 695 3427 eos
715 3376 825 3438 sentire,
843 3376 942 3429 mirum
953 3394 1009 3431 non
1026 3384 1077 3440 est,
1097 3394 1159 3432 cum
1172 3379 1277 3449 baptis·
1303 3387 1356 3425 11⁸⁶
1378 3372 1408 3425 in
1431 3388 1505 3443 ⁸3⁰0
1529 3373 1661 3442 paschali·
1698 3373 1756 3428 Nec
1782 3374 1911 3445 cuiquem
1936 3382 2016 3444 patet
2038 3376 2076 3430 ed
2100 3391 2141 3430 etr

438 3475 514 3512 mum
531 3463 658 3512 statuant
673 3465 783 3514 tantum
801 3461 883 3514 ritum
899 3464 1278 3534 ertemumomnirpiritnrli
1303 3473 1378 3511 cram
1403 3473 1519 3512 coenam
1545 3458 1654 3525 aditus,
1685 3458 1737 3512 nisi
1763 3474 1843 3512 sacro
1869 3457 2042 3528 baptismate‘
2064 3462 2141 3531 prins

440 3542 543 3598 effectu
561 3544 731 3599 ccstitutnn.
760 3545 815 3600 Sed
833 3546 949 3601 cossas
959 3553 1068 3602 conns:
1090 3555 1111 3602 t.
1124 3551 1198 3620 quod
1211 3550 1277 3605 finci
1304 3542 1390 3597 fucrit
1408 3543 1522 3608 tinctus,
1539 3545 1772 3614 quenadmodum
1791 3544 1820 3598 in
1838 3544 1871 3600 V·
1890 3544 1923 3599 T·
1942 3562 1999 3601 non
2017 3545 2072 3600 nisi
2090 3547 2140 3601 cir

439 3627 543 3698 dogma
561 3629 605 3691 sit,
623 3630 745 3684 ostendit
760 3630 881 3684 medium
899 3638 1010 3688 nostrae
1027 3634 1179 3704 spiritr'ralis
1198 3637 1277 3690 resti·
1303 3629 1417 3683 eumeiei
1435 3630 1472 3683 ed
1490 3631 1645 3701 estmagni
1661 3630 1802 3701 perehtrih
1814 3629 2043 3701 admittebwtur,
2055 3632 2141 3687 Exoti

439 3715 563 3782 tutionis,
582 3730 633 3783 per
651 3716 725 3785 quud
743 3733 938 3788 regeneramur
957 3727 985 3774 et
1002 3737 1180 3790 renovamur,
1198 3721 1277 3776 Chri·
1305 3721 1344 3782 12,
1363 3731 1390 3771 V·
1411 3722 1452 3772 48.
1472 3722 1514 3772 49.

438 3807 513 3854 stum
532 3801 689 3868 induimus,
714 3819 732 3856 a
750 3805 871 3873 peccatis
887 3806 1070 3875 mundamur,
1094 3807 1123 3861 in
1141 3807 1242 3863 foedus
1260 3825 1278 3862 a
1337 3806 1361 3855 ²·
1398 3801 1577 3855 ”Doctrina
1605 3801 1641 3855 de
1673 3801 1810 3872 baptismo
1839 3802 2036 3872 complectitur
2067 3804 2140 3859 illius

439 3885 501 3941 Deo
524 3886 673 3959 recipimur
690 3889 775 3955 etad
795 3889 911 3945 sulutem
931 3898 1073 3947 aeternam
1092 3894 1277 3963 pervenimus,
1302 3886 1527 3957 ὀνοματοὶογίαν
1558 3893 1586 3941 et
1618 3895 1873 3960 rpnypnrcioytcr.
1923 3888 2140 3961 ’Onopernicytr

439 3971 509 4027 illud
538 3979 580 4028 sst
606 3973 814 4030 fundamentsle
843 3975 908 4031 fidei
934 3979 1044 4049 dogma.
1088 3980 1129 4033 At
1154 3980 1210 4033 tale
1235 3962 1439 4045 estimonstrat
1455 3973 1530 4026 vocis
1552 3980 1573 4027 i·
1592 3973 1776 4037 11⁰i³ti01¹01113
1799 3979 1824 4029 2·
1842 3973 2026 4047 ὁμωνυμίανί
2060 3977 2142 4032 aliter

440 4057 543 4129 dogma
561 4060 596 4114 de
611 4059 750 4129 baptismo
762 4077 860 4131 aquae.
890 4062 966 4133 Ergo
985 4070 1008 4119 2.
1026 4064 1122 4118 Omnis
1135 4064 1277 4130 articulus,
1290 4052 1292 4094 l
1305 4059 1379 4112 enim
1391 4064 1505 4112 sumunt
1519 4064 1620 4127 patres,
1639 4058 1720 4112 aliter
1734 4060 1885 4130 Scriptura.
1912 4061 2011 4115 Patres
2024 4062 2081 4118 late
2092 4078 2141 4134 pro

440 4161 496 4214 quo
521 4155 651 4216 corrupto
676 4164 742 4202 vera
766 4147 894 4202 doctrina
912 4148 947 4203 de
966 4148 1058 4203 officio
1077 4149 1180 4204 Christi
1199 4135 1440 4219 ,rlvrjcapn‘smc
1460 4144 1603 4213 flaminib
1633 4146 1793 4213 tactust&
1822 4147 2028 4214 POtm'lttit'ats
2056 4150 2140 4202 lssvti'

440 4235 469 4283 et
486 4230 596 4301 integra
613 4249 673 4286 esse
690 4233 802 4304 nequit,
821 4240 862 4287 est
879 4233 1113 4303 fundamentalis,
1132 4236 1198 4307 quia
1215 4237 1277 4292 iun·
1305 4247 1430 4298 marum,·
1460 4229 1604 4300 Scriptura
1620 4230 1665 4285 vel
1684 4232 1790 4301 tropice
1808 4232 1851 4288 vel
1868 4233 1988 4304 proprie.
2024 4233 2139 4307 'tropice

441 4315 605 4370 elementalis
631 4316 696 4372 fidei
714 4319 848 4372 ardemus
867 4326 910 4374 cst
928 4337 984 4373 non
1002 4320 1091 4373 solun
1110 4321 1159 4391 qui
1177 4322 1277 4376 consti·
1304 4316 1349 4371 vei
1363 4316 1563 4386 metaphorice:
1588 4323 1610 4372 1.
1631 4333 1682 4386 pro
1702 4317 1837 4373 effusione
1854 4317 1975 4389 Spiritus
1995 4338 2032 4384 s.;
2054 4327 2078 4377 t.
2091 4338 2137 4393 pro

395 4441 407 4462 ,
441 4402 496 4455 tuit
512 4401 732 4470 fundamentum,
750 4404 798 4458 sed
816 4406 900 4458 etiam
918 4422 973 4476 quo
989 4405 1065 4460 laeso
1078 4415 1279 4478 consequenter
1304 4419 1387 4457 cruce
1404 4409 1433 4456 ct
1450 4402 1672 4469 calamitatibus;
1699 4410 1723 4459 3.
1744 4422 1794 4474 pro
1814 4404 1932 4458 nansitu
1950 4403 2136 4461 israelitarum

441 4486 532 4557 ipsum
549 4486 760 4543 fundamentum
778 4490 905 4547 laeditur,
936 4490 1072 4545 Doctrina
1090 4494 1126 4548 de
1138 4492 1278 4563 baptismo
1304 4505 1355 4558 per
1374 4505 1449 4542 mare
1468 4489 1597 4552 rubrum;
1617 4489 1660 4542 vel
1680 4489 1881 4558 synecdochice
1898 4508 1949 4560 pro
1968 4490 2136 4547 institutione

440 4570 482 4626 ita
500 4578 542 4627 est
559 4581 726 4643 comparata.
767 4575 808 4631 Ut
825 4576 898 4630 enim
919 4578 954 4632 de
973 4577 1065 4632 officio
1084 4578 1187 4632 Christi
1203 4586 1279 4636 recte
1304 4591 1353 4628 seu
1372 4573 1506 4628 doen-ina.
1541 4573 1671 4643 Proprie:
1694 4582 1714 4629 t.
1733 4575 1885 4645 generatim
1906 4594 1956 4646 pro
1977 4577 2076 4647 quavis
2093 4577 2136 4632 ah

441 4657 590 4726 doceatur,
617 4675 687 4729 opus
717 4667 771 4728 est,
799 4667 830 4715 ut
851 4662 1009 4718 salutariter
1031 4670 1185 4719 mactentur
1209 4663 1278 4719 haee
1303 4660 1425 4727 lutioue;
1456 4666 1479 4714 2.
1506 4660 1648 4729 speciatim
1677 4677 1729 4729 pro
1762 4670 1934 4715 sacramento
1964 4662 2135 4725 initiationisr

441 4743 504 4808 duo,
521 4742 716 4800 beneficiorum
736 4746 895 4817 impetratio
913 4754 942 4802 et
961 4748 1170 4818 impetratorum
1188 4750 1276 4821 appli-
1304 4752 1535 4812 hammavinc.
1575 4747 1738 4816 Synonyma
1762 4747 1818 4801 alia
1839 4754 1963 4817 patrum,
1987 4749 2046 4803 alia
2068 4748 2134 4804 Sori-

440 4831 522 4885 catio.
562 4830 768 4901 Applicationis
792 4834 883 4888 media
909 4841 974 4888 sunt
1000 4834 1115 4890 verbum
1137 4823 1172 4891 et¹
1187 4854 1277 4892 sacra·
1301 4838 1409 4902 ptume·
1450 4830 1582 4886 Patribus
1600 4839 1713 4885 vocatur
1726 4834 1826 4900 prima
1843 4842 1931 4901 porta
1949 4835 2075 4902 prutina,
2098 4836 2133 4887 θ’·

441 4922 535 4971 ments
553 4917 643 4971 ewa
683 4916 806 4972 Priorem
831 4936 896 4975 vero
920 4921 1094 4976 tractationis
1114 4922 1205 4976 locum
1224 4924 1277 4978 sibi
1302 4918 1439 4971 vestitura
1463 4916 1683 4984 Christianismi,
1710 4919 1843 4972 ccclesiae
1862 4919 1959 4986 janna
1976 4927 2031 4976 etc.
2067 4918 2133 4975 Scri·

441 5003 571 5059 vendicat
597 5007 799 5057 sacramentum
824 5004 969 5075 baptismi,
997 5024 1059 5062 cum
1084 5024 1164 5062 sacra
1189 5026 1277 5064 coena
1302 5011 1400 5075 pturae
1420 5009 1486 5058 sunt
1502 5004 1547 5057 vel
1565 5004 1780 5073 synecdochica:
1799 5022 1875 5074 aqna
1893 5004 1978 5060 Hebr.
1992 5012 2032 5074 10,
2052 5024 2078 5062 r.
2098 5012 2132 5063 22

439 5089 516 5158 prius
535 5089 571 5143 sit
591 5096 613 5144 1.
631 5089 817 5156 institutione,
843 5099 952 5147 constat
969 5093 1042 5147 enim
1061 5093 1230 5163 baptismum
1247 5096 1275 5149 in
1306 5098 1327 5145 l.
1344 5089 1408 5146 Juh.
1430 5096 1461 5156 5,
1477 5106 1503 5142 v.
1523 5094 1546 5143 6.
1564 5088 1608 5142 vel
1628 5089 1844 5160 periphrastica,
1870 5092 1973 5160 partim
1991 5091 2029 5146 ab
2048 5108 2132 5147 essen

438 5174 529 5244 primo
557 5175 651 5228 statim
678 5174 713 5231 N.
741 5172 774 5226 Τ.
805 5176 916 5231 exordio
950 5178 1082 5232 divinitus
1109 5179 1275 5249 institutum,
1301 5175 1416 5230 tialibus
1442 5175 1589 5228 lavacrum
1615 5192 1706 5243 aquae
1733 5176 1762 5227 in
1788 5177 1870 5229 aerbo
1896 5176 1968 5247 Eph.
1992 5185 2022 5246 5,
2053 5196 2078 5234 r.
2098 5183 2132 5233 ti.

438 5266 640 5314 sacramentum
672 5265 764 5313 nutem
793 5277 896 5316 coenae
922 5263 1086 5320 Dominicae
1116 5265 1275 5319 immediato
1301 5262 1404 5331 partim
1433 5259 1469 5314 ab
1489 5260 1590 5316 effectu
1609 5262 1753 5315 lavacrum
1772 5265 1994 5330 repancrationia
2013 5273 2041 5318 at
2059 5282 2132 5319 rona·

439 5354 503 5401 ante
524 5346 679 5416 passionem
700 5344 815 5409 Christi,
842 5346 895 5401 hoc
915 5356 956 5404 est
973 5351 1092 5405 triennio
1112 5351 1221 5421 integro
1247 5359 1276 5407 et
1301 5349 1423 5402 vationir
1441 5346 1497 5401 Tit
1516 5353 1540 5411 3,
1557 5364 1582 5402 v.
1603 5354 1626 5402 5.
1647 5349 1831 5416 interropatio
1848 5350 1936 5403 honae
1953 5351 2133 5405 comantia

439 5433 515 5502 quod
535 5431 657 5486 excurrit
679 5440 742 5502 post
767 5432 899 5502 baptismi
922 5434 1130 5491 institutionem.
1167 5440 1193 5489 2.
1215 5440 1274 5491 Ad·
1301 5437 1331 5489 in
1349 5437 1443 5489 Deum
1464 5441 1486 5490 1.
1504 5433 1579 5489 Petr.
1598 5439 1628 5501 3,
1647 5451 1674 5489 v.
1693 5440 1734 5488 21.
1754 5433 1799 5488 vel
1817 5435 1928 5505 typica:
1953 5438 2133 5500 circumcicis,

438 5518 661 5585 ministratione,
694 5517 761 5588 quia
788 5516 929 5572 Johannes
959 5528 988 5574 et
1014 5521 1142 5592 discipuli
1171 5521 1275 5578 Christi
1301 5538 1372 5591 qaae
1395 5523 1432 5590 fit
1461 5521 1521 5575 cine
1555 5521 1682 5573 manibus
1718 5518 1775 5575 Col.
1804 5526 1834 5590 2,
1866 5538 1899 5576 r:
1927 5529 1968 5579 ll.
2001 5525 2189 5621 dilemma„

437 5601 630 5673 baptizarunt,
653 5620 718 5658 cum
744 5620 823 5658 sacra
846 5621 933 5659 coena
956 5607 1080 5660 nundum
1106 5614 1178 5663 esset
1197 5610 1274 5663 insti·
1301 5607 1402 5662 Psalm.
1422 5614 1464 5675 29,
1482 5624 1508 5660 v.
1530 5613 1567 5661 10.
1602 5611 1838 5678 Hpayparolcyta
1857 5614 1983 5663 versatur
2001 5611 2078 5667 circa
2093 5622 2189 5691 neiryt

438 5694 512 5757 tuiti,
547 5687 647 5746 Mttth.
666 5696 696 5759 3,
715 5706 741 5744 v.
761 5696 785 5746 6.
803 5689 867 5747 Joh.
889 5697 918 5760 4,
938 5709 962 5744 v.
982 5696 1007 5749 2.
1025 5697 1079 5748 etc.
1115 5696 1142 5751 3,
1157 5695 1274 5763 Ordine,
1300 5693 1421 5751 cessaria
1445 5699 1474 5749 et
1499 5692 1633 5748 libetv*
1673 5693 1838 5768 Βαπτισμός
1861 5701 1890 5748 et
1911 5695 2061 5773 βάπτισμα
2084 5694 2189 5754 duilli
