4800 6659
933 553 1331 640 onnonsoenunus.
1937 570 1976 629 rr

288 727 443 775 aedronem
466 719 574 774 meritis
597 735 764 788 comparare
786 735 942 789 possumus.
978 713 1118 771 Honorius
1145 715 1249 770 semine
1268 722 1322 773 eto.
1348 719 1383 771 de
1408 717 1468 772 uita
1485 725 1600 772 aetem
1616 717 1733 783 scimus,
1757 722 1834 789 quod
1849 737 1906 794 non
1924 719 1980 772 rint

285 806 440 878 augustod.
461 805 490 860 in
515 805 619 862 Psalm.
636 812 666 861 5:
694 805 811 860 fideles
833 813 898 859 sient
921 803 1119 857 misericordia
1145 804 1303 872 condipnae
1327 805 1478 875 passiones
1512 806 1597 876 bajus
1619 804 1753 876 temporis
1782 808 1823 860 ad
1850 809 1979 869 sauram

286 902 345 961 tuo,
371 894 407 946 id
428 900 542 946 estnon
560 911 656 947 eorum
675 893 789 962 merito,
813 894 865 947 sed
880 899 929 944 tua
947 889 1044 960 pratia
1061 887 1118 942 sai·
1144 889 1280 960 pieriam,
1308 908 1359 946 nee
1387 893 1414 946 si
1439 909 1511 946 unus
1539 911 1631 946 omnes
1656 892 1800 947 seudnoot.
1841 910 1920 948 serm.
1943 891 1979 948 da

284 978 346 1034 rati
382 978 412 1032 in
434 978 499 1034 dial.
526 979 561 1034 de
586 978 722 1050 praedest
746 985 774 1036 et
797 977 845 1034 lib.
869 977 964 1033 arbit:
991 977 1118 1046 Repnum
1145 976 1257 1054 nativit·
1276 977 1381 1034 Mariae
1405 979 1457 1035 eol.
1478 983 1542 1034 213:
1572 979 1745 1041 Quaeramus
1768 981 1907 1050 qratiam,
1928 980 1980 1033 sed

284 1064 423 1119 coelerum
439 1083 496 1119 non
515 1067 664 1119 secundum
685 1067 797 1132 merita,
816 1067 867 1119 sed
885 1065 1042 1118 seeundum
1054 1079 1119 1131 pra·
1145 1064 1266 1131 qratiam
1297 1067 1377 1135 apud
1399 1067 1494 1119 Deum
1522 1071 1573 1121 eto.
1601 1074 1738 1135 quaerant
1764 1066 1820 1119 alii
1843 1068 1979 1136 meritum,

285 1153 348 1205 tiam
374 1153 472 1207 datur.
511 1151 590 1213 Quid
613 1153 685 1205 enim
709 1160 841 1215 meretur,
867 1151 926 1204 nisi
949 1150 1052 1202 arabum
1076 1146 1119 1200 oei
1146 1166 1196 1202 nos
1227 1150 1351 1203 inuenire
1379 1151 1501 1219 pretinm
1531 1152 1700 1207 stueieamus.
1743 1150 1883 1206 Concedite
1915 1169 1978 1206 con·
1992 1175 2051 1216 vm,
2067 1174 2110 1218 tia

280 1255 333 1307 pro
351 1239 453 1290 merito
472 1245 612 1306 cumesses
633 1239 694 1308 ossis
712 1256 730 1291 a
750 1240 813 1293 Deo
831 1237 1008 1307 praemium!
1033 1234 1118 1289 Bern-
1146 1236 1276 1289 amentias
1299 1245 1406 1291 uestras
1430 1244 1455 1291 ct
1473 1238 1577 1306 uidete,
1600 1237 1649 1290 ubi
1665 1238 1818 1292 abundauit
1838 1239 1978 1309 rubetam,

284 1323 385 1378 bardus
398 1341 478 1379 serm.
498 1333 518 1378 1.
538 1324 574 1379 de
592 1329 707 1378 annunt
725 1323 776 1379 eol.
800 1330 859 1379 106:
880 1323 945 1376 Non
963 1320 1036 1374 tolia
1056 1327 1120 1374 ment
1146 1323 1356 1390 superabundat
1388 1330 1412 1376 et
1442 1323 1547 1391 pratia.
1600 1323 1703 1377 Maria
1735 1342 1789 1378 non
1817 1326 1978 1395 praetendit

284 1411 425 1464 bominum
450 1411 562 1475 neema,
585 1418 615 1464 ut
624 1418 743 1480 propter
762 1426 796 1463 ea
814 1411 871 1463 uita
889 1417 1003 1463 aeterna
1022 1408 1119 1460 debea-
1146 1407 1289 1476 meritum,
1318 1411 1370 1462 sed
1396 1410 1520 1477 qratiam
1551 1411 1669 1480 quaerit.
1704 1409 1734 1464 in
1761 1410 1831 1466 ferto
1858 1411 1979 1466 omnium

284 1505 326 1548 tur
341 1512 376 1549 ea
390 1497 477 1564 jure,
496 1506 544 1549 aut
565 1498 644 1549 Deus
661 1496 798 1565 injuriam
818 1495 908 1548 relicui
918 1496 1043 1563 faceret,
1063 1493 1122 1546 nisi
1146 1499 1302 1547 sanctorum
1320 1511 1400 1551 serm.
1424 1502 1444 1550 l.
1462 1495 1513 1550 eol.
1534 1501 1598 1550 224:
1623 1494 1699 1557 Quid
1711 1504 1805 1566 potest
1818 1514 1876 1550 esse
1891 1499 1980 1551 omnis

284 1600 341 1635 eom
363 1584 493 1634 donaret.
529 1583 605 1635 Nom
623 1590 654 1634 ut
673 1588 794 1652 taceam,
814 1583 891 1652 quod
907 1580 1007 1634 πιεπίεα
1025 1579 1119 1634 omnin
1145 1587 1243 1633 nostra
1256 1582 1373 1649 justitia
1391 1599 1486 1636 eoram
1504 1583 1589 1635 Deo!
1607 1600 1699 1635 nenne
1711 1583 1797 1652 juata
1812 1584 1980 1654 prephatam

284 1670 340 1722 Dei
356 1669 437 1722 dona
454 1675 517 1721 ssent
536 1669 620 1721 etita
638 1669 719 1722 bomo
738 1670 829 1737 mapis
845 1675 964 1737 propter
982 1667 1037 1719 ista
1056 1668 1118 1718 Deo
1145 1666 1220 1720 reiut
1233 1685 1349 1736 pannus
1366 1677 1552 1723 menstruatae
1566 1670 1760 1740 reluctabitur?
1778 1678 1804 1724 et
1815 1671 1841 1723 si
1853 1671 1980 1723 districte

283 1756 392 1808 debs'tor
418 1763 475 1819 est,
499 1772 582 1824 ossam
606 1757 685 1809 Deus
707 1757 827 1824 bomini,
851 1755 921 1825 quid
937 1762 1000 1808 sunt
1018 1755 1119 1806 merita
1139 1752 1303 1823 judicetur,
1329 1755 1437 1824 injusta
1461 1757 1617 1810 inuenietur
1642 1757 1733 1810 omnis
1744 1757 1863 1826 justitia
1883 1764 1979 1810 nostra

284 1843 376 1895 omnia
408 1843 451 1895 ad
477 1850 580 1894 tantam
607 1842 751 1911 pieriam!
782 1859 860 1897 serm.
891 1847 928 1896 15.
960 1841 989 1894 in
1017 1840 1118 1893 Psalm.
1146 1846 1172 1892 et
1190 1840 1281 1892 minus
1295 1841 1406 1897 babens.
1439 1842 1592 1912 Quiderpo
1606 1844 1775 1912 depannatis
1788 1844 1848 1911 erit,
1867 1842 1980 1913 pando

285 1927 334 1992 Qui
351 1927 480 1981 habitat:
511 1928 610 1980 Totum
630 1928 749 1982 bominis
768 1927 897 1981 meritum
913 1934 966 1993 en,
990 1926 1016 1978 si
1032 1933 1118 1979 totam
1144 1944 1179 1980 ne
1204 1927 1267 1995 ipsa
1292 1928 1403 1996 quidem
1416 1946 1473 1998 pro
1491 1944 1521 1981 se
1536 1929 1644 1996 poterit
1662 1931 1832 1998 respondere
1843 1928 1981 2000 justitia!

284 2031 358 2084 sporn
377 2031 459 2067 mam
476 2021 568 2084 ponat
585 2014 614 2067 in
633 2030 672 2081 eo,
693 2013 744 2084 qui
760 2021 844 2066 totam
863 2013 999 2067 bominem
1011 2012 1119 2065 salvem
1146 2013 1303 2081 Propterea
1332 2014 1430 2068 obniae
1459 2032 1519 2068 cum
1547 2016 1690 2084 propbeta
1715 2015 1884 2070 clamantes:
1915 2016 1981 2070 Non

285 2101 361 2164 facit.
398 2116 478 2153 serm.
497 2105 539 2154 61.
558 2099 586 2153 in
605 2098 698 2154 Cant:
718 2099 853 2154 Meritum
870 2116 960 2153 meum
978 2098 1120 2152 miseratio
1147 2099 1234 2152 intres
1251 2100 1279 2152 in
1291 2100 1437 2169 judicium
1455 2118 1516 2153 cum
1535 2119 1613 2155 sertio
1631 2108 1687 2166 tuo,
1706 2102 1845 2156 Domine!
1863 2098 1981 2156 totabu'·

286 2185 412 2242 Domini.
440 2185 488 2242 lib.
510 2185 636 2256 Lipsius
656 2185 771 2241 ritaee.
794 2191 837 2240 13:
856 2186 968 2249 Fateor,
987 2203 1043 2237 non
1060 2202 1121 2237 sum
1147 2186 1265 2239 militate
1291 2188 1333 2239 ad
1358 2187 1583 2240 misericordiam
1606 2204 1799 2259 recurramus,
1825 2206 1896 2258 quae
1918 2188 1982 2243 sola

287 2273 388 2342 ἀίφππι
415 2287 480 2341 epo,
505 2288 555 2324 nee
576 2273 708 2342 propriis
735 2273 842 2325 meritis
864 2289 981 2341 possum
1004 2288 1120 2341 repnum
1146 2280 1237 2341 potest
1261 2273 1373 2327 salvare
1396 2274 1508 2327 animas
1526 2281 1647 2327 nostras.
1683 2273 1712 2328 in
1730 2273 1833 2333 Psalm.
1857 2274 1912 2340 Qui
1933 2274 1983 2329 ha-

286 2360 408 2412 obts‘nere
433 2358 591 2424 coelorum·
616 2367 735 2412 ceterum
760 2359 901 2411 Dominus
919 2376 995 2412 nicus
1012 2357 1123 2428 displiei
1147 2358 1221 2413 bitat
1238 2376 1317 2414 serm.
1336 2365 1360 2416 9.
1381 2359 1431 2414 col.
1447 2364 1512 2416 ³03:
1539 2361 1594 2428 Tu,
1623 2361 1757 2430 Domine,
1785 2377 1813 2415 es
1831 2377 1896 2431 spes
1911 2378 1983 2428 mea,

283 2445 346 2512 juro
376 2445 455 2499 iasa
483 2440 626 2514 possidet,
660 2444 812 2498 hereditate
841 2446 939 2498 Patris
973 2452 998 2498 et
1025 2445 1121 2498 merito
1148 2448 1218 2501 baec
1239 2465 1298 2500 una
1322 2447 1391 2500 msbi
1413 2447 1534 2501 omnium
1553 2448 1773 2515 promissionum
1790 2466 1891 2519 carisa,
1913 2449 1982 2503 baec

283 2532 436 2600 passionis,
455 2531 546 2586 altero
566 2531 625 2601 epse
643 2539 793 2600 contentus,
813 2532 1015 2585 alterummibi
1026 2533 1121 2586 donat.
1148 2540 1208 2587 tota
1237 2533 1314 2588 ratio
1344 2549 1421 2586 meae
1450 2534 1670 2603 carpocratianis.
1712 2536 1887 2588 Praetendut
1909 2534 1983 2589 alter

287 2617 410 2688 (Excipit
427 2616 627 2684 Belluminns,
646 2616 836 2672 Bernhardum
855 2616 908 2671 hoa
925 2623 1032 2672 tantum
1050 2617 1121 2672 velle
1149 2621 1290 2684 meritum,
1315 2620 1451 2673 sustinere
1475 2638 1504 2673 se
1517 2620 1609 2689 jactet
1624 2622 1740 2690 pondus
1760 2621 1820 2674 diei
1838 2628 1863 2674 et
1880 2629 1982 2691 aestus,

290 2711 310 2757 1.
328 2705 408 2773 qssod
424 2704 484 2757 uita
503 2712 619 2757 aeterna
637 2722 693 2757 non
712 2705 845 2758 debeatur
871 2704 978 2757 meritis
1003 2720 1035 2757 ee
1052 2705 1121 2773 jure
1141 2707 1279 2775 jejunare
1301 2707 1342 2760 bis
1366 2707 1395 2760 in
1419 2706 1554 2760 saetosus
1573 2707 1665 2775 dieat,
1687 2715 1829 2778 postremo
1850 2726 1904 2763 non
1923 2724 1982 2763 esse

288 2791 424 2857 absolute,
451 2791 518 2860 quia
542 2791 642 2845 merita
660 2798 894 2861 praesupponunt
912 2798 938 2843 et
955 2790 1078 2859 aratiam
1095 2797 1121 2844 et
1148 2794 1219 2847 πἰπι
1251 2802 1356 2848 eeteros
1382 2794 1506 2847 bomines
1531 2794 1685 2863 gloriatum
1716 2794 1786 2848 mibi
1814 2802 1907 2849 autem
1930 2795 1982 2850 ad·

284 2877 515 2945 promissionem,
538 2878 760 2948 praesupposita
781 2885 872 2931 auum
889 2879 984 2946 pratia
1003 2886 1029 2930 et
1050 2895 1120 2946 pro·
1148 2881 1265 2935 numere
1293 2882 1357 2934 Deo
1385 2881 1485 2934 benum
1510 2888 1562 2951 cst,
1586 2898 1692 2950 ponere
1715 2881 1744 2935 in
1769 2881 1892 2936 Domino
1918 2883 1982 2936 Deo

287 2965 415 3017 missione
447 2964 545 3017 deberi
569 2981 601 3017 ec
626 2964 707 3033 pure,-
738 2966 766 3019 2.
795 2966 872 3034 quod
898 2963 998 3017 merita
1024 2972 1121 3017 nostra
1148 2984 1224 3037 spem
1247 2983 1345 3020 meam.
1384 2966 1503 3036 Sperent
1526 2966 1555 3019 iu
1577 2967 1645 3020 aliis
1668 2968 1724 3021 atii
1742 2975 1793 3023 ete.
1815 2975 1933 3038 propter
1957 2974 1983 3020 te

286 3069 337 3106 son
356 3052 415 3105 sint
437 3067 470 3104 ec
487 3050 575 3114 nobis,
595 3052 647 3104 sed
659 3067 691 3104 ee
704 3051 763 3103 Dei
773 3051 986 3118 misericor-aim
1004 3053 1030 3103 3.
1046 3052 1123 3120 prod
1148 3054 1242 3107 omnia
1261 3052 1429 3107 detrimenta
1443 3052 1505 3118 feci
1521 3059 1548 3106 et
1565 3061 1596 3106 ut
1614 3038 1740 3107 stercora
1759 3055 1896 3113 arbitror,
1915 3066 1981 3119 qua

281 3139 420 3206 fortassis
444 3145 501 3190 tum
523 3153 556 3191 ec
580 3136 750 3203 bumilitate,
779 3153 849 3207 quae
868 3137 993 3206 propria
1023 3137 1121 3190 merim
1147 3141 1224 3194 niam
1247 3148 1289 3209 tu,
1314 3139 1452 3207 Domine,
1478 3155 1507 3192 es
1524 3156 1588 3208 spes
1605 3157 1664 3193 mea
1683 3144 1735 3195 etc.
1752 3140 1839 3209 plane
1856 3153 1912 3188 non
1933 3137 1979 3189 da

286 3225 408 3292 ianorut,
429 3230 489 3276 tum
507 3239 541 3276 ea
559 3222 755 3277 incertitudine
768 3222 908 3293 propriae
927 3223 1039 3292 oratioe
1052 3241 1121 3293 pru-
1148 3227 1283 3296 retinquit
1305 3233 1452 3297 sperantes
1471 3226 1499 3278 in
1520 3242 1562 3290 se,
1585 3227 1733 3296 adjurabit
1753 3239 1799 3276 eos
1818 3228 1844 3274 et
1866 3230 1942 3275 eruet
1961 3239 1979 3276 a

287 3312 384 3364 denter
408 3326 467 3363 non
490 3311 609 3373 continua
628 3310 724 3377 suerit
748 3309 778 3362 in
801 3310 907 3363 meritis
925 3313 997 3378 suis,
1022 3311 1075 3364 sed
1091 3310 1121 3363 in
1143 3313 1339 3384 peccatoribus
1357 3321 1383 3366 et
1399 3311 1519 3367 salvabit
1537 3329 1602 3378 eos;
1621 3311 1727 3383 prore!
1745 3308 1842 3378 mribus
1853 3308 1980 3361 meritis!

287 3397 347 3451 solo
366 3397 568 3451 masmicordia
585 3396 712 3450 Domini.
747 3395 787 3450 At
804 3393 872 3451 haee
892 3396 983 3450 omnia
1000 3396 1121 3452 nondum
1149 3401 1221 3454 audi
1238 3400 1315 3469 quod
1333 3399 1472 3468 sequitur:
1492 3398 1559 3468 qnia
1578 3401 1758 3468 spmaacruat
1777 3393 1807 3446 in
1826 3411 1865 3460 eo,
1888 3393 1978 3448 duicir

286 3483 465 3538 satisfaciunt
494 3481 648 3538 Bernhardi
683 3482 779 3553 dietim
816 3482 920 3554 allegat
955 3498 1022 3537 sanc
1049 3482 1121 3538 hane
1148 3505 1249 3551 causa,
1268 3493 1391 3539 attamen
1410 3485 1529 3554 efficax,
1554 3491 1677 3537 attamen
1695 3479 1917 3550 irrefrapobilis,
1936 3476 1976 3529 ni-

286 3586 370 3625 umm
405 3585 536 3634 eausam,
575 3568 650 3641 quod
683 3568 787 3625 moritis
816 3586 873 3624 non
902 3567 1037 3626 debeatur
1064 3570 1122 3624 rita
1147 3574 1249 3628 mirum
1266 3572 1336 3626 baec
1354 3578 1394 3625 est
1411 3570 1541 3642 justitia,
1568 3571 1620 3624 scd
1636 3582 1705 3634 qusue
1721 3567 1826 3633 enfide
1842 3573 1893 3626 eds
1919 3578 1976 3616 '¹0¹⁸

286 3662 401 3712 scisma
418 3672 452 3712 ex
467 3657 546 3728 jure,
565 3654 631 3729 qais
650 3654 756 3711 scilicet
776 3655 838 3726 ipss
853 3655 953 3711 merita
972 3661 1122 3712 nascuntur
1148 3678 1220 3732 queue
1238 3676 1270 3714 sc
1289 3659 1357 3728 leae.
1392 3674 1471 3713 sum.
1493 3662 1534 3713 10.
1554 3655 1606 3712 eol.
1627 3655 1689 3740 ³95:
1713 3645 1796 3700 Dicit
1808 3650 1899 3718 fila-⁶
1919 3667 1975 3719 pa·

287 3759 319 3798 or
343 3742 451 3816 grstia,
478 3743 528 3797 scd
547 3747 692 3813 pmctcrea
709 3741 792 3797 etiam
809 3741 881 3797 hanc
901 3741 1019 3815 allegat,
1046 3743 1120 3816 qnod
1147 3755 1214 3802 rata
1243 3753 1307 3800 sunt
1336 3762 1439 3814 maana
1469 3751 1495 3797 et
1524 3728 1748 3799 inuidiam&
1772 3733 1840 3788 bom
1866 3751 1885 3787 α
1911 3737 1974 3786 0⁴0

286 3830 447 3886 meritorum
472 3829 509 3883 ad
531 3828 648 3902 gloriam
666 3829 739 3884 ritae
758 3835 887 3885 aeternae
909 3829 1040 3884 uallauit
1060 3847 1120 3902 pro·
1147 3834 1278 3897 fidelibus
1297 3832 1369 3894 suin
1394 3830 1464 3884 dicit
1481 3823 1556 3883 1⁶⁸³
1574 3813 1644 3867 mibi
1659 3814 1714 3868 ‘'il“
1731 3823 1887 3884 '‘miv''
1907 3833 1972 3870 ”am

285 3917 383 3989 portio.
420 3915 558 3988 Loquitur
577 3915 659 3971 eflam
687 3916 723 3970 de
746 3933 777 3971 sc
798 3922 910 3987 renato,
932 3915 1049 3987 proinde
1065 3934 1120 3971 non
1147 3920 1231 3975 tertia
1249 3919 1361 3988 quidem
1380 3916 1491 3970 capsas,
1510 3916 1603 3968 ΜΝ),
1621 3902 1668 3969 ⁰⁸²2
1688 3903 1730 3953 ⁰1²
1747 3900 1802 3954 ²7(ss
1831 3917 1911 3969 'erm-
1932 3907 1972 3959 ¹5·

286 4001 475 4075 disparibus
498 4020 532 4059 ex
557 4002 620 4057 salis
644 4002 723 4058 liberi
750 4001 857 4057 arbitrii
875 4001 995 4068 viribus,
1019 4003 1067 4058 aed
1088 4019 1121 4058 ex
1147 4007 1196 4062 ool.
1225 4011 1289 4063 321:
1326 4006 1387 4060 Huc
1414 3995 1499 4043 ΨΜ
1525 3986 1644 4042 'minimi
1671 3989 1808 4058 menium,
1836 3990 1865 4042 ’ἶ
1886 3995 1973 4044 imm

286 4089 377 4160 gratia
399 4088 482 4144 factis
504 4088 687 4161 intelligenda
707 4087 795 4158 ipsias
814 4089 896 4143 dieta
932 4089 1070 4161 Loquitur
1087 4106 1121 4145 ex
1147 4110 1224 4162 spem
1243 4073 1974 4151 mmporatinaa,m1itotumb0min0msaloum

287 4193 351 4231 vera
364 4175 522 4230 hnmilitate
540 4175 638 4230 merita
655 4175 815 4246 ignorante,
838 4176 960 4231 sednon
981 4176 1070 4231 solum
1087 4192 1121 4231 cx
1146 4179 1226 4243 feeit.
1261 4187 1339 4227 serre·
1363 4167 1399 4217 li·
1415 4161 1443 4214 11¹
1462 4158 1541 4215 cant.
1560 4159 1611 4215 ⁰⁰¹·
1629 4165 1693 4216 5²8²
1720 4161 1868 4231 Eiaiim
1886 4181 1972 4232 W·

287 4261 456 4332 humilitate,
474 4260 522 4317 sed
540 4260 622 4315 etiam
640 4277 674 4316 ex
693 4261 826 4331 veritate3
846 4278 898 4317 nec
915 4262 951 4318 de
968 4262 1121 4318 misericor·
1147 4262 1248 4319 tunsis
1262 4248 1362 4302 Μία
1381 4256 1404 4300 0²
1423 4247 1524 4302 ⁶2⁶0&
1541 4247 1676 4316 imbrii,
1692 4248 1790 4302 maim·
1808 4254 1847 4301 “i
1865 4250 1973 4304 '’iiiiii'-

289 4347 335 4403 uu
351 4347 406 4404 nn
422 4347 452 4402 u
470 4346 580 4403 censu
597 4346 676 4401 noun
697 4346 840 4417 proponti
858 4346 980 4417 dubius,
1004 4349 1054 4404 nn
1072 4349 1120 4404 ab·
1147 4335 1244 4396 mdia
1262 4334 1381 4389 nomm·
1397 4351 1482 4405 aar
1506 4335 1587 4388 aa.
1628 4335 1748 4405 naeu,
1773 4352 1829 4388 ποπ
1854 4337 1975 4391 uacua

286 4437 361 4506 jem
383 4436 458 4491 omni
483 4435 512 4490 in
535 4435 632 4489 merita
654 4433 768 4505 propria
797 4441 824 4490 et
853 4434 1016 4507 dignitatem
1042 4444 1118 4477 ‚uum
1139 4424 1254 4495 pondus
1274 4421 1334 4475 diei
1351 4428 1377 4474 et
1393 4428 1495 4484 aestsss,
1514 4421 1566 4474 sed
1576 4421 1677 4490 jupam
1692 4437 1776 4475 suere
1790 4430 1815 4476 et
1829 4439 1898 4476 onus
1914 4423 1973 4478 iere

289 4521 390 4578 fiduci,
407 4523 436 4578 in
454 4522 536 4577 ,mico
556 4519 658 4576 chrigfi
675 4521 774 4575 merito
793 4519 848 4575 fide
864 4521 943 4564 amna
960 4507 1119 4580 acquiescit,
1139 4527 1196 4580 pro
1222 4508 1393 4578 beneplacito
1415 4507 1643 4576 patrisfamilias
1663 4515 1756 4578 porto.
1794 4507 1866 4578 Opus
1883 4526 1973 4564 meum

289 4607 317 4662 id
340 4609 415 4681 quod
435 4625 469 4662 θ,
488 4604 636 4661 2151310012
654 4614 697 4662 est
715 4595 913 4664 ohnmimum.)
948 4611 1028 4650 serm.
1051 4601 1074 4651 1.
1091 4593 1119 4648 in
1143 4597 1190 4652 sie
1215 4595 1298 4649 unius
1324 4601 1365 4647 est
1392 4594 1479 4648 iserae
1501 4601 1527 4646 et
1551 4595 1578 4646 si
1597 4595 1681 4664 plns,
1710 4608 1782 4663 prce
1805 4610 1899 4650 rmore
1916 4615 1973 4652 non

290 4700 401 4750 munt,
422 4693 558 4749 001·106;
587 4691 691 4747 Gloria
714 4693 813 4739 nostra
830 4683 900 4736 baec
919 4690 973 4750 est,
1000 4681 1119 4736 testimo·
1145 4683 1242 4738 sentio.
1277 4682 1410 4735 «Iudaeus
1422 4681 1559 4752 proprias
1580 4682 1709 4735 exercitet
1725 4678 1802 4751 mres,
1822 4681 1893 4736 mibi
1903 4701 1972 4753 pro-

290 4782 364 4835 ,εφη
381 4779 569 4834 concientiae
586 4781 707 4842 nostroe,
725 4789 781 4825 non
798 4770 911 4839 quidem
925 4767 982 4821 tale
999 4768 1120 4821 testimo-
1146 4770 1213 4823 bure
1232 4769 1310 4836 iicet,
1333 4784 1406 4837 quae
1423 4769 1459 4821 sit
1479 4768 1609 4821 uoluntas
1627 4764 1744 4821 Domini
1761 4764 1831 4820 bona
1849 4777 1876 4823 et
1894 4771 1972 4824 bene·

290 4868 379 4934 mum,
404 4866 488 4936 quale
506 4862 641 4932 serpenbus
660 4859 709 4912 iiie
729 4857 901 4910 Pharisaeus
920 4855 1049 4922 babebat,
1073 4853 1123 4923 qni
1132 4883 1133 4904 ι
1142 4856 1261 4925 placens
1281 4863 1308 4909 et
1326 4856 1471 4923 perfecta,
1495 4870 1527 4906 ee
1545 4870 1579 4907 ea
1595 4870 1664 4906 sane
1682 4851 1772 4919 olearia
1792 4871 1824 4907 ac
1840 4858 1973 4926 temporis

291 4955 405 5008 ,eduma
427 4961 453 5007 et
470 4949 626 5006 seductrice
644 4944 814 5015 capitatione
831 4937 1016 4995 testimonium
1037 4942 1072 4994 de
1092 4922 1133 5008 sei
1146 4944 1253 4996 domna
1270 4941 1340 4993 mibi
1355 4940 1483 4994 resarcio
1489 4960 1500 5008 ,·
1527 4939 1577 4993 dle
1596 4944 1682 5006 paeto
1697 4939 1892 5004 conuentionis,
1920 4959 1972 5013 epo

291 5041 351 5108 ipso
365 5034 537 5107 perhibebat,
557 5040 582 5086 et
600 5030 783 5086 testimonium
796 5029 858 5098 ejus
875 5046 931 5081 non
944 5035 1005 5081 erat
1018 5043 1120 5094 semin,
1130 5021 1132 5072 i
1142 5028 1251 5097 placito
1269 5025 1419 5081 voluntatis
1437 5026 1507 5079 inito
1526 5026 1611 5078 eredo
1629 5030 1679 5078 ate.
1706 5039 1785 5077 serm.
1800 5025 1878 5079 tuin
1891 5026 1970 5088 Cant.

293 5125 341 5177 sed
364 5140 426 5176 curn
445 5121 566 5191 spiritus
582 5119 642 5188 ipse
661 5116 846 5169 testimonium
860 5115 991 5185 perbibet
1008 5085 1196 5183 spirituiieol.
1221 5119 1283 5169 555:
1312 5111 1416 5165 Passio
1436 5118 1500 5180 itta,
1527 5110 1661 5175 Domine,
1679 5107 1805 5163 “mmm
1824 5111 1971 5185 “fubiumr

293 5218 393 5265 nostro.
429 5209 524 5262 Porro
548 5206 598 5259 boc
617 5205 802 5257 testimoninm
819 5203 849 5256 in
868 5202 957 5255 tribus
973 5199 1120 5255 consistere
1131 5175 1133 5228 7
1144 5200 1291 5270 sinputure
1305 5199 1466 5261 remedium,
1485 5198 1629 5265 deficiente
1640 5194 1783 5264 sapientia,
1790 5197 1905 5267 justitio
1916 5219 1971 5257 non

293 5298 392 5350 credo:
428 5309 538 5349 necesse
563 5299 603 5345 est
633 5291 705 5343 enirn
727 5290 823 5360 primo
852 5288 973 5342 omnium
999 5233 1834 5354 credensisufficients,sanetitatissuccumbenibusmeritis
1847 5286 1898 5340 ula
1909 5305 1970 5343 suc·

294 5384 367 5452 qm
391 5381 582 5436 romanianum
604 5383 783 5446 peccatorum
811 5376 912 5429 babere
939 5391 994 5427 non
1019 5354 1240 5441 passinicus-ris.
1279 5370 1347 5434 Quis
1364 5371 1438 5425 enim
1456 5372 1491 5424 de
1508 5387 1559 5423 suu
1578 5367 1837 5436 vctups'euausset
1846 5372 1970 5446 justitia,

293 5469 349 5523 uui
358 5486 414 5539 per
431 5465 639 5535 indulpentiam
651 5463 711 5517 Dei
715 5482 724 5527 ;
742 5462 845 5516 deinde
863 5461 940 5530 quod
956 5458 1026 5513 nibil
1039 5473 1123 5527 pror·
1148 5460 1191 5509 od
1200 5458 1350 5513 sanctitate
1357 5463 1523 5527 praesumat
1537 5453 1728 5523 usfficimtiam
1740 5456 1908 5513 adsalutem
1918 5466 1970 5517 etc.

294 5572 338 5610 sus
362 5555 465 5609 babere
488 5568 576 5623 osseas
600 5550 694 5620 operis
718 5549 795 5613 beni,
819 5549 878 5601 nisi
900 5554 926 5600 et
943 5547 995 5600 boc
1015 5545 1125 5598 dederit
1148 5541 1207 5596 nisi
1231 5545 1389 5613 interpellet
1414 5543 1530 5609 sonpuis
1556 5550 1620 5595 tuus
1633 5556 1689 5607 pro
1712 5558 1768 5605 me,
1798 5544 1892 5599 salsus
1914 5566 1970 5603 non

293 5644 368 5712 ipse,-
394 5648 536 5710 postremo
565 5639 642 5707 quod
665 5643 810 5690 aeternam
830 5635 917 5687 citam
940 5631 1027 5685 nuliis
1046 5638 1125 5701 potes
1149 5646 1218 5682 sum.
1255 5645 1334 5685 serm.
1352 5636 1393 5685 tl.
1413 5629 1441 5683 in
1463 5628 1543 5684 Cant.
1567 5627 1701 5683 eol.b¹15:
1728 5627 1793 5683 Non
1811 5633 1970 5701 pertinebat

295 5728 421 5800 minu,
437 5725 607 5798 promereri,
625 5723 685 5777 uisi
701 5723 791 5792 pratis
811 5722 893 5775 detur
910 5725 938 5772 et
956 5718 1018 5771 ilio.
1057 5713 1124 5776 Quis
1150 5716 1191 5769 ad
1208 5732 1268 5768 eam
1288 5717 1426 5784 (Casinam)
1451 5717 1487 5770 dc
1508 5714 1614 5770 Ciriait‘
1627 5713 1726 5768 ΜΟ
1745 5723 1775 5768 ¹⁴²
1793 5735 1870 5771 tvvm
1884 5737 1969 5789 Prae·

298 5817 368 5874 enim
380 5821 476 5887 potest
493 5814 591 5878 faeere
609 5811 743 5864 mundum
763 5810 797 5862 de
816 5806 1125 5869 immundoconaeptum
1150 5810 1281 5874 sumeret,
1305 5821 1383 5857 suum
1408 5804 1525 5872 diceret,
1551 5799 1618 5871 quoi
1634 5799 1714 5853 iilius
1731 5811 1814 5876 esset,
1836 5812 1969 5878 tunorium
