4800 6659
452 652 514 713 234
1129 639 1478 703 nocusvrcssmua

450 801 527 855 litiae
544 801 661 855 eundem
680 818 743 856 cum
760 800 855 871 uobis,
883 798 935 855 sub
950 801 1052 857 vexillo
1070 802 1129 870 ejus
1146 798 1288 853 militanti·
1316 798 1448 863 Quamvis
1473 815 1538 854 vero
1563 803 1629 854 ante
1653 798 1796 853 solennem
1814 797 1890 852 illam
1907 799 2043 869 baptismi
2061 817 2160 857 conse·

450 889 517 956 bus,
540 888 709 959 baptismum
734 889 894 958 susceperit
933 887 1007 952 Quid
1023 888 1115 942 enim?
1141 905 1206 943 num
1225 886 1288 940 duci
1315 886 1464 940 orationem
1488 885 1571 939 etiam
1597 884 1666 939 alios
1687 886 1831 941 lohannes
1849 886 2049 956 baptizaverit,
2068 904 2105 941 cx
2125 904 2158 943 eo

450 980 531 1046 turpe
547 976 601 1029 erit
621 976 755 1030 militibus
773 993 829 1030 uon
848 975 937 1030 solum
955 980 1119 1044 praecepto,
1138 974 1187 1029 scd
1205 973 1288 1028 etiam
1315 977 1408 1027 tumen
1429 973 1590 1042 neutiquam
1613 971 1709 1026 inferri
1735 976 1841 1043 potest,
1868 974 1943 1044 quod
1960 974 1990 1028 in
2008 973 2063 1027 illis
2081 974 2158 1029 omni

405 1072 413 1075 “
451 1061 576 1131 exemplo
602 1062 729 1130 praeire?
765 1079 797 1116 ac
827 1080 893 1117 num
920 1060 1145 1116 honorificentius
1171 1067 1213 1115 est
1239 1061 1288 1113 im·
1315 1059 1441 1114 efficacia
1466 1058 1604 1129 spirituali
1628 1057 1783 1129 baptismus
1805 1059 1944 1115 iohannis
1968 1060 2054 1116 fucrit
2072 1061 2157 1115 dasti-

450 1152 605 1215 peratorem
642 1148 728 1218 servi,
763 1166 846 1219 quam
875 1164 954 1203 suum
983 1147 1070 1218 ipsius
1099 1147 1288 1203 characterem
1314 1151 1400 1214 tutus,
1415 1145 1464 1200 sed
1483 1152 1514 1199 ut
1533 1144 1640 1199 hactus
1659 1130 1796 1215 passiobis
1809 1143 1911 1199 Christi
1927 1146 2053 1201 extendit
2071 1163 2103 1201 se
2120 1146 2157 1202 ad

451 1238 578 1303 gestare?
1316 1231 1493 1301 praeteritum
1511 1237 1538 1286 et
1555 1230 1697 1294 futurum,
1714 1231 1754 1286 ita
1773 1248 1885 1303 quoque
1902 1231 1952 1286 illa
1969 1233 2157 1290 sanctificatio

322 1327 419 1370 111111-
486 1326 527 1376 51.
563 1326 586 1376 2.
609 1322 678 1375 Vero
696 1322 807 1390 quidem
826 1322 898 1390 dici,
918 1324 994 1389 qatod
1012 1320 1140 1374 Christus
1158 1321 1223 1373 ideo
1243 1322 1289 1372 bu·
1316 1317 1490 1388 baptismatis
1521 1323 1598 1372 tacta
1626 1316 1766 1372 Dominici
1799 1318 1920 1387 corporis
1951 1319 2036 1374 facta.
2091 1321 2157 1389 Ipse

323 1381 430 1483 ssifflfn
447 1406 572 1475 ptisanas
586 1407 695 1477 suerit,
717 1416 748 1459 ut
773 1409 937 1479 baptismum
958 1408 1113 1461 salutarem
1132 1407 1289 1461 institueret
1317 1404 1500 1459 Bellarminus
1525 1421 1558 1461 ex
1575 1403 1747 1473 Hieronymo
1765 1404 1795 1458 in
1813 1422 1837 1461 c.
1859 1411 1882 1460 3.
1900 1404 2000 1460 Matth
2018 1405 2156 1477 disputat,

323 1487 426 1574 2⁰:¹¹⁰?
453 1502 478 1546 et
496 1503 689 1564 consecrarem
707 1495 759 1547 sed
775 1510 808 1547 ee
824 1512 856 1547 eo
873 1494 945 1547 nihil
958 1496 1110 1563 quidquam
1122 1512 1177 1563 pro
1191 1503 1289 1547 nostra
1316 1490 1454 1544 Christum
1480 1491 1554 1544 iulet·
1575 1491 1650 1544 alia-t
1669 1508 1772 1544 0111111118
1789 1491 1872 1545 tilam
1894 1492 1960 1546 ‘⁴3⁶⁰
1977 1510 1996 1545 α
2019 1493 2157 1548 hilam

323 1546 438 1637 cipitiisd
451 1581 586 1632 1111111111
608 1581 779 1633 stabilienda
803 1580 869 1634 elici
886 1598 984 1650 posse,
1008 1582 1074 1649 puin
1101 1581 1156 1633 imo
1174 1599 1237 1634 11111
1255 1598 1289 1634 ea
1316 1562 1455 1647 baptizari
1477 1577 1611 1646 uoluisse,
1643 1585 1674 1631 ut
1698 1579 1864 1647 baptismum
1884 1578 2028 1633 Johannis
2051 1582 2155 1644 confir·

322 1638 431 1679 mmm
448 1683 585 1734 pupnare.
636 1667 711 1720 Nam
743 1674 892 1735 ursteqtsam
919 1666 1058 1719 Dominus
1091 1666 1288 1735 baptizaretur,
1316 1672 1406 1717 maret
1432 1671 1567 1733 lanqueum
1596 1664 1695 1717 bonum
1723 1672 1749 1718 et
1776 1666 1839 1719 Deo
1863 1673 1994 1736 pratum
2023 1666 2053 1719 id
2072 1667 2098 1721 si
2117 1668 2156 1723 sd

451 1769 591 1821 nunquam
614 1752 751 1822 apparuit
770 1753 914 1821 columba,
938 1758 987 1806 nec
1005 1754 1107 1805 1111111
1127 1759 1235 1806 111111
1252 1756 1287 1806 ds
1315 1758 1424 1821 tempus
1451 1756 1515 1821 post
1540 1748 1710 1820 baptismum
1732 1768 1750 1806 a
1775 1750 1884 1807 Christo
1907 1759 2069 1824 susceptum
2091 1760 2154 1809 tan·

450 1839 538 1905 coelo,
554 1855 641 1907 neque
660 1837 852 1908 sanctificatae
870 1847 934 1892 sunt
951 1857 1052 1908 aquae,
1071 1848 1097 1892 ct
1111 1841 1287 1893 tameniclem
1315 1837 1456 1893 tummodo
1481 1836 1613 1904 refertur,
1638 1854 1809 1908 consequens
1826 1838 1923 1907 fuerit,
1944 1840 2067 1911 reliquos
2088 1846 2154 1896 ante

451 1933 512 1977 erut
539 1926 692 1994 baptismus
716 1925 858 1978 Johannis
879 1942 1009 1991 111111,
1033 1928 1084 1995 qui
1101 1934 1203 1995 postea
1213 1928 1287 1994 suit.
1315 1924 1455 1979 Christum
1478 1940 1496 1977 a
1519 1923 1648 1979 Johanne
1670 1924 1826 1995 baptizatos
1850 1942 1905 1979 non
1929 1927 2088 1996 suscepisse
2105 1928 2154 1983 ba·

450 2012 516 2065 Non
533 2013 621 2081 ipitur
639 2013 806 2081 baptismus,
827 2029 905 2082 quem
922 2013 1018 2066 hahuit
1037 2014 1178 2066 Dominus
1197 2032 1217 2067 a
1235 2014 1287 2068 Jo·
1315 2011 1446 2080 ptismum
1469 2010 1573 2064 bonum
1598 2016 1627 2065 et
1652 2009 1713 2065 Deo
1737 2018 1855 2082 gratum.
1905 2012 1945 2067 Ut
1968 2012 2153 2085 confirmatio,

450 2098 556 2166 henne,
591 2099 664 2151 idem
684 2106 824 2152 11111111
843 2106 945 2153 nostro.
981 2100 1056 2152 Nam
1073 2100 1154 2154 illum
1169 2087 1286 2170 accepit,
1314 2097 1355 2152 ita
1383 2096 1466 2152 etiam
1487 2096 1667 2151 sanctificatio
1684 2097 1816 2167 baptismi
1833 2098 1870 2153 ad
1889 2104 1999 2168 tempus
2017 2102 2152 2171 prseteri-

449 2203 505 2238 uon
529 2184 665 2248 instituit,
690 2193 817 2238 rcoatrum
841 2192 932 2238 autem
959 2185 1077 2238 instituit
1095 2204 1151 2239 non
1170 2188 1286 2257 accepit.
1314 2189 1373 2237 tum
1401 2189 1430 2237 et
1456 2183 1582 2237 fulturam
1607 2182 1754 2238 referenda
1777 2189 1827 2238 est.
1868 2184 2036 2239 Invertimus
2065 2186 2153 2259 igitur

449 2272 674 2342 Respondemus:
698 2272 849 2342 praecipua
868 2288 964 2341 causa,
990 2289 1075 2343 quare
1093 2272 1218 2328 Christus
1237 2273 1286 2329 ba·
1315 2269 1400 2324 verbs
1430 2268 1601 2326 Bellarmini·
1650 2268 1790 2333 Christus,
1819 2271 1885 2341 quit
1913 2278 1956 2327 111
1982 2290 2057 2327 1111111
2088 2291 2150 2329 cum

450 2358 548 2429 ptizari
572 2357 703 2427 voluerit,
727 2357 764 2412 ab
790 2357 850 2428 ipso
869 2357 978 2414 Christo
995 2360 1158 2429 proponitur
1177 2359 1207 2414 in
1226 2377 1285 2415 ver·
1314 2356 1397 2410 Patre
1414 2360 1442 2410 ct
1459 2356 1564 2426 Spiritu
1581 2363 1677 2411 sancto
1693 2372 1775 2411 verus
1792 2356 1879 2427 Deus,
1899 2374 1916 2412 a
1936 2374 1992 2428 quo
2005 2358 2150 2416 lohannes

450 2443 491 2499 bis
509 2444 580 2497 illis:
606 2444 707 2497 Omitte
730 2462 818 2513 nuuc,
837 2444 880 2497 sic
904 2446 976 2498 cuim
995 2447 1085 2513 dccet,
1110 2455 1140 2499 11
1166 2448 1285 2517 comple·
1313 2442 1349 2497 ad
1377 2442 1577 2514 baptizandum
1604 2443 1704 2498 missum
1732 2450 1785 2512 est,
1815 2444 1878 2499 ideo
1903 2445 1987 2499 etiam
2012 2445 2150 2502 iohannis

450 2547 528 2582 11111
554 2548 660 2587 omnem
678 2530 823 2598 justitiam
849 2529 947 2585 Matth.
973 2536 1002 2598 3,
1029 2548 1054 2584 v.
1081 2537 1119 2586 15.
1153 2531 1186 2586 Iu
1213 2550 1286 2604 quse
1314 2530 1482 2600 baptismum
1500 2529 1651 2585 instituisse
1670 2534 1713 2585 est
1730 2530 1878 2598 dicendum
1898 2538 1927 2587 ct
1946 2534 2015 2604 quia
2033 2551 2099 2590 eum
2110 2534 2149 2589 in·

449 2617 535 2670 verba
557 2617 597 2671 sic
624 2622 825 2672 commentatur
844 2618 879 2673 D.
898 2617 1073 2673 Chemnicius
1092 2635 1116 2672 c.
1140 2625 1181 2675 11.
1199 2620 1285 2677 barm.
1313 2617 1417 2685 stituit,
1440 2615 1504 2671 ideo
1530 2617 1613 2671 etiam
1638 2617 1779 2687 suscipere
1800 2618 1895 2674 voluit
1934 2618 2067 2674 Vicissim
2093 2639 2148 2675 sus·

450 2721 548 2778 evang.
567 2721 594 2775 p.
617 2710 663 2758 121
690 2704 810 2766 Quando
837 2702 949 2757 Christo
972 2706 1125 2759 mediatori
1152 2707 1286 2761 tribuitur
1312 2702 1440 2771 cipiendo
1464 2702 1633 2772 baptismum
1656 2720 1674 2757 a
1692 2702 1820 2759 iohanne
1836 2709 1959 2758 nostrum
1978 2704 2147 2777 baptismum

450 2791 574 2860 impletio
587 2791 729 2859 justitiae,
746 2809 843 2844 senmss
861 2791 907 2853 hic
924 2799 972 2855 cst,
991 2793 1079 2844 Pater
1090 2794 1166 2846 misit
1177 2794 1285 2847 Filium
1312 2789 1433 2844 instituit
1450 2794 1479 2843 et
1496 2789 1674 2858 consecravit,
1692 2790 1795 2861 quippe
1813 2808 1876 2845 cum
1887 2790 2025 2847 Johauuis
2042 2794 2145 2865 baptis

449 2877 480 2930 in
497 2877 569 2930 hunc
589 2877 730 2940 muudum,
749 2884 779 2929 ut
796 2878 875 2942 steret
893 2877 973 2931 nobis
987 2878 1111 2947 justitia,
1132 2883 1155 2932 1.
1176 2882 1239 2934 Cor.
1261 2884 1285 2946 1,
1313 2891 1374 2928 mus
1392 2874 1428 2930 sit
1444 2876 1518 2931 idem
1536 2893 1600 2930 cum
1618 2881 1722 2933 nostro.
1765 2876 2004 2940 Quemadmodum
2024 2878 2146 2937 Christus

449 2981 473 3018 1.
492 2967 539 3017 30.
579 2964 670 3031 quue
694 2964 745 3017 hoc
770 2966 866 3031 mode,
889 2972 920 3017 ut
942 2966 1037 3030 sactus
1058 2966 1109 3018 eud
1133 2966 1193 3035 lupe
1204 2970 1287 3036 fieret
1314 2961 1393 3015 note
1421 2970 1504 3016 111111
1534 2981 1568 3016 11
1596 2964 1675 3017 nobis
1702 2965 1787 3017 datiis
1813 2962 1877 3020 Esa
1896 2969 1926 3027 9,
1951 2981 1977 3020 v,
2002 2971 2028 3022 6.
2053 2968 2145 3033 factis

448 3051 561 3104 uictima
575 3050 726 3119 pronubis
744 3057 769 3104 et
788 3052 822 3103 de
840 3057 958 3120 peccato
973 3053 1123 3105 1111111111
1133 3062 1286 3124 peccatum,
1312 3050 1392 3103 nobis
1410 3067 1428 3102 a
1445 3053 1508 3103 Deo
1525 3049 1675 3119 sapientia,
1687 3050 1814 3119 justitia,
1831 3051 2020 3120 sanctificatio
2038 3062 2067 3107 11
2085 3056 2143 3108 red

450 3144 534 3205 atque
551 3136 592 3189 ita
603 3136 722 3204 justitia
744 3137 815 3205 lepis
832 3137 996 3205 impleretur
1016 3138 1046 3190 in
1062 3139 1143 3192 notis
1160 3141 1242 3197 Rom.
1263 3146 1286 3211 e,
1314 3134 1409 3204 emtio,
1436 3140 1458 3189 1.
1477 3133 1539 3189 Cor.
1559 3141 1586 3204 l,
1610 3153 1636 3189 v.
1658 3141 1700 3192 31.
1727 3135 1768 3190 111
1791 3153 1901 3208 quoque
1917 3137 2080 3207 baptizatus
2097 3146 2142 3210 est,

448 3242 472 3279 1.
499 3228 523 3277 i.
546 3230 629 3293 utpsse
663 3224 744 3275 daret
772 3224 956 3277 ministerium
983 3225 1235 3290 reconciliationes,
1257 3236 1287 3281 ut
1313 3226 1345 3275 ut
1362 3227 1488 3276 ncshum
1505 3220 1673 3293 baptismum
1686 3221 1879 3278 sanctificaret
1910 3221 2143 3287 Quemadmodum

448 3309 491 3362 ita
515 3326 567 3363 noa
590 3310 766 3377 deceantur
783 3308 900 3377 justitia
920 3310 979 3362 Dei
995 3310 1025 3361 in
1046 3310 1109 3378 ipso
1128 3313 1153 3366 2.
1175 3311 1238 3367 Cor.
1258 3318 1284 3378 5,
1312 3308 1547 3364 circumcisionem
1581 3309 1704 3380 suscepit
1732 3309 1850 3364 eandem
1876 3327 1933 3369 non
1961 3311 2102 3369 disemum
2128 3331 2143 3370 1

448 3414 472 3448 u.
491 3399 535 3449 21.
568 3396 637 3449 Fuit
655 3412 722 3463 erpo
740 3395 866 3462 officium
883 3395 989 3449 Christi
1007 3398 1171 3452 mediatoris
1191 3402 1285 3454 onznia
1311 3399 1422 3466 patrum
1449 3395 1673 3465 circumcisione,
1705 3395 1746 3451 ita
1771 3413 1881 3469 quoque
1908 3398 2029 3455 eundem
2053 3400 2141 3457 nobis·

448 3484 519 3551 illa,
544 3499 617 3551 11111
642 3482 684 3534 ad
708 3483 929 3550 consequendam
953 3481 1034 3536 illam
1048 3484 1206 3556 justitiam,
1229 3506 1286 3557 qua
1311 3498 1373 3536 cum
1394 3482 1564 3554 baptismum
1580 3481 1733 3553 suscepisse
1748 3482 1919 3552 judicandus
1940 3490 1990 3540 cst

449 3586 546 3622 coram
562 3570 627 3621 Deo
648 3569 690 3619 ad
711 3569 797 3620 uitam
814 3574 957 3622 artemam
967 3569 1173 3641 justificamur,
1195 3577 1285 3643 perti·
1346 3573 1386 3623 52.
1422 3575 1447 3625 3.
1472 3570 1507 3624 Si
1522 3577 1715 3637 aspumeutum
1731 3586 1765 3624 en
1783 3570 1845 3625 loco
1865 3571 1969 3640 Ephes.
1986 3576 2011 3625 1.
2030 3575 2067 3627 de
2084 3574 2191 3628 cst-ss

448 3662 528 3722 nent,
553 3654 686 3723 implere,
712 3662 741 3707 11
765 3654 807 3706 ita
833 3655 892 3723 ipse
911 3654 941 3708 in
960 3656 1081 3710 solidum
1099 3666 1171 3712 11111
1187 3669 1285 3714 nostra
1311 3663 1368 3709 tate
1398 3655 1531 3725 baptismi
1562 3657 1712 3707 deductum
1744 3658 1865 3726 caleret,
1887 3660 2029 3726 probaret
2053 3635 2191 3729 Mihi

442 3739 570 3810 justitia.
621 3740 753 3809 Implevit
783 3748 875 3793 autem
904 3742 976 3795 hanc
998 3744 1156 3814 justitiam,
1187 3748 1284 3815 primo
1311 3751 1431 3811 ternpore
1444 3741 1554 3810 Moysis
1568 3742 1835 3811 etDauidisfuisse
1850 3742 1958 3799 Christi
1970 3736 2191 3828 baptismumffffi

448 3828 563 3898 11111111
588 3826 702 3879 uictima
727 3843 780 3894 pro
808 3827 887 3880 uobis
911 3830 1014 3895 sactus
1040 3839 1161 3897 peccata
1187 3841 1284 3885 nostro
1313 3830 1391 3881 Tunc
1427 3828 1500 3881 euim
1535 3827 1632 3880 itidem
1662 3836 1725 3881 erat
1753 3847 1838 3884 unum
1869 3848 1970 3900 corpas
2002 3834 2190 3903 udaiaus·

447 3914 562 3969 sustulit
582 3920 607 3966 ot
627 3912 839 3981 perfectissima
866 3915 1024 3967 obedientia
1049 3916 1109 3983 lapi
1128 3935 1186 3986 pro
1204 3920 1285 3972 notris
1310 3919 1407 3969 eadem
1429 3931 1508 3983 spes,
1530 3915 1626 3967 eadem
1651 3916 1721 3979 fides
1739 3921 1791 3971 etc.
1835 3917 1917 3971 Iliad
1938 3918 2038 3973 saltem
2056 3892 2191 3984 1111111ἱῖιῖ

446 4000 597 4066 satisfecit.
634 3999 764 4054 Secundo
784 4010 890 4070 autent,
918 4010 949 4054 ut
968 4002 1084 4071 justitia
1107 4003 1162 4057 illu
1185 4015 1284 4059 nostra
1310 4002 1467 4073 apostolus,
1494 4002 1571 4071 qnod
1590 4002 1747 4057 Christiani
1762 4006 1974 4060 debeantomni
1992 3998 2191 4089 dilipentiaffl

446 4088 496 4152 fiat
518 4095 544 4140 et
569 4087 649 4141 nobis
679 4087 850 4156 applicetur,
882 4105 953 4156 opaca
978 4095 1019 4141 est
1041 4090 1141 4143 mediis
1165 4108 1214 4144 seu
1239 4110 1283 4145 or·
1309 4106 1421 4143 seruare
1449 4088 1584 4141 unitatem
1609 4088 1746 4159 Spiritus,
1769 4093 1838 4160 quia
1856 4101 1920 4147 sunt
1938 4112 2024 4148 unum
2042 4114 2146 4167 carptis

445 4173 542 4242 panis,
559 4189 615 4243 per
633 4190 705 4243 quac
718 4174 835 4242 justitia
852 4173 906 4226 ilia
925 4174 1083 4228 obedientia
1103 4185 1129 4231 et
1146 4180 1284 4248 sanquine
1310 4186 1335 4231 11
1352 4196 1437 4230 unum
1453 4177 1554 4229 hadent
1569 4176 1713 4246 Spiritum,
1730 4198 1816 4233 unum
1833 4183 1935 4249 Deum,
1953 4199 2038 4236 unam
2046 4186 2146 4253 sedem

447 4257 556 4311 Christi
582 4260 721 4328 acquisita
751 4261 830 4313 nodis
866 4260 1054 4313 distribuatur
1089 4271 1115 4316 11
1150 4266 1283 4332 efficacia
1310 4282 1395 4319 uuum
1414 4264 1587 4332 baptismum.
1621 4265 1848 4336 Respondemus:
1873 4273 2030 4339 ammpors
2048 4270 2085 4325 N.
2103 4270 2147 4340 Τ.,

448 4345 573 4414 Spiritus
592 4347 683 4399 sancti
699 4347 779 4399 notis
790 4347 955 4415 applicetur.
990 4347 1117 4403 Christus
1130 4350 1283 4417 ipiturilla
1311 4353 1339 4405 in
1364 4367 1420 4421 quo
1446 4350 1600 4421 baptismus
1618 4351 1761 4407 institutus
1778 4352 1846 4423 fuit,
1865 4354 1901 4409 ad
1920 4360 2028 4425 tempus
2049 4356 2085 4413 V.
2102 4356 2147 4428 T,

447 4431 530 4486 etiam
555 4432 650 4485 media
675 4432 732 4485 sive
756 4451 866 4501 arpano
884 4433 971 4486 uoluit
991 4436 1185 4505 sanctificare,
1212 4456 1283 4507 qima
1310 4438 1339 4492 in
1362 4454 1418 4509 quo
1444 4438 1566 4492 nondum
1583 4438 1726 4493 institutus
1745 4438 1813 4508 fuit,
1837 4457 1891 4495 non
1910 4446 2003 4510 potest
2019 4442 2148 4515 legitime

447 4525 473 4571 et
497 4517 562 4586 ipsa
587 4519 629 4570 ad
647 4518 791 4585 justitiam
811 4520 881 4583 fidei
899 4521 1050 4588 pertinent.
1092 4519 1169 4578 Haec
1186 4523 1284 4579 Chem-
1311 4525 1430 4596 procedi.
1470 4526 1621 4597 Apostolus
1647 4525 1770 4597 loquitur
1795 4526 1830 4581 de
1849 4533 1973 4597 tempore
1991 4528 2026 4584 N.
2045 4529 2094 4600 Τ.,
2118 4531 2149 4587 in

447 4603 536 4657 nicius
565 4618 599 4656 ex
625 4601 758 4663 Lutbero.
803 4604 909 4670 Quodsi
945 4622 1011 4677 ergo
1046 4606 1200 4677 baptismus
1236 4611 1284 4666 do·
1310 4628 1343 4666 ao
1361 4611 1482 4665 omnium
1499 4611 1717 4667 Christianorum
1735 4617 1778 4667 est
1794 4630 1880 4667 unum
1895 4613 2052 4685 baptisma,
2075 4618 2149 4673 sicut

339 4689 619 4745 11.111.hanuisnon
638 4688 692 4743 fuit
712 4690 786 4746 idem
798 4709 860 4747 cum
872 4698 966 4747 nostro
981 4693 1126 4765 baptismo,
1146 4699 1284 4767 quomodo
1311 4698 1432 4752 omnium
1450 4704 1493 4753 est
1509 4716 1565 4752 una
1582 4698 1650 4753 fides
1670 4704 1698 4753 et
1716 4716 1786 4753 unus
1798 4699 1942 4769 Dominus,
1959 4705 1992 4755 ut
2010 4701 2040 4757 in
2059 4704 2095 4760 V.
2112 4704 2147 4758 Τ.

448 4775 574 4832 Christus
598 4775 773 4845 suscipiendo
800 4778 969 4849 baptismum
988 4780 1123 4836 iohannis
1142 4799 1283 4840 consecra·
1310 4785 1364 4839 fuit
1385 4801 1442 4839 una
1459 4784 1630 4838 circumcisio
1652 4786 1774 4840 omnium
1793 4786 1995 4855 Israiilitarum,
2015 4787 2045 4843 iu
2066 4791 2147 4860 cnjus

448 4864 490 4919 vit
513 4868 653 4932 nostrum,
679 4866 756 4915 tactu
778 4867 821 4919 sui
841 4866 962 4937 corporis
981 4885 1069 4939 aquas
1087 4870 1293 4946 sanctificando,
1311 4871 1401 4926 locum
1419 4871 1572 4941 baptismus
1591 4873 1731 4927 successit.
1767 4872 1848 4937 Quod
1866 4873 1900 4928 de
1919 4873 2061 4945 baptismo
2083 4875 2147 4931 hae-

448 4949 486 5005 ad
505 4949 637 5004 diluenda
656 4948 825 5004 credentium
845 4954 983 5022 peccata?
1010 4952 1082 5018 Quin
1100 4957 1193 5025 potius
1205 4958 1282 5013 Chri·
1310 4958 1458 5014 reticorum
1476 4958 1659 5012 Bellarminus
1679 4958 1771 5027 addit,
1797 4961 1873 5030 apud
1890 4959 1953 5015 illos
1971 4977 2032 5016 esse
2051 4979 2147 5018 smum

351 5102 356 5110 ι
448 5044 507 5090 stus
531 5037 590 5107 ipse
613 5035 765 5103 descendit]
783 5036 812 5090 in
830 5037 996 5110 baptismum
1016 5057 1080 5095 cum
1099 5060 1149 5097 suo
1170 5062 1284 5116 corpore
1310 5045 1412 5100 Christi
1436 5045 1588 5114 baptisma,
1613 5045 1679 5100 licet
1695 5044 1770 5115 apud
1791 5062 1909 5101 coenon
1928 5047 2145 5104 situnumcor·

448 5132 533 5195 atqua
562 5123 603 5177 ita
628 5122 690 5187 illa,
717 5139 788 5193 quae
815 5122 843 5177 in
872 5143 986 5197 corpore
1015 5129 1105 5183 carnis
1129 5147 1196 5185 susc
1221 5149 1283 5202 pro·
1311 5149 1375 5202 pus,
1394 5149 1465 5185 unus
1485 5132 1611 5201 Spiritus,
1630 5148 1687 5185 uua
1705 5130 1773 5187 fides
1793 5138 1845 5188 etc.
1867 5149 1923 5186 nou
1942 5132 2073 5207 infringit
2088 5137 2145 5190 rim

448 5210 548 5264 meruit
566 5216 595 5264 et
612 5209 766 5280 acquisivit,
785 5211 864 5280 quasi
882 5213 1011 5282 deposuit
1031 5215 1058 5268 iu
1077 5216 1225 5286 baptismo,
1243 5219 1283 5273 ita
1309 5218 1396 5272 nostri
1422 5219 1585 5289 argumenti.
1626 5217 1724 5288 Neque
1749 5219 1821 5273 cuim
1841 5237 1874 5275 ex
1894 5220 2002 5274 unitate
2022 5223 2144 5294 cerporis

447 5304 479 5351 ut
503 5314 553 5367 per
580 5297 650 5351 illud
674 5297 794 5353 medium
818 5298 1019 5356 distribuantur
1043 5310 1071 5357 et
1094 5303 1283 5376 applicentur;
1309 5304 1419 5375 mystici
1446 5312 1473 5359 et
1496 5304 1559 5358 fidei
1583 5305 1718 5359 unitatem
1741 5304 1871 5375 baptismi
1892 5306 2072 5375 deducimus,
2096 5310 2144 5365 sed

447 5383 521 5436 unde
540 5383 570 5437 iu
587 5383 724 5454 baptismo
743 5390 836 5439 nostm
856 5386 996 5440 Christum
1014 5389 1169 5456 induimus,
1189 5391 1280 5447 Galat.
1309 5408 1341 5445 ex
1360 5390 1468 5444 unitate
1488 5390 1632 5461 baptismi,
1660 5408 1743 5461 quam
1763 5392 1872 5447 disertis
1891 5393 1983 5449 verbis
2002 5395 2143 5465 apostolus

448 5475 579 5537 1111.
602 5468 745 5544 σύμφυτοι
774 5470 908 5526 efficimur
927 5473 956 5525 in
974 5485 1088 5529 mortem
1109 5478 1217 5533 Christi
1232 5496 1283 5551 per
1309 5478 1401 5548 pouit,
1430 5477 1575 5533 discrimen
1602 5478 1685 5542 illud,
1714 5478 1789 5550 quod
1815 5480 1886 5534 iuter
1910 5480 2081 5550 baptismum
2096 5482 2142 5538 lo

446 5556 614 5626 baptismum
631 5558 708 5613 Rom
729 5565 760 5628 6,
780 5578 805 5614 v.
824 5565 848 5615 4.
883 5558 1026 5615 Efficimus
1046 5564 1169 5620 membra
1187 5566 1281 5636 ipsius,
1309 5565 1407 5619 hannis
1425 5570 1454 5619 et
1470 5573 1593 5620 nostrum
1613 5583 1630 5620 a
1648 5566 1826 5621 Scholasticis
1844 5568 2028 5636 constituitur,
2047 5569 2142 5626 everti

447 5648 475 5697 et
493 5644 670 5699 coalescimus
688 5646 766 5717 quasi
785 5663 848 5701 cum
866 5644 934 5717 ipso,
954 5647 1021 5714 quia
1040 5649 1165 5705 inunum
1179 5669 1282 5721 corpus
1308 5671 1376 5706 mus.
1424 5653 1519 5720 Adde,
1550 5652 1624 5723 quod
1653 5660 1817 5724 argumenta
1846 5669 1863 5706 a
1891 5656 2030 5710 contrario
2062 5674 2140 5712 sensu

447 5728 620 5798 baptizamur
646 5737 667 5787 1.
692 5730 753 5787 Cor.
781 5739 824 5801 12,
853 5750 877 5786 v.
905 5738 943 5788 13.
984 5732 1046 5789 Ηο1
1070 5736 1281 5794 fundamentum
1308 5741 1393 5793 ducta
1409 5756 1464 5792 nou
1482 5740 1537 5792 sint
1554 5744 1706 5809 perpetuae
1718 5744 1745 5794 et
1757 5739 1886 5794 immotae
1899 5740 2030 5796 veritatis.
2058 5743 2141 5797 Recte

448 5815 644 5871 consolationis
673 5818 793 5886 tollitur,
824 5819 935 5892 quomo
962 5827 1089 5893 negatur,
1116 5825 1214 5880 eodem
1233 5827 1281 5882 ba·
1308 5826 1420 5891 dicitur,
1446 5832 1478 5880 ut
1503 5825 1575 5881 inter
1597 5843 1661 5881 vere
1686 5825 1748 5897 pios
1766 5830 1808 5879 cst
1824 5842 1909 5880 unum
1929 5843 2030 5899 corpus
2048 5828 2140 5900 mysti-

447 5901 548 5976 ptismo
564 5918 615 5957 nos
632 5903 785 5975 baptisari,
813 5923 869 5977 quo
888 5906 1018 5966 Christus
1046 5913 1089 5965 est
1112 5910 1280 5982 baptisatus.
1307 5928 1384 5983 cum,
1410 5930 1483 5969 unus
1509 5913 1642 5983 Spiritus,
1671 5927 1726 5969 una
1752 5910 1838 5985 fides3
1863 5912 1904 5969 ita
1928 5929 2044 5987 quoque·
2058 5932 2138 5972 anun
