4800 6659
404 522 466 580 150
1002 505 1125 566 LOCUS
1143 505 1314 563 naeniae
1333 505 1509 565 OCTAVUS

407 685 465 723 esse
488 683 539 722 nac
561 665 638 721 ratic
664 666 826 722 necessaria
852 666 1033 733 demonmret,
1062 681 1113 718 aec
1131 665 1244 717 evidens
1260 662 1299 717 ⁴in
1326 670 1393 724 orat.
1416 663 1451 719 ds
1472 663 1574 735 baptis.
1600 662 1696 719 eadem
1723 662 1806 734 sigilli
1832 662 2016 735 figura-est,
2044 660 2114 717 lieet

407 755 563 808 auctoritas
580 753 704 822 probet).
734 752 805 806 Item
823 750 962 805 Lutherus
982 751 1042 822 agit
1059 750 1095 805 de
1112 767 1179 805 casu
1197 766 1244 804 ne·
1269 765 1354 804 aureo
1380 749 1426 805 val
1449 749 1541 805 farreo
1567 750 1707 819 insculpta
1737 749 1773 803 sit
1798 749 1908 803 annulo.
1957 746 2056 803 Verba
2073 747 2113 802 sic

408 840 544 895 cessitatis
574 838 804 902 exuaordiuario,
835 837 910 907 quod
946 835 974 890 in
1005 837 1054 891 illo
1087 836 1242 907 baptismus
1269 834 1374 889 habent
1390 853 1417 905 p.
1439 841 1503 890 245:
1534 834 1598 889 Sint
1627 835 1728 889 asrrrdi
1746 836 1817 901 duo,
1845 850 1950 887 curares
1966 834 2027 901 tic,
2052 834 2112 894 fer-

408 926 491 981 atiam
512 943 529 979 a
554 925 625 979 laico
650 923 838 978 administrari
857 922 957 992 possit,
976 923 1016 976 uti
1035 923 1119 977 etiam
1139 922 1173 976 ds
1193 922 1242 977 ab·
1269 939 1333 974 reas
1356 922 1447 990 alius,
1470 929 1585 990 uimque
1611 923 1708 975 cadem
1730 920 1809 988 repta
1834 921 1957 988 imapinc
1974 920 2111 989 scalptas.

408 1012 543 1067 solutione
561 1014 646 1082 (quae
663 1007 817 1064 Pontificiis
841 1007 937 1063 itidem
959 1014 1162 1063 sacramentum
1181 1011 1243 1076 est),
1271 1006 1360 1062 Carae
1378 1010 1459 1063 ancha
1478 1008 1686 1076 imprimantur,
1707 1008 1779 1075 quid
1794 1008 1866 1059 inter
1886 1008 1999 1074 amsans
2016 1006 2069 1059 lac
2086 1013 2112 1060 et

409 1099 482 1169 quod
505 1098 535 1152 in
559 1094 759 1152 tentat-ionibus
785 1093 903 1165 quilibet
923 1093 1243 1149 fidelis'aununtiatioue
1271 1095 1347 1148 iilud
1371 1096 1517 1148 intererit!
1541 1095 1622 1147 attii.
1655 1096 1794 1147 Disceme
1817 1094 1966 1146 materiam
1985 1094 2017 1145 ia
2035 1108 2111 1162 acra,

408 1184 574 1239 remissionis
595 1186 774 1253 peccatorum
800 1198 818 1236 a
840 1180 952 1236 Christo
974 1186 1070 1251 partae
1088 1181 1243 1251 proximum
1271 1182 1384 1234 etiamsi
1402 1180 1627 1250 saps'erstsssimus
1644 1182 1756 1234 cristas.
1789 1181 1855 1248 Dic,
1868 1182 2014 1249 wadnam
2026 1179 2111 1247 seiri,

408 1277 545 1326 tentatum
571 1269 677 1339 erigere
704 1272 732 1322 et
754 1266 917 1323 confirmare
938 1267 1040 1337 possit,
1063 1284 1143 1321 secus
1160 1283 1243 1338 quam
1271 1268 1414 1335 quodnam
1432 1267 1551 1326 aurisii
1567 1268 1744 1335 sipnaculum
1756 1265 1803 1328 (τὸ
1816 1264 2042 1338 ἐκσφράγισμα),
2061 1265 2113 1318 sed

408 1354 593 1411 Bellnrminus
622 1353 734 1420 statuit,
771 1353 818 1408 lib.
851 1349 874 1407 3.
904 1352 939 1408 de
972 1352 1145 1424 poenitentia
1169 1369 1192 1407 c.
1219 1358 1243 1408 3,
1272 1370 1325 1422 quo
1343 1361 1432 1420 pacto
1449 1371 1535 1407 unam
1556 1356 1618 1406 esti
1636 1355 1704 1421 quia
1722 1354 1796 1406 inter
1814 1354 1973 1420 materiam,
1991 1370 2050 1405 san
2066 1367 2110 1404 ca·

408 1460 467 1514 arg.
497 1449 521 1496 l.
555 1443 631 1509 quod
660 1440 776 1508 puidam
811 1442 954 1493 credentes
981 1442 1012 1493 in
1043 1439 1184 1493 Christum
1214 1439 1245 1492 in
1271 1448 1406 1493 meterem
1434 1440 1584 1492 diaermtus
1610 1448 1651 1491 est
1675 1440 1737 1505 (τῆς
1764 1438 1828 1505 ὕλης
1845 1441 1876 1491 τὸ
1896 1438 2051 1509 διάφορον,
2078 1436 2111 1491 ci

408 1537 552 1583 aeternum
579 1533 715 1596 pereant,
753 1528 831 1596 quod
864 1534 928 1579 ante
959 1526 1133 1589 manantur,
1162 1541 1244 1594 quam
1267 1526 1480 1595 properamus),-
1508 1527 1547 1578 ita
1574 1534 1600 1579 et
1624 1526 1675 1578 itti
1697 1526 1733 1578 sit
1753 1525 1842 1578 omnis
1860 1526 2034 1594 baptizator,
2064 1524 2114 1593 asi

409 1632 428 1666 a
463 1614 611 1666 sacerdote
645 1613 754 1666 absolsi
783 1620 943 1681 potuerunt.
997 1611 1070 1668 Vide
1099 1611 1244 1681 epistolam
1271 1612 1381 1664 tarnetsi
1404 1613 1564 1665 conditione
1588 1611 1720 1679 eccellat,
1744 1612 1874 1679 aequalis
1892 1619 1986 1665 tamen
2007 1610 2111 1679 baptis·

411 1697 525 1752 Lutheri
545 1699 581 1752 ad
599 1702 753 1768 pastorem,
771 1714 808 1751 an
825 1697 1027 1768 paterfamilias
1046 1697 1076 1751 in
1093 1696 1148 1750 illis
1169 1696 1245 1765 locis,
1272 1699 1356 1751 matis
1380 1699 1423 1751 ais
1445 1706 1499 1766 est,
1526 1715 1561 1751 ac
1582 1698 1768 1768 ausuramque
1794 1698 1924 1767 aequalis
1941 1696 1995 1749 tili
2012 1698 2050 1750 sit
2068 1713 2111 1750 ss·

409 1785 458 1840 ubi
476 1800 556 1838 sacra
572 1800 658 1839 coena
674 1801 729 1838 non
748 1784 966 1852 administratur,
982 1786 1064 1854 juxta
1082 1783 1185 1838 Christi
1206 1783 1244 1836 in-
1268 1792 1410 1853 purpatar
1422 1784 1623 1849 (rsmsoaoait)
1641 1785 1692 1854 (μί
1708 1787 1766 1847 fide
1784 1786 1882 1837 cadem
1901 1792 1941 1836 esi
1958 1785 2109 1847 formatas.

410 1869 581 1925 stitutionem
606 1870 658 1924 sibi
683 1870 736 1938 ipsi
761 1875 789 1924 et
812 1868 935 1923 familiae
953 1885 1020 1923 suae
1038 1869 1167 1939 privatim
1184 1886 1245 1924 eam
1272 1870 1447 1942 Augustinus
1465 1877 1545 1924 tract.
1575 1878 1599 1927 5.
1618 1871 1646 1925 in
1663 1870 1739 1925 sloh:
1760 1872 1868 1923 Parum
1886 1871 1992 1938 refert,
2018 1877 2110 1922 utrass

411 1957 577 2011 distribuere
602 1956 696 2025 possit.
732 1955 810 2010 Tam.
835 1961 860 2010 6.
887 1955 950 2011 Jen.
975 1954 1069 2010 Germ.
1089 1956 1110 2010 i.
1131 1961 1188 2012 339,
1209 1956 1244 2010 ad
1272 1974 1348 2025 aqua
1367 1957 1539 2010 cataractas
1557 1957 1789 2025 irripandaspcr
1809 1956 1938 2009 canalem
1956 1954 2109 2023 lapideam,

412 2060 495 2115 quam
513 2043 704 2113 quaestorem
721 2041 863 2097 Lutherus
879 2042 1028 2112 respondet
1045 2043 1175 2113 negatim
1197 2042 1246 2096 ad·
1273 2061 1311 2096 aa
1333 2059 1388 2112 per
1403 2050 1567 2109 arpcntcum
1589 2050 1724 2097 irrisisset.
1763 2042 1859 2098 Verba
1877 2042 1917 2096 sic
1935 2041 2054 2096 habent:
2078 2038 2111 2095 Si

413 2130 470 2183 dita
496 2128 549 2183 hac
578 2130 698 2196 ratione,
727 2129 802 2198 quod
829 2128 1029 2198 paterfamilias
1051 2129 1195 2184 voeafione
1219 2135 1248 2183 ct
1272 2130 1407 2198 superbus
1424 2129 1520 2192 fuerit
1542 2129 1684 2197 minutor,
1709 2148 1770 2182 cum
1788 2130 1903 2182 diabolo
1923 2135 2110 2197 caniputatur,

412 2216 543 2270 mandato
563 2215 620 2271 tale
638 2214 707 2285 quid
723 2214 845 2268 faciendi
863 2214 1038 2270 destituatur.
1273 2217 1324 2268 secl
1353 2232 1408 2267 nan
1437 2216 1645 2268 containinatur
1675 2217 1781 2269 danum
1807 2213 1928 2279 Christi,
1960 2215 2039 2283 quod
2059 2227 2111 2283 par

284 2320 381 2360 ursina
447 2307 489 2359 30.
525 2301 654 2356 Ceterum
679 2318 743 2355 cum
762 2301 886 2355 minister
904 2319 960 2357 non
979 2319 1039 2363 sno.
1057 2302 1107 2356 sed
1127 2300 1181 2355 Dei
1199 2317 1246 2355 no·
1274 2299 1355 2354 illurn
1372 2301 1447 2370 fluit.
1479 2301 1587 2354 Parum
1605 2310 1657 2370 est,
1675 2304 1753 2370 quod
1768 2318 1821 2371 per
1839 2303 1920 2354 utum
1941 2302 2059 2368 transit,
2079 2300 2111 2354 ct

283 2372 398 2462 fflffi„
412 2390 485 2444 mins
509 2389 537 2442 in
563 2388 802 2443 administratione
825 2394 1059 2443 sacramentorum
1076 2393 1156 2459 agat,
1184 2388 1247 2441 ideo
1274 2388 1390 2455 quidum
1410 2394 1458 2455 est,
1475 2388 1549 2439 scau
1564 2390 1606 2441 art
1615 2389 1743 2452 fertitem
1755 2397 1869 2450 terram,
1884 2396 1957 2456 pata
1971 2388 2111 2456 quiaipsc

284 2475 375 2565 fflidfg
412 2478 472 2546 ejus
497 2474 621 2546 dignitas
640 2475 685 2530 vel
711 2474 863 2545 indignitas
884 2481 1118 2529 sacramentorum
1135 2472 1247 2543 integri·
1275 2474 1407 2541 lapideas
1425 2482 1472 2542 est,
1491 2490 1524 2527 ss
1538 2491 1615 2544 apua
1625 2476 1758 2543 fricatum
1768 2476 1853 2543 ferre
1865 2493 1921 2527 non
1936 2482 2041 2542 potest,
2056 2487 2111 2542 par

282 2578 373 2617 irruas
412 2562 463 2616 tati
493 2567 522 2615 et
544 2561 685 2616 efficaciae
709 2560 779 2614 nihil
801 2559 905 2615 addere
929 2560 973 2614 vel
997 2559 1141 2614 detrahere
1157 2564 1249 2630 potest
1275 2560 1418 2627 lapideam
1441 2561 1570 2614 canalem
1587 2562 1690 2614 transit
1709 2579 1786 2630 aqua
1803 2562 1844 2614 ad
1863 2560 1993 2628 areolas,
2014 2560 2045 2613 is
2063 2577 2110 2614 ca·

283 2639 375 2721 3332·
408 2648 492 2717 juxta
513 2647 659 2717 vulgatum
683 2646 768 2700 iliud:
804 2646 864 2700 Vim
888 2646 1061 2700 sacramenti
1086 2664 1137 2699 aon
1161 2653 1249 2699 mutat
1275 2645 1339 2698 nali
1356 2646 1471 2713 lapideo
1489 2647 1560 2699 nihii
1579 2664 1731 2716 pererrans,
1756 2649 1808 2701 aad
1824 2656 1917 2700 tamen
1936 2647 2029 2700 lsarts's
2043 2647 2109 2716 plis·

412 2736 470 2787 cita
490 2734 623 2797 ministri,
642 2733 717 2803 quod
735 2732 787 2787 suh
799 2733 852 2787 hac
866 2732 1025 2788 conditione
1036 2731 1248 2803 intelligendum
1275 2733 1376 2785 rimam
1392 2733 1519 2796 fractum
1536 2734 1628 2803 affert,
1645 2734 1805 2803 spiritualis
1822 2734 1897 2786 enim
1916 2735 2004 2786 virtus
2016 2749 2111 2787 mera-

413 2820 494 2873 modo
513 2835 555 2888 ea,
569 2835 642 2889 qnae
662 2818 697 2874 ad
715 2818 902 2873 substantiam
920 2823 1153 2872 sacramentorum
1165 2818 1248 2888 perti·
1275 2819 1360 2872 menti
1384 2819 1424 2871 ita
1442 2828 1495 2882 est,
1519 2828 1550 2872 at
1567 2820 1616 2872 tus
1635 2829 1661 2873 et
1679 2822 1714 2873 ab
1732 2821 1930 2874 attaminandis
1945 2836 2025 2888 pura
2042 2819 2112 2873 acci·

412 2913 493 2973 nent,
517 2905 570 2961 rite
597 2905 785 2960 observentur.
821 2904 901 2960 Cani.
920 2906 1041 2978 August.
1060 2912 1111 2959 art.
1132 2911 1165 2961 8:
1184 2904 1247 2960 ,Sa-
1271 2907 1367 2974 pitur,
1389 2908 1442 2959 etsi
1462 2923 1519 2975 per
1541 2908 1700 2960 immundos
1725 2915 1864 2974 trausmt,
1900 2924 1955 2958 non
1978 2906 2112 2961 contami·

411 3000 555 3045 cramenta
578 3000 605 3046 et
630 2982 742 3046 vatam
759 2974 1105 3062 propter⁸crdinationem
1125 3000 1151 3045 ct
1170 3008 1248 3045 man·
1274 3000 1368 3046 natur.
1400 2991 1516 3047 ”Idem
1534 2991 1583 3046 lib.
1603 2997 1627 3046 3.
1648 2997 1745 3046 contm
1762 2991 1863 3047 Donat.
1882 3006 1907 3044 e.
1931 2998 1974 3046 10:
2000 2993 2112 3046 Eadem

412 3081 510 3132 datam
529 3079 637 3134 Christi
653 3087 717 3132 sunt
735 3080 876 3148 efficacia,
894 3078 1007 3132 etiamsi
1018 3096 1075 3148 per
1092 3079 1184 3132 malos
1203 3095 1248 3130 cs·
1275 3085 1315 3130 est
1332 3095 1420 3147 aqua,
1445 3080 1571 3131 suaviter
1594 3079 1721 3147 irrs'pans
1739 3080 1834 3132 hortos
1847 3092 1902 3146 per
1920 3079 2039 3133 canales
2056 3079 2113 3134 sius

412 3166 573 3229 hibecatur,
602 3182 674 3237 quae
693 3165 781 3222 verba
806 3166 935 3237 opposita
961 3172 1027 3220 sunt
1055 3164 1247 3236 anabaptistis,
1275 3165 1382 3232 liparas
1408 3165 1466 3218 siae
1493 3173 1624 3218 stanneos
1652 3166 1861 3218 transmissa.**
1909 3163 1958 3219 lib.
1987 3171 2013 3221 3.
2039 3172 2112 3222 cont

412 3251 459 3322 qui
488 3250 698 3307 Donatistarum
734 3269 855 3307 errorem
888 3257 1051 3307 revocantes
1080 3252 1248 3305 contrarium
1274 3249 1409 3306 Cresco.
1430 3257 1460 3306 8:
1487 3252 1569 3304 Ntitt
1595 3254 1685 3317 refert
1704 3254 1746 3305 ad
1762 3252 1919 3320 efficaciam
1939 3253 2071 3306 renuatis
2087 3261 2112 3307 et

411 3344 547 3391 statuunt.
585 3337 780 3392 Fundamenta
804 3338 873 3408 ipsis
891 3338 1059 3409 opponenda
1080 3338 1150 3392 haec
1170 3343 1248 3391 sunt:
1270 3337 1468 3406 plantationis,
1488 3354 1525 3391 an
1543 3338 1609 3391 lotis
1627 3339 1768 3405 manibus,
1794 3356 1832 3391 au
1851 3339 1980 3392 sordidis
2001 3340 2034 3393 id
2051 3340 2111 3406 tint,

415 3433 436 3477 l.
461 3423 582 3478 llinistri
608 3424 741 3480 ecclesiae
767 3424 797 3478 in
824 3424 1062 3479 administratione
1092 3439 1248 3478 sacramen·
1275 3425 1357 3478 modo
1381 3425 1480 3476 honum
1506 3424 1544 3477 sit
1568 3440 1660 3476 semen
1687 3433 1713 3476 ct
1732 3432 1812 3477 terra
1819 3426 1947 3492 fertilis,
1969 3441 2020 3478 nce
2040 3426 2111 3479 decit

411 3517 502 3565 torum
521 3516 610 3581 agunt
627 3509 884 3565 instrumentaliter.
919 3509 998 3564 Deus
1011 3510 1248 3577 solusutanetor,
1275 3510 1441 3564 cataractis
1461 3509 1601 3578 ctpluvia
1622 3512 1657 3562 ‹tc
1677 3511 1764 3564 cocto.
1783 3510 1831 3565 lib.
1852 3517 1876 3567 3.
1889 3511 1925 3566 de
1936 3511 2012 3582 bapt
2026 3528 2051 3566 e.
2066 3517 2111 3569 1⁰:

412 3596 452 3650 ita
471 3613 581 3668 quoque
601 3596 775 3665 dispensator
792 3612 888 3650 eorum
905 3594 1068 3666 principalis
1086 3603 1136 3651 est.
1172 3596 1248 3665 Ergo
1275 3601 1382 3652 Lumen
1408 3596 1486 3650 sclis'
1500 3595 1544 3648 rel
1566 3596 1651 3648 etiam
1674 3596 1839 3665 lampadum
1866 3616 1921 3651 sion
1938 3599 2111 3668 inquinatur,

412 3682 530 3737 ministri
559 3683 713 3754 indignitas
740 3699 797 3738 non
828 3682 945 3753 derogat
978 3680 1120 3736 efficaciae
1148 3696 1249 3735 caune
1274 3684 1386 3739 etiamsi
1410 3699 1466 3752 per
1494 3683 1585 3736 lutam
1614 3690 1740 3736 transcat
1767 3692 1794 3737 et
1817 3684 1882 3738 loca
1907 3701 2035 3739 comosa.
2078 3681 2112 3739 In

411 3768 602 3840 principaliter
628 3769 746 3841 egentis.
791 3767 856 3823 Joh.
883 3774 911 3835 1,
936 3786 961 3821 v.
982 3773 1028 3824 26:
1056 3770 1121 3837 Epo
1140 3768 1248 3837 baptiso
1274 3770 1355 3841 epist
1380 3770 1416 3823 ad
1443 3767 1618 3839 Hieronym:
1644 3769 1704 3823 Per
1725 3771 1831 3824 aristas
1848 3778 2002 3839 portantur
2019 3787 2111 3838 praesa

411 3855 442 3907 in
470 3873 560 3925 aqua,
589 3856 699 3909 medius
725 3862 817 3908 autem
844 3863 965 3909 cestrum
992 3856 1079 3920 stetit,
1103 3871 1183 3924 auem
1202 3872 1250 3908 ros
1274 3857 1458 3926 reparpanda
1475 3855 1505 3908 in
1522 3872 1593 3909 arsa
1614 3857 1766 3910 dominici
1789 3858 1915 3926 actamnis
1931 3858 2038 3927 paleae
2056 3857 2111 3910 sirit

410 3942 540 4011 nesciam
567 3946 658 3997 13³:
690 3942 736 3995 tte
764 3951 807 3996 est
829 3943 879 4012 qui
904 3943 1026 4012 baptizat
1043 3943 1073 3995 in
1095 3941 1248 4010 Spiritus.
1275 3945 1403 4011 inmites,
1433 3949 1558 3995 auamen
1590 3950 1711 4011 prosunt
1743 3945 1838 3996 tritico
1845 3964 1856 4011 ,·
1893 3945 1937 3997 ita
1965 3944 2035 3996 citra
2062 3941 2112 3996 nsi-

415 4035 436 4083 1.
455 4027 516 4084 Cor.
536 4034 560 4097 3,
576 4046 604 4086 v.
625 4036 640 4084 'i
649 4049 656 4082 :
675 4030 774 4098 Neque
792 4030 842 4098 qui
857 4028 987 4097 plantat,
1005 4028 1157 4097 nequeant
1173 4029 1249 4097 ripat
1276 4032 1429 4084 nestrorum
1447 4044 1503 4080 non
1521 4028 1563 4080 sic
1577 4029 1677 4081 obsunt
1693 4027 1799 4082 Christi
1809 4030 1954 4099 fidelibus,
1975 4038 2005 4082 at
2016 4044 2112 4084 sacra·

411 4125 450 4169 est
475 4116 600 4185 aliquid,
625 4118 678 4169 sed
694 4118 777 4169 Deus
803 4115 853 4184 qui
877 4117 929 4168 dat
946 4115 1153 4173 incrementum.
1191 4115 1250 4168 Aa·
1277 4124 1369 4171 menta
1383 4132 1438 4185 par
1452 4115 1733 4168 cilosadms'nistrata
1744 4117 1820 4182 fiant
1835 4115 2006 4182 inefficacia.
2030 4114 2111 4172 iln-

412 4201 515 4273 gustin.
528 4207 608 4257 tract
621 4209 645 4260 5.
659 4202 777 4259 inlnh:
799 4203 875 4266 Quid
893 4202 988 4266 faciat
1006 4202 1131 4255 minister
1149 4201 1250 4271 malus,
1277 4203 1398 4276 dignitas
1415 4200 1533 4254 ministri
1551 4217 1608 4257 non
1625 4201 1744 4272 derogat
1762 4201 1903 4257 efficaciae
1922 4203 2006 4257 verbi.
2036 4202 2112 4274 Ergo

410 4290 459 4342 ubi
483 4291 570 4344 bonus
596 4297 636 4343 est
663 4291 814 4344 dominus!
844 4290 920 4350 Quid
947 4290 1065 4357 impedit
1096 4288 1250 4342 malitiosus
1275 4308 1327 4347 nec
1345 4291 1461 4359 derogat
1479 4286 1622 4342 efficaciae
1638 4288 1812 4343 sacramenti.
1850 4288 1949 4342 Matth.
1971 4294 2016 4353 23,
2041 4305 2067 4344 v.
2086 4292 2110 4344 3.

407 4393 524 4444 praeco,
541 4374 591 4429 ubi
607 4377 752 4430 harmotus
771 4384 812 4430 est
823 4376 939 4445 juderi
958 4375 1109 4445 Baptisma
1125 4375 1183 4427 tals
1200 4382 1250 4443 est,
1272 4377 1355 4450 jabet
1370 4374 1508 4430 Christus:
1527 4374 1634 4426 Audita
1650 4374 1766 4427 Scribm
1786 4382 1811 4428 et
1828 4375 2003 4427 Pharisaeos
2021 4376 2051 4428 is
2068 4389 2111 4430 aa·

412 4463 508 4531 quartis
525 4462 584 4526 ille,
603 4463 633 4515 in
652 4463 734 4531 cujus
748 4469 888 4532 potestate
905 4463 1000 4525 datur,
1015 4477 1071 4513 nou
1088 4460 1249 4528 qualisillc,
1275 4465 1377 4517 theatra
1394 4460 1506 4529 Moysis
1524 4461 1664 4528 sedentes,
1685 4476 1753 4530 quos
1771 4466 1865 4515 tamen
1885 4461 2111 4531 gravissimorum

408 4565 462 4618 per
485 4550 567 4618 cujus
591 4549 778 4601 ministeriam
802 4550 895 4602 damr.
939 4552 962 4601 2.
981 4544 1109 4611 Qualitas
1130 4544 1249 4600 ministri
1275 4555 1452 4619 pcccatorum
1478 4545 1581 4601 ibidem
1608 4547 1720 4617 peragit
1744 4565 1813 4604 reos.
1857 4549 1928 4603 Phil.
1959 4555 1985 4617 l,
2013 4567 2040 4605 r.
2066 4554 2110 4605 16:

412 4633 533 4689 ahenum
561 4633 722 4688 thesaurum
751 4631 943 4688 distribuentis
969 4630 1039 4685 nihil
1062 4630 1179 4702 derogat
1203 4633 1249 4687 be·
1279 4636 1402 4699 Quidam
1429 4650 1462 4687 er
1489 4634 1663 4688 coatsnts'oue
1688 4632 1828 4688 Cir-istum
1857 4636 2028 4689 annuntiant
2056 4651 2111 4690 scs

411 4720 542 4793 nignitati
554 4721 668 4776 Domini
680 4722 725 4775 vel
742 4719 861 4775 bonitati
879 4717 1011 4775 thesauri.
1029 4717 1094 4773 Jam
1112 4735 1178 4773 vero
1198 4718 1249 4772 mi·
1275 4723 1399 4789 sincere,·
1428 4738 1453 4772 v.
1476 4725 1521 4775 18:
1549 4720 1620 4788 quid
1637 4728 1742 4787 autem,
1771 4722 1839 4775 dum
1856 4720 1933 4775 cirini
1951 4724 2036 4776 modo
2055 4722 2111 4776 sies

412 4808 491 4862 nistri
510 4807 643 4864 ecelesiae
661 4808 691 4861 in
707 4807 917 4877 dispensatione
936 4810 1169 4861 sacramentorum
1181 4805 1248 4860 alie·
1274 4824 1327 4877 per
1345 4807 1526 4870 occasionem,
1544 4807 1602 4860 siae
1615 4824 1671 4874 per
1690 4808 1835 4861 acritatem
1855 4807 1986 4862 Christus
2004 4828 2110 4865 assian-

412 4912 478 4949 num
497 4893 658 4950 messurum
675 4892 853 4948 distribuunt
880 4891 957 4963 Ergo
978 4890 1100 4962 ipsorum
1119 4892 1248 4963 qualitas,
1262 4895 1373 5030 *timum
1399 4903 1424 4947 ct
1449 4895 1478 4946 in
1495 4896 1548 4947 hoc
1564 4896 1684 4961 yaudea.
1717 4894 1790 4950 Vide
1809 4894 2001 4965 Augustinum
2020 4897 2069 4952 lib.
2088 4903 2111 4953 l.

412 4982 564 5052 indignitas
579 4980 685 5034 scilicet
705 4985 790 5049 atque
807 4978 979 5048 improbitas,
996 4993 1053 5032 uon
1072 4978 1188 5050 derogat
1207 4979 1248 5033 in·
1277 4982 1313 5035 dc
1332 4981 1471 5050 baptismo
1488 4996 1512 5033 c.
1536 4986 1574 5035 ll.
1603 4980 1839 5043 Quemadmodum
1858 4981 1945 5051 igitur
1955 4983 2035 5037 Deus
2055 4980 2112 5039 ai

413 5066 537 5139 tegritati
559 5072 586 5121 et
609 5064 749 5121 efficaciae
768 5065 941 5119 sacramenti.
980 5063 1075 5118 Prima
1094 5063 1248 5135 propositio
1277 5084 1327 5121 car
1346 5072 1390 5123 est
1407 5082 1458 5137 per
1474 5066 1708 5135 praedicationem
1727 5067 1844 5135 illorum,
1863 5069 1910 5139 qui
1929 5068 2042 5138 ipsimet
2058 5085 2112 5125 uon

414 5153 559 5208 manifeste
579 5159 657 5224 patet
681 5152 806 5223 exemplo
831 5151 943 5220 famuli,
967 5152 1016 5224 qui
1034 5152 1117 5220 jussu
1144 5149 1248 5205 domini
1277 5159 1342 5208 sunt
1368 5170 1435 5208 vere
1463 5154 1502 5223 pii
1527 5160 1556 5209 et
1580 5153 1718 5222 conversi,
1737 5155 1874 5225 siquidem
1890 5156 2006 5226 verbum
2027 5164 2071 5212 est
2086 5165 2114 5211 et

413 5245 510 5311 erogat
535 5240 740 5310 eleemosynam
765 5238 805 5307 ei,
832 5254 915 5308 quern
941 5238 1027 5293 livore
1054 5243 1082 5293 et
1104 5236 1169 5291 odio
1185 5253 1249 5305 pra·
1277 5247 1382 5295 manet.
1405 5240 1531 5310 potentia
1561 5241 1621 5293 Dei
1657 5242 1698 5293 ad
1729 5243 1848 5294 salntem
1880 5244 1957 5295 amni
1988 5242 2115 5297 modesti

413 5327 547 5397 sequitur.
589 5326 718 5383 Secunda
746 5324 897 5395 propositio
927 5324 1045 5378 hahetur
1083 5330 1104 5379 1.
1132 5322 1193 5379 Cor.
1223 5286 1354 5390 tiliam.
1377 5334 1399 5395 l,
1415 5344 1441 5379 v.
1464 5332 1503 5381 io.
1525 5343 1543 5379 a
1561 5342 1726 5397 quocunque
1739 5328 1927 5397 praedicatum
1948 5328 2111 5401 itaqnoque

413 5432 439 5471 v.
454 5420 482 5468 5:
504 5413 581 5475 Quia
598 5422 638 5467 est
653 5413 782 5482 Apella!
799 5412 870 5482 quid
886 5412 1017 5465 Psalmi
1036 5411 1159 5464 ministri
1175 5418 1264 5479 sunt,=
1276 5430 1327 5485 per
1367 5411 1572 5483 improbitatem
1605 5412 1722 5466 ministri
1752 5413 1823 5468 nihil
1864 5414 1974 5469 decedit
2005 5416 2113 5471 veritati

284 5521 342 5562 vra.
355 5517 465 5569 rainer
482 5519 552 5570 auor
569 5500 733 5555 meatuum
750 5506 776 5553 st
794 5500 942 5567 unissimus
959 5497 1031 5550 snas
1042 5498 1183 5551 Dominus
1200 5499 1247 5550 ds·
1261 5532 1264 5566 1
1276 5500 1321 5556 vel
1339 5498 1493 5571 integritati
1513 5499 1686 5553 sacramenti.
1730 5506 1753 5554 4.
1773 5500 1801 5555 Si
1820 5501 1974 5572 indignitas
1995 5501 2113 5558 ministri

413 5589 464 5640 dit.
504 5595 525 5644 1.
545 5587 608 5643 Cor.
626 5594 657 5656 4,
674 5604 700 5642 v.
722 5594 749 5642 l:
775 5585 824 5640 ste
841 5601 892 5638 nos
908 5583 1034 5636 aestimet
1052 5582 1133 5636 homo
1150 5592 1181 5636 ut
1197 5584 1248 5637 nsi·
1262 5585 1264 5650 ᾖ
1277 5588 1424 5658 derogaret
1448 5585 1602 5656 integritati
1619 5591 1648 5639 et
1664 5584 1806 5641 efficaciae
1823 5590 2003 5656 sacramenti,
2023 5590 2112 5646 incre

412 5676 518 5728 nmmos
542 5673 649 5728 Christi
673 5683 699 5728 ct
726 5674 935 5744 dispensatores
960 5671 1155 5739 mysteriorum
1184 5673 1380 5762 Dci.3dulitas
1403 5671 1545 5727 hominnm
1560 5671 1615 5726 Dei
1635 5672 1719 5727 iidem
1740 5672 1845 5729 irritam
1863 5675 1975 5730 suomet.
2006 5676 2113 5733 Conse

413 5761 478 5815 Huc
506 5759 647 5830 pertinent
674 5760 867 5816 similitudines
890 5764 1020 5814 veterum
1066 5759 1246 5818 Nazianscno
1262 5775 1364 5833 iquens
1385 5760 1542 5832 refragatur
1568 5760 1715 5816 munais
1731 5759 1850 5830 apostoli
1874 5761 1958 5818 effato
1981 5762 2064 5821 Rom.
2091 5767 2116 5831 t,
