4800 6659
464 625 524 684 tat
1048 614 1171 673 DOGUS
1189 610 1361 671 neamus
1379 612 1567 675 SEPI'IMUS

464 774 533 842 lide,
552 773 699 829 dilectione
717 778 746 829 et
762 774 855 829 studio
872 772 1026 829 sanctitatis
1044 770 1294 843 perseverantiam
1322 787 1353 824 ex
1373 789 1407 827 ea
1426 772 1522 843 quovis
1539 779 1662 844 tempore
1688 778 1717 828 ct
1735 770 1847 845 quidem
1865 771 1939 827 circa
1955 769 2039 825 linem
2056 767 2156 824 mundi

464 859 581 931 ideoque
600 860 671 914 iuter
693 877 739 928 ea,
766 877 837 932 quae
859 878 914 915 uon
936 865 1051 931 possunt
1076 858 1178 912 electos
1196 874 1214 911 a
1234 854 1295 910 Deo
1321 855 1404 928 louge
1423 858 1533 928 plurimi
1550 860 1586 914 sd
1605 877 1721 933 reguum
1739 858 1841 914 Christi
1860 858 1916 913 siut
1932 856 2065 925 vocandi,
2084 854 2155 910 illud

465 962 600 1017 separare,
620 963 676 1001 non
693 952 925 1001 connumerantur
936 952 1052 1017 peccata
1063 944 1220 999 voluntaria
1232 960 1296 998 cou-
1322 942 1466 1000 confirmat
1482 953 1644 1017 argumento
1662 964 1679 1001 a
1698 945 1814 1002 veritate
1834 952 1862 1000 et
1880 944 2036 1001 constantis
2051 942 2107 998 Dei
2125 941 2155 996 in
2194 1000 2197 1007 ,

464 1039 509 1088 tra
532 1032 727 1088 conscientiam
750 1033 884 1102 admissa,
909 1050 943 1088 ea
968 1032 1039 1088 enim
1059 1031 1082 1084 si
1101 1031 1148 1102 qui
1166 1048 1199 1084 ex
1218 1046 1297 1085 rena·
1322 1032 1464 1086 servandis
1482 1032 1633 1103 promissis.
1669 1034 1751 1089 Dona
1767 1039 1796 1089 et
1811 1031 1919 1088 vocatio
1937 1031 1991 1086 Dei
2009 1027 2156 1103 111111111-

465 1121 500 1175 tis
520 1121 693 1176 committant
706 1139 757 1176 nec
769 1122 805 1176 sd
816 1121 908 1176 Deum
920 1124 1123 1186 convertantur,
1139 1134 1173 1172 ex
1184 1134 1298 1171 numero
1322 1122 1467 1189 1111μέ11111,
1485 1118 1537 1173 hoc
1554 1125 1596 1174 est
1616 1138 1732 1191 quorum
1750 1137 1894 1192 nunquum
1912 1120 2004 1190 ipsum
2021 1115 2156 1187 poenitet.

338 1211 371 1256 12
388 1213 452 1253 aom.
466 1208 615 1263 electomm
640 1225 696 1262 nou
723 1226 782 1263 esse
809 1208 1019 1263 convincuntur.
1060 1206 1094 1240 *⁴*
1106 1210 1144 1261 12.
1167 1204 1246 1259 Rom.
1273 1209 1296 1270 8,
1323 1204 1393 1259 Cum
1416 1221 1482 1277 ergo
1505 1205 1583 1260 Deus
1607 1213 1719 1263 aeterno
1740 1207 1852 1263 foedere
1869 1224 1898 1261 se
1914 1205 2087 1261 ludaeorum
2106 1219 2156 1274 po
2198 1223 2199 1275 3

337 1264 361 1312 θ’
379 1274 401 1306 ’”
419 1263 452 1305 ‘⁹'
465 1313 491 1352 v.
512 1300 560 1350 29:
592 1296 665 1358 Quos
687 1296 857 1364 praescivit,
882 1312 927 1348 eos
947 1292 1180 1364 praedestinavit.
1223 1290 1298 1353 Quos
1323 1290 1388 1360 pulo
1411 1290 1601 1362 obstrinxerit,
1627 1312 1682 1349 nou
1707 1294 1839 1349 reddetur
1864 1293 1933 1347 illud
1951 1290 2075 1359 irritum;
2106 1288 2157 1344 sed

464 1381 695 1453 praedestinavit,
713 1382 763 1434 1101
782 1389 807 1433 11
822 1383 936 1436 oocaoit.
973 1378 1297 1451 Repraesentatur
1323 1393 1431 1447 semper
1448 1379 1534 1450 aliqui
1552 1397 1585 1434 ex
1602 1379 1718 1439 Judaeis
1737 1387 1802 1435 sunt
1820 1380 1914 1444 futuri,
1929 1378 1977 1452 qui
1991 1376 2157 1449 promissam
2193 1368 2199 1387 ²

465 1478 491 1524 et
508 1470 681 1540 justificavit.
720 1467 794 1530 Quos
812 1467 1092 1538 aatemjustifieaoit,
1111 1466 1177 1519 illos
1197 1463 1296 1534 11910-
1323 1463 1441 1518 foederis
1469 1465 1587 1537 gratiam
1614 1467 1824 1537 amplectantur.
1866 1466 1926 1522 Nec
1948 1473 2041 1520 tamen
2067 1482 2102 1519 ex
2124 1479 2158 1518 eo

463 1558 592 1624 reficaoit.
630 1558 710 1625 Erpa
730 1557 779 1626 qui
796 1574 851 1609 non
869 1555 1074 1624 plorificantur,
1087 1552 1135 1606 illi
1145 1553 1230 1605 etiam
1242 1567 1297 1604 non
1323 1549 1509 1621 inferendum,
1533 1552 1607 1623 quod
1625 1553 1682 1623 illi,
1704 1554 1804 1625 quibus
1827 1552 1934 1607 vocatio
1962 1558 1990 1606 11
2010 1550 2085 1606 dona
2102 1548 2158 1605 Dei

464 1644 565 1697 habent
586 1644 671 1707 fidem
689 1643 903 1712 justificantem,
931 1658 980 1693 nec
1003 1639 1126 1707 qratiam
1154 1636 1496 1709 interiorieobtigeruut,
1529 1640 1642 1710 propria
1670 1640 1754 1712 culpa
1781 1647 1809 1696 et
1834 1639 1991 1696 voluntaria
2012 1637 2160 1693 aversione
2188 1676 2191 1688 .

464 1730 626 1783 vocationis.
661 1727 883 1799 Respondemus:
906 1733 927 1781 1.
944 1725 1095 1796 Apostolus
1114 1723 1159 1778 hic
1175 1723 1298 1794 loquitur
1323 1724 1377 1778 illis
1401 1724 1528 1780 excidere
1550 1743 1606 1781 non
1627 1727 1747 1797 possint3
1775 1727 1942 1782 eontrarium
1966 1725 2039 1781 enim
2057 1725 2086 1779 in
2104 1724 2160 1780 hoc

466 1817 500 1873 de
524 1817 589 1870 solis
609 1816 718 1881 electis,
742 1821 813 1872 teste
831 1814 990 1886 Augustino
1011 1813 1058 1867 lib.
1079 1814 1114 1867 de
1134 1816 1253 1882 corrept.
1270 1812 1384 1923 etyipso
1411 1812 1503 1882 capite
1529 1813 1610 1868 docet
1635 1814 1776 1885 apostolus
1803 1832 1828 1870 r.
1848 1820 1890 1869 20.
1917 1819 1945 1868 et
1964 1830 2041 1884 seqq.
2063 1811 2086 1865 si
2104 1810 2160 1882 ipsi

465 1903 557 1977 gratia
580 1919 604 1961 1.
628 1910 653 1959 ’1.
678 1903 706 1957 id
733 1903 807 1974 quod
831 1905 975 1957 contextus
999 1898 1142 1954 manifeste
1170 1897 1297 1953 ostendit
1324 1897 1448 1953 homines
1467 1916 1517 1970 per
1535 1893 1653 1970 peccata
1671 1906 1767 1956 contra
1786 1900 1980 1955 conscientiam
1997 1899 2161 1970 gmtiamet

467 1991 585 2057 Scimus,
603 1989 693 2061 inquit
704 1988 853 2060 apostolus,
867 1988 999 2058 quoniam
1013 1987 1193 2055 diligentibus
1207 1987 1298 2038 Deum
1310 2009 1313 2079 p
1324 1985 1397 2039 dona
1414 1984 1468 2040 Dei
1486 1985 1632 2056 amittunt,
1651 1987 1680 2041 id
1697 2005 1753 2042 nou
1770 1986 1824 2042 Dei
1843 1986 1964 2059 quadam
1980 1990 2161 2060 μεταμελείᾳ.

467 2077 561 2131 omnia
578 2084 765 2144 cooperantur
784 2076 814 2127 in
827 2075 943 2143 1101111111,Ι
962 2078 1059 2144 postea
1076 2071 1167 2126 addit:
1186 2073 1231 2138 iio,
1252 2072 1300 2140 qai
1325 2071 1374 2125 sed
1396 2071 1480 2142 culpa
1496 2072 1638 2127 hominum
1655 2074 1764 2130 accidit.
1791 2071 1995 2128 {inordinatos
2012 2071 2100 2144 igitur
2117 2079 2161 2128 est

466 2165 616 2218 secandum
639 2161 817 2230 propositam
846 2162 939 2214 uocati
964 2168 1029 2213 eunt
1055 2160 1159 2227 sanati,
1187 2156 1301 2228 subjicit
1325 2156 1364 2210 sic
1386 2156 1503 2213 inferre:
1527 2158 1569 2212 Ex
1588 2165 1667 2229 parte
1688 2160 1742 2215 Dei
1765 2161 1902 2229 vocantis,
1927 2159 2112 2215 convertentis
2132 2165 2162 2215 et

468 2248 567 2307 deinde
586 2247 733 2302 rationem:
753 2249 828 2300 Nom
847 2265 915 2316 quos
930 2247 1095 2316 praescivit,
1114 2252 1200 2299 eos'et
1213 2260 1298 2314 prae·
1325 2243 1457 2298 salvantis
1476 2245 1550 2300 dona
1569 2253 1597 2301 et
1607 2247 1716 2301 vocatio
1730 2246 1784 2302 Dei
1801 2251 1866 2302 sunt
1883 2246 2077 2320 ἀμεταμέλητα
2094 2245 2160 2314 (hoc

468 2335 626 2392 destinavit.
663 2333 788 2388 Tandem
808 2333 963 2387 concludit:
991 2332 1027 2386 st
1043 2334 1123 2385 Deus
1136 2349 1192 2402 pro
1212 2331 1299 2395 nobis,
1325 2336 1368 2385 est
1391 2331 1467 2385 Deus
1497 2349 1578 2402 quem
1601 2339 1682 2387 vocat
1706 2339 1735 2388 et
1757 2333 1802 2388 cui
1827 2333 1946 2405 gratiam
1963 2350 2042 2387 suam
2065 2333 2162 2402 donat,

468 2423 530 2493 qais
549 2430 647 2475 contra
666 2422 738 2473 nos!
763 2418 884 2475 ostendit
907 2418 1006 2490 igitur,
1033 2424 1092 2473 tum
1113 2416 1187 2489 quod
1205 2433 1299 2471 omnes
1311 2434 1314 2526 Ι
1325 2434 1388 2472 eum
1411 2417 1451 2472 ita
1468 2425 1562 2487 vocat,
1587 2427 1618 2474 ut
1637 2437 1671 2475 ex
1690 2436 1720 2474 se
1740 2438 1880 2492 nunquam
1899 2427 2043 2475 moveatur
2064 2421 2101 2474 ad
2119 2420 2161 2476 fa·

467 2509 548 2565 electi
575 2508 630 2562 sint
657 2506 798 2576 salvandi,
830 2511 890 2559 tum
916 2523 972 2577 qua
994 2505 1039 2559 via
1062 2521 1111 2559 seu
1130 2504 1227 2558 ordine
1244 2503 1300 2557 sint
1325 2502 1424 2558 cienda
1454 2504 1509 2559 ista
1537 2506 1630 2574 irrita,
1660 2524 1802 2578 uunquam
1831 2525 1881 2578 per
1905 2507 2087 2561 invidentiam
2112 2514 2163 2563 aut

467 2594 606 2664 salvandi,
630 2611 686 2648 uon
710 2592 790 2665 quasi
816 2608 896 2647 nemo
915 2592 986 2646 riam
1005 2591 1079 2645 illam
1098 2590 1224 2645 insistere
1242 2589 1299 2643 ulla
1325 2589 1419 2643 odium
1443 2591 1556 2662 aliquod
1578 2593 1735 2647 hominibus
1758 2610 1792 2648 ea
1811 2593 1963 2662 subtrahit,
1986 2610 2018 2648 ac
2042 2594 2162 2665 proinde

467 2700 500 2738 ex
518 2687 598 2751 parte
617 2679 713 2750 possit,
731 2679 784 2733 nisi
804 2678 886 2732 simul
904 2677 1124 2749 praedestinatus
1136 2676 1173 2730 sit
1184 2681 1213 2731 et
1225 2681 1299 2731 certo
1311 2682 1314 2750 1
1325 2675 1403 2730 nulla
1420 2677 1448 2731 in
1469 2678 1559 2749 ipsum
1578 2679 1732 2735 amissionis
1752 2679 1834 2750 culpa
1854 2679 1948 2745 cadit.)
1980 2680 2056 2752 ibgo
2076 2681 2161 2736 etiam

467 2767 623 2836 salvandus,
642 2766 691 2822 sed
711 2766 786 2837 quod
804 2773 898 2821 omnes
916 2765 1115 2837 praedestinati
1133 2770 1161 2819 et
1173 2751 1359 2818 salvandi'ex
1388 2770 1466 2834 parte
1488 2764 1629 2820 hominum
1653 2772 1828 2835 vocatorum,
1858 2783 2052 2822 conversorum
2080 2775 2109 2823 et
2132 2769 2161 2823 in

469 2873 529 2911 eam
547 2860 606 2908 turn
624 2853 733 2924 ingredi
752 2853 884 2921 debeant,
910 2857 968 2905 tum
989 2851 1127 2906 adfinem
1146 2857 1241 2905 tenere
1258 2866 1299 2904 so·
1326 2847 1381 2902 fide
1406 2852 1538 2905 stantium
1563 2852 1640 2907 nulla
1663 2859 1728 2907 sunt
1745 2858 1860 2924 peccata
1879 2852 1962 2907 etiam
1982 2859 2079 2908 101111
2099 2873 2162 2910 con·

468 2941 550 2996 leant.
586 2939 650 2996 Non
668 2939 742 2994 enim
759 2939 840 3005 dicit,
859 2937 932 2991 solos
950 2937 1169 3008 praedestinatos
1187 2942 1300 2991 vocatos
1327 2935 1468 2991 scientiam
1487 2937 1615 3008 admissa,
1635 2957 1707 3011 quae
1725 2939 1895 2995 vocationem
1914 2945 1942 2995 et
1962 2939 2035 2995 dona
2049 2939 2103 2996 Dei
2119 2959 2162 2996 ex·

470 3045 528 3084 esse
553 3026 673 3096 (dixerat
696 3026 799 3114 quippe
822 3025 882 3097 ipse
900 3023 1048 3078 Dominus:
1074 3024 1236 3077 multisunt
1254 3042 1300 3077 oo·
1327 3029 1421 3079 1111111
1439 3032 1563 3094 possunt.
1605 3025 1766 3086 ”Thomas
1784 3045 1811 3098 p.
1834 3031 1858 3082 t.
1879 3044 1925 3099 qu.
1946 3032 1988 3083 88.
2006 3034 2060 3084 art.
2083 3033 2107 3084 1.
2127 3028 2163 3082 ad

469 3114 540 3181 cati,
558 3113 649 3183 pauci
665 3129 730 3165 aero
752 3111 863 3180 electi),
892 3112 945 3162 sed
962 3128 1055 3164 omnes
1069 3111 1302 3180 praedestinatos
1328 3115 1353 3165 3.
1372 3110 1411 3164 sic
1431 3111 1586 3167 concludit:
1614 3113 1690 3183 Opus
1713 3114 1773 3167 Dei
1792 3131 1937 3184 peropus
1958 3113 2163 3167 11011ιί111111·νί-

467 3217 518 3253 eue
547 3207 621 3254 certo
647 3207 769 3267 ternpore
791 3197 890 3250 vocari
911 3214 1011 3266 eosque
1034 3214 1126 3250 omnes
1146 3198 1304 3267 justificari
1328 3197 1388 3248 tari
1404 3198 1508 3265 nequit.
1543 3199 1680 3252 Iiemiseio
1695 3196 1876 3268 peccatoram
1889 3200 2020 3270 priorum
2038 3208 2078 3253 eet
2093 3218 2162 3271 opere

469 3295 494 3341 et
513 3289 627 3340 tandem
646 3285 819 3356 plorifieari.
856 3291 878 3340 2.
897 3283 993 3340 Verba
1011 3285 1134 3338 uocandi
1151 3290 1179 3338 et
1195 3285 1300 3354 1111111-
1330 3284 1394 3336 Dei.
1431 3285 1511 3353 Erpa
1535 3304 1592 3339 non
1612 3295 1705 3355 potest
1727 3286 1842 3339 irritari
1855 3304 1911 3356 per
1930 3304 2047 3355 sequens
2060 3305 2162 3358 pecca·
2196 3317 2199 3347 ;

469 3374 570 3441 candi,
589 3372 618 3425 id
639 3378 680 3427 est
698 3370 891 3441 temporalium
908 3377 1028 3438 actuum,
1049 3369 1095 3440 qui
1112 3369 1158 3424 1111
1175 3369 1236 3425 Deo
1255 3370 1304 3424 tri-
1328 3377 1386 3421 tum
1410 3370 1538 3428 homines.
1574 3370 1707 3441 Majorem
1734 3372 1835 3444 probat
1862 3390 1894 3428 ex
1919 3373 1998 3429 Rom.
2026 3379 2056 3438 3,
2079 3393 2106 3431 v.
2134 3381 2161 3430 3:

447 3460 599 3526 buuntur,
615 3474 670 3511 nou
691 3457 877 3529 qualicunque
895 3457 987 3529 exigui
1005 3457 1136 3527 temporis
1156 3456 1302 3528 particula,
1329 3457 1476 3526 Numquid
1500 3459 1614 3512 illoram
1640 3460 1824 3513 incredulitas
1845 3461 1931 3528 fidem
1950 3461 2010 3513 Dei
2027 3463 2161 3515 macerat!

468 3552 518 3600 aut
539 3544 636 3617 quovis
658 3549 722 3598 actu
746 3544 856 3615 incepto
877 3544 984 3599 scilicet
1004 3551 1032 3598 et
1052 3544 1178 3599 inchoato
1193 3549 1302 3598 tantum
1328 3542 1402 3596 unde
1424 3542 1521 3613 infert,
1548 3547 1625 3614 qaod
1646 3562 1702 3613 per
1728 3562 1843 3616 sequens
1861 3554 2010 3614 peccatam
2029 3548 2159 3616 justitiae

469 3637 519 3687 aut
540 3630 624 3686 semel
650 3630 732 3685 modo
755 3636 867 3702 peracto
885 3636 912 3684 et
931 3630 1075 3701 paululum
1096 3630 1226 3699 durante,
1253 3631 1301 3684 sed
1325 3630 1439 3698 priores
1470 3632 1604 3685 oblivioni
1633 3634 1797 3700 tradantur,
1827 3631 1857 3684 in
1886 3639 2019 3700 quantum
2046 3635 2199 3698 11111111,

465 3720 547 3790 juxta
564 3735 667 3773 morem
687 3715 806 3787 Spiritus
824 3736 846 3773 s.
868 3716 902 3772 de
920 3723 1041 3787 tempore
1061 3722 1172 3770 extenso
1191 3722 1220 3771 et
1237 3724 1302 3772 actu
1328 3717 1488 3770 meritoriae
1512 3719 1584 3771 vitae
1610 3727 1753 3786 edernae,
1782 3737 1837 3772 non
1865 3727 1955 3772 tamea
1979 3719 2009 3773 in
2029 3731 2161 3791 mantum

468 3805 627 3860 continuato
649 3819 682 3857 ac
700 3802 823 3873 perfecto
842 3803 925 3873 (quod
946 3809 974 3857 et
991 3803 1052 3874 ipsa
1069 3802 1215 3857 verborum
1234 3811 1300 3858 tem·
1325 3803 1443 3865 fremant
1467 3804 1647 3873 impeditione
1666 3806 1788 3874 peccati.
1828 3805 2054 3876 Respondemus:
2076 3808 2162 3880 .0pus

469 3907 538 3962 pora
560 3890 605 3943 hic
624 3890 715 3960 posita
732 3889 888 3960 designant)
913 3888 1094 3960 intelligenda
1113 3895 1193 3954 sunt,
1214 3894 1241 3945 et
1262 3889 1301 3944 sic
1328 3889 1380 3944 Dei
1404 3890 1563 3945 absolutum
1591 3896 1620 3946 et
1637 3891 1825 3947 immediatum
1844 3911 1895 3964 per
1913 3892 2040 3948 homiues
2058 3894 2162 3950 irritari
2191 3884 2195 3896 ’

469 3978 545 4033 nulli
560 3975 653 4030 vocati
668 3994 703 4028 aa
714 3976 867 4044 ι1111171111·
885 3981 958 4041 sunt,
974 3975 1119 4030 vocatione
1138 3976 1244 4031 scilicet
1257 3994 1300 4030 ex·
1314 3976 1436 4047 ¹nequit,
1453 3976 1518 4032 Esa.
1541 3983 1584 4045 11,
1602 3996 1628 4032 u.
1648 3984 1690 4034 27.
1711 3994 1735 4033 c.
1755 3984 1802 4044 46,
1820 3997 1846 4036 v,
1865 3986 1901 4034 10.
1922 3978 2000 4036 Esth.
2025 3985 2069 4051 13,
2092 4000 2118 4038 v,
2136 3989 2161 4038 9.

468 4071 547 4120 tensa
571 4069 654 4134 atque
675 4062 710 4115 ad
729 4061 811 4116 finem
830 4060 904 4116 vitae
923 4061 1040 4116 durante
1059 4068 1087 4117 11
1101 4062 1301 4133 justificatione
1327 4062 1407 4118 Rom.
1426 4068 1456 4131 c,
1473 4081 1498 4114 v.
1521 4069 1558 4117 19.
1584 4062 1633 4117 illa
1656 4070 1748 4118 autem
1769 4082 1866 4135 opera,
1894 4082 1964 4137 quae
1987 4065 2066 4122 Deus
2086 4072 2161 4123 certo

469 4151 600 4205 continua
630 4150 665 4204 ab
692 4147 765 4203 omni
792 4146 900 4202 mortali
928 4153 1042 4217 peceato
1060 4147 1142 4219 hujus
1158 4148 1232 4203 vitae
1253 4156 1303 4203 aut
1328 4150 1417 4206 ordini
1436 4149 1548 4203 inclusit
1566 4154 1594 4204 et
1612 4150 1671 4220 ipse
1691 4150 1832 4221 limitavit,
1851 4169 1884 4206 ea
1902 4159 1994 4224 potest
2013 4153 2097 4208 homo
2115 4172 2160 4209 an·

470 4253 557 4307 usque
576 4235 613 4289 ad
632 4234 715 4289 finem
734 4239 940 4305 perseverante,
958 4233 1010 4286 uisi
1031 4234 1080 4287 soli
1102 4233 1196 4297 111111,
1223 4251 1302 4305 prae·
1329 4237 1444 4292 nihilarc
1471 4242 1499 4291 et
1520 4235 1666 4293 infirmare.
1703 4237 1804 4295 Genea.
1826 4244 1868 4302 17,
1893 4258 1918 4296 v.
1941 4245 1980 4296 14.
2005 4238 2065 4310 ipse
2086 4240 2163 4296 Deus

471 4321 614 4389 destinati,
648 4319 802 4392 glorificati.
844 4319 922 4373 Rich.
952 4318 1091 4372 Thomson
1123 4319 1152 4373 in
1184 4319 1442 4434 diatribeqasserit,
1469 4322 1607 4378 homiuem
1630 4341 1711 4395 posse
1739 4324 1837 4381 foedus
1861 4325 2077 4381 circumcisionis
2104 4329 2163 4382 irri-

341 4421 374 4465 ta
393 4424 457 4466 1111,
471 4410 506 4464 de
525 4407 616 4462 amisa.
635 4407 742 4479 matisc
762 4424 785 4462 1.
806 4413 828 4460 5.
848 4423 875 4474 p.
897 4407 976 4460 11,11
1018 4404 1147 4459 laelium.
1164 4412 1304 4479 11111.
1329 4419 1388 4466 tum
1411 4409 1512 4466 facere.
1549 4409 1650 4465 Confer
1667 4411 1768 4470 Erech.
1793 4417 1840 4481 16,
1864 4431 1890 4468 v.
1911 4418 1951 4469 59.
1971 4410 2034 4481 vAd
2058 4413 2164 4469 dictum

341 4473 459 4568 2222&
472 4499 557 4550 Dona
578 4490 1107 4565 111101011011111101111111111111111.
1144 4492 1219 4565 Ergo
1235 4512 1304 4566 quos
1330 4497 1447 4568 apostoli
1469 4514 1539 4568 resp.
1565 4514 1598 4552 ex
1622 4515 1654 4553 eo
1676 4499 1750 4569 quod
1777 4498 1890 4571 quidam
1915 4498 2007 4570 gratia
2024 4500 2164 4570 excidunt,

314 4642 315 4645 Ἴ
342 4635 396 4672 'm
1316 4583 1385 4638 ‘nou
1407 4581 1539 4654 sequitur,
1561 4583 1644 4639 fidem
1669 4583 1722 4639 Dei
1746 4584 1825 4640 reddi
1848 4585 2009 4640 mutabssem
2032 4586 2079 4642 vel
2103 4605 2164 4642 eva-

338 4688 400 4730 vm.
414 4685 458 4729 111
471 4674 586 4740 possunt
611 4668 709 4722 iterum
731 4667 821 4739 gratia
845 4667 904 4736 ejus
925 4664 1057 4720 excidere.
1094 4666 1254 4721 ”Paraeus
1275 4667 1302 4721 in
1316 4626 1413 4725 leuari.
1446 4668 1682 4741 Distinguendum
1701 4671 1771 4725 inter
1789 4671 1959 4726 voluntatem
1977 4670 2031 4727 Dei
2053 4672 2163 4729 absolu·

343 4745 447 4822 ‹ipses-
471 4772 567 4812 comm.
587 4754 665 4808 Rom.
684 4753 750 4810 dub.
774 4759 812 4808 11.
830 4770 857 4822 p.
879 4758 942 4807 729:
967 4753 1054 4804 Dona
1080 4754 1140 4805 Dei
1164 4716 1385 4825 ipsimet-ltam
1406 4763 1433 4809 11
1452 4755 1632 4824 ordinariam
1661 4756 1696 4810 de
1720 4756 1768 4810 illa
1793 4774 1855 4810 cum
1876 4756 2018 4828 Scriptura
2037 4758 2163 4824 dicimus,

343 4822 457 4892 μέλω·
470 4847 537 4910 insa
563 4859 703 4910 narrqetam
731 4839 964 4912 eripiunturtnec
994 4837 1158 4890 anzittuntur
1181 4827 1295 4907 penitas
1315 4813 1403 4924 lquod
1429 4858 1571 4911 nunquam
1597 4840 1764 4909 infirmetur,
1793 4843 1827 4896 de
1850 4842 1902 4897 hac
1927 4859 2060 4913 praesens
2087 4846 2163 4901 locus

470 4932 559 4985 Fides
594 4929 743 4981 electorum
782 4933 821 4978 eet
858 4927 960 4978 domim
996 4925 1054 4977 Dei
1089 4921 1376 5043 ipssapaqrorqait,
1396 4927 1469 4998 quod
1488 4944 1630 4996 nunquam
1648 4928 1683 4982 sit
1704 4927 1788 4998 ἀργὸς
1808 4929 1852 4983 vel
1871 4928 1975 5000 ἀεργός.
2011 4930 2068 4986 Per
2080 4931 2164 4988 fidem

469 5018 553 5089 Ergo.
590 5013 812 5083 Respondemus:
831 5011 922 5065 Locus
940 5010 1106 5082 apostolicus
1125 5010 1381 5113 accipiendusyDei
1407 5012 1475 5066 nihil
1498 5012 1573 5066 aliud
1598 5013 1762 5085 intelligitur
1784 5032 1867 5087 quam
1893 5022 1969 5071 certa
1987 5016 2040 5071 Dei
2061 5017 2097 5073 de
2116 5019 2164 5075 ho-
2194 5020 2199 5081 ζ

470 5110 583 5160 estnon
602 5101 736 5168 absolute,
754 5099 992 5167 sedeomporate,·
1009 5114 1060 5151 nec
1074 5116 1105 5153 ex
1117 5102 1197 5168 parte
1209 5099 1431 5181 nostri,3miuum
1455 5099 1543 5153 salute
1565 5098 1691 5153 voluntas
1712 5104 1740 5155 ct
1757 5101 1929 5171 constitutio,
1948 5119 1997 5157 seu
2014 5104 2119 5159 veritas
2137 5111 2165 5161 11
2193 5140 2199 5165 ,-

469 5191 664 5259 sed-respectu
684 5185 745 5254 Dei,
764 5184 841 5239 Deus
860 5191 902 5239 est
918 5182 1122 5257 ‹ipsrnptiqroe
1142 5184 1169 5238 in
1189 5202 1239 5238 sua
1256 5186 1448 5294 voqfidelitas
1478 5185 1531 5239 Dei
1562 5185 1590 5239 in
1620 5187 1761 5242 servandis
1785 5188 1842 5241 suis
1867 5189 2112 5259 promissionibus,
2137 5200 2165 5249 at
2184 5202 2199 5249 .“

468 5278 576 5332 luntate
602 5282 628 5328 11
647 5277 776 5326 constans
796 5271 823 5325 in
842 5269 1070 5342 promissionibus
1090 5270 1160 5338 suis,
1186 5273 1234 5326 sed
1254 5272 1452 5344 per.quumvis
1471 5272 1584 5344 quidam
1602 5272 1672 5328 banc
1690 5275 1855 5330 ordinariam
1871 5276 1944 5330 viam
1962 5275 2062 5331 salutis
2077 5279 2163 5351 negli-

470 5363 598 5418 accidens
618 5362 691 5415 dona
708 5357 761 5413 Dei
781 5365 808 5413 et
826 5355 963 5413 beneficia
980 5365 1046 5411 sunt
1063 5356 1167 5424 estqui,
1187 5337 1396 5437 possuntlgant
1414 5367 1442 5413 et
1458 5359 1576 5430 gratiam
1594 5361 1756 5430 promissam
1772 5377 1828 5415 non
1840 5362 1983 5432 recipiant,
2000 5380 2058 5418 uon
2070 5370 2164 5422 tamen

470 5450 505 5504 ab
523 5448 680 5504 hominibus
699 5445 816 5513 auferri,
846 5444 956 5516 quando
984 5444 1107 5498 homiues
1134 5444 1161 5497 in
1187 5451 1361 5514 peccataea
1385 5444 1454 5498 fides
1479 5451 1521 5500 est
1546 5444 1643 5516 ἀργός,
1668 5446 1720 5502 hoc
1746 5452 1787 5501 est
1810 5447 2004 5518 promissiones
2031 5449 2087 5505 Dei
2109 5470 2164 5508 uon

469 5544 566 5591 contra
575 5532 769 5590 conscientiam
782 5531 970 5603 prolabuntur.
986 5530 1219 5602 Distinguendum
1232 5530 1303 5585 inter
1328 5530 1480 5585 redduntur
1510 5548 1613 5585 vacuae
1644 5538 1672 5587 et
1703 5534 1812 5602 inanes,
1845 5538 1909 5587 suut
1935 5534 2006 5588 enim
2034 5535 2165 5594 efficaces

469 5619 762 5684 1111111011111111
777 5619 950 5674 observatam
963 5625 990 5673 et
1002 5619 1038 5673 ab
1053 5618 1150 5673 iisdem
1161 5616 1301 5673 violatam.
1314 5584 1316 5672 l
1327 5617 1402 5687 apud
1423 5635 1477 5681 eos,
1496 5617 1543 5688 qui
1563 5618 1681 5689 gratiam
1702 5618 1823 5674 oblatam
1836 5619 1981 5689 recipiunt.
2009 5619 2063 5675 Est
2078 5623 2166 5695 igitur

469 5708 558 5764 Priori
586 5713 712 5778 respectu
744 5706 818 5761 dona
847 5713 911 5760 sunt
942 5705 1181 5778 alpsrapiiqra.**
1228 5703 1371 5767 Quinlhic
1390 5719 1499 5757 sensus:
1518 5704 1593 5756 Nam
1612 5705 1751 5758 leoninum
1772 5703 1901 5770 ἀπιστία,
1919 5707 2009 5760 idest
2023 5709 2165 5778 perfidia,

469 5813 565 5851 sensus
583 5793 752 5865 pronuntiati
765 5792 909 5864 apostolici
920 5797 999 5863 patet
1010 5809 1042 5847 ex
1055 5795 1192 5846 contextu.
1221 5790 1301 5855 Quod
1327 5791 1408 5854 iidem
1430 5789 1496 5852 Dei,
1516 5789 1548 5841 id
1567 5797 1607 5842 est
1623 5791 1722 5852 fideles
1741 5810 1774 5844 ae
1793 5799 1948 5845 constantes
1969 5794 2025 5846 Dei
2039 5797 2167 5864 promis·

470 5880 543 5938 enim
572 5880 606 5938 de
629 5880 800 5937 ludaeorum
824 5884 907 5952 gente
924 5878 1065 5951 apostolus
1084 5877 1205 5943 dixerat,
1227 5877 1301 5951 quod
1327 5877 1434 5944 1101111,
1457 5875 1635 5948 καταργήσει,
1662 5877 1695 5930 id
1719 5885 1759 5932 eet
1777 5876 1876 5931 irritos
1893 5879 1984 5944 faciet
2002 5888 2030 5935 et
2046 5898 2166 5939 macua-

341 4576 433 4619 ’ΝΜ
471 4582 555 4638 semel
582 4582 658 4636 Deus
681 4581 791 4636 vocavit
815 4586 843 4634 et
867 4578 970 4649 Spiritu
989 4595 1039 4631 suo
1057 4578 1184 4648 donavit,
1211 4581 1303 4635 iinon
