4800 6659
434 443 497 503 243
1056 431 1181 493 nocue
1198 429 1369 491 bacmos
1387 432 1516 494 nouus
1570 441 1587 480 ··
1655 401 1658 407 ’

433 591 545 647 ridetur
562 591 700 662 explicare
717 591 888 664 mysterium,
906 590 982 664 quod
999 596 1131 662 posuerat
1141 590 1171 644 in
1185 587 1269 643 histo
1297 595 1502 645 sacramentum
1514 588 1692 659 initiationis3
1710 588 1752 646 its
1767 590 2135 649 sscrssomsest-msdimn

435 678 761 749 naevsngelicac.19.
1298 676 1529 747 augmentationis
1554 682 1583 731 et
1607 676 1847 735 corroboretionis.
1887 676 2005 748 Utpsr
2033 677 2136 749 bsptis-

305 772 397 825 sorra
472 772 513 820 55.
550 771 573 819 3.
596 764 638 818 Ex
658 772 680 819 1.
696 763 761 821 lob.
782 771 811 829 5,
828 782 852 820 r.
872 770 900 819 8:
931 766 1001 818 Tres
1020 772 1097 831 sunt,
1124 762 1173 831 qui
1195 761 1271 814 teeti·
1298 779 1373 816 mum
1392 762 1422 817 in
1439 764 1539 818 foedus
1555 751 1611 818 Dei
1630 763 1795 834 recipimur3
1812 764 1854 818 ita
1868 781 1920 836 per
1939 782 2023 819 usum
2042 780 2136 819 sacrae

306 830 402 926 :iginii
436 853 558 916 ficantur
574 852 604 904 in
624 860 710 915 terra,
731 851 865 920 Spiritus,
885 868 961 919 aqua
978 850 1138 920 etsonquis,
1156 847 1205 902 ubi
1222 863 1273 916 per
1298 863 1401 902 coense
1426 850 1455 903 in
1483 850 1580 904 eodem
1600 866 1804 906 conversamur.
1839 850 1879 907 Ut
1897 868 1948 920 per
1966 850 2137 922 baptismum

307 929 331 1019 ἀἳ
345 933 406 1019 *θ’ζ*
438 936 570 1007 Spiritum
589 936 716 991 denotari
734 937 915 991 ministerium
932 936 1083 1007 evangelii,
1102 952 1152 1005 per
1170 950 1272 1003 aquam
1299 933 1420 989 salutare
1446 935 1516 990 illud
1546 937 1763 1008 regenerationis
1790 953 1824 990 sc
1849 936 2039 991 renovationis
2065 937 2136 992 lars-

308 991 412 1071 niir'b-u'
436 1024 614 1093 baptismum,
634 1041 685 1093 per
703 1025 864 1095 sanguinem
883 1040 997 1078 coenum
1009 1021 1182 1076 Dominicam
1193 1018 1274 1073 intel-
1300 1036 1377 1074 crum
1396 1020 1517 1102 Spiritus
1535 1040 1557 1076 a.
1576 1022 1606 1076 in
1624 1022 1703 1077 nobis
1722 1022 1850 1078 accendit
1867 1029 1896 1078 et
1914 1022 2021 1077 excitat
2038 1021 2136 1089 fidem

309 1085 363 1123 ω’·
439 1108 489 1180 ligi
525 1110 696 1164 ostendimus
731 1110 759 1163 in
789 1114 910 1163 tractatu
940 1109 1063 1179 proxime
1088 1106 1274 1179 praecedente
1299 1105 1340 1159 ita
1362 1122 1412 1176 per
1436 1124 1532 1163 sacrae
1555 1125 1657 1164 coense
1679 1126 1759 1163 nsum
1777 1109 1895 1164 eandem
1913 1113 2014 1180 suget,
2040 1108 2137 1164 eonon

438 1192 467 1269 ξ.
489 1201 529 1251 89.
554 1196 707 1264 repudiatis
731 1195 847 1250 aliorum
867 1194 1094 1265 expositionibus.
1129 1193 1189 1246 Aut
1206 1208 1273 1261 ergo
1300 1197 1359 1245 mat
1375 1198 1404 1247 et
1421 1194 1560 1263 obsignat.
1595 1193 1824 1265 Theophyla‘ctus
1841 1194 1872 1249 in
1887 1211 1913 1250 c.
1932 1201 1957 1252 9.
1974 1194 2057 1250 lob:
2081 1196 2137 1248 Per

436 1282 530 1352 plures
548 1281 637 1336 tribus
655 1288 736 1336 erunt
753 1288 837 1336 testes
856 1287 906 1335 ant
924 1281 980 1334 duo
1003 1286 1112 1334 tautum
1131 1284 1213 1334 erunt
1229 1294 1272 1331 sa·
1300 1296 1403 1347 aqsram
1430 1280 1562 1349 baptismi
1583 1282 1695 1351 quidem
1716 1299 1932 1350 regeneramur,
1954 1298 2011 1351 per
2036 1298 2138 1350 corpus

436 1374 586 1423 crementa.
622 1367 686 1422 Non
703 1373 795 1422 autem
815 1368 910 1438 plures
926 1366 1017 1421 tribus
1027 1370 1121 1427 testes,
1138 1370 1272 1419 utosten-
1300 1372 1390 1416 assum
1415 1372 1440 1417 et
1463 1365 1629 1434 sanquinem
1650 1364 1757 1419 Gbrieti
1771 1367 1926 1435 pascimur.
1962 1365 2139 1421 lombardus

438 1454 479 1508 dit
505 1453 616 1507 collatio
639 1470 665 1509 v.
685 1459 714 1508 7:
744 1461 801 1506 tres
825 1460 903 1521 sunt,
926 1454 975 1521 qui
997 1452 1182 1505 testimonium
1202 1446 1274 1503 dant
1301 1453 1325 1502 t.
1343 1456 1412 1505 sent.
1432 1449 1496 1506 dist.
1516 1457 1541 1507 6,
1561 1451 1601 1505 lit
1620 1450 1663 1504 A:
1693 1453 1752 1505 Per
1775 1452 1942 1521 baptismum
1960 1454 2139 1516 mandamur,

436 1541 467 1592 in
486 1539 578 1605 coelo,
598 1540 701 1606 Pater,
724 1539 843 1593 Verbum
860 1546 886 1591 et
905 1538 1031 1606 Spiritus
1048 1545 1174 1602 sanctus,
1198 1543 1225 1587 et
1243 1535 1274 1587 ln'
1297 1550 1351 1604 per
1370 1535 1570 1616 eucharistipm
1588 1539 1619 1591 in
1639 1538 1709 1590 bono
1727 1555 1966 1605 consummantum
1983 1537 2138 1607 baptismus

437 1632 494 1678 tres
511 1642 596 1677 unum
614 1632 694 1689 s‘unt;
718 1641 745 1680 v.
765 1628 795 1679 8:
816 1631 841 1677 et
858 1631 916 1677 tres
933 1631 1003 1691 sunt,
1022 1623 1072 1691 qui
1088 1622 1273 1676 testimonium
1300 1628 1393 1674 muas
1417 1622 1547 1675 citiorum
1568 1623 1731 1691 esstinpn't,
1756 1624 1928 1677 eukaristia
1946 1624 2139 1693 spiritualiter

437 1713 507 1765 dant
527 1712 558 1762 in
576 1718 661 1776 terra,
683 1709 819 1779 Spiritus,
839 1726 915 1778 aqrsa
934 1718 960 1762 et
980 1711 1106 1778 sanqrsis,
1124 1717 1151 1761 et
1168 1709 1198 1761 bi
1215 1716 1273 1761 tm
1295 1706 1399 1773 reficit.

436 1796 466 1849 in
484 1814 567 1849 unum
586 1803 658 1848 sunt.
695 1795 735 1851 Ut
760 1811 826 1866 ergo
845 1800 917 1862 tres,
944 1812 999 1849 non
1018 1793 1112 1865 plures
1133 1810 1185 1849 nec
1202 1810 1270 1864 peu·
1335 1798 1376 1849 58.
1412 1792 1529 1848 Veteres
1558 1799 1641 1863 prout
1667 1793 1835 1849 vocabulum
1860 1795 2028 1850 sacmmenti
2054 1794 2197 1889 utinam

435 1882 522 1938 ciores
548 1887 634 1937 testes
656 1881 686 1936 in
708 1882 800 1950 coelo,
823 1882 864 1935 its
887 1889 998 1952 quoque
1016 1888 1088 1948 tres,
1107 1896 1159 1935 nec
1177 1880 1272 1951 plures
1298 1879 1343 1934 vel
1360 1877 1483 1933 strictius
1501 1884 1647 1949 usurpant,
1665 1880 1834 1952 quandoque
1850 1881 1990 1951 pauciora.
2011 1881 2136 1954 qnando
2149 1905 2197 1941 m·

434 1985 485 2023 nec
507 1968 652 2038 pauciores
675 1974 760 2023 testes
784 1967 813 2022 in
841 1974 923 2023 terra.
955 1984 981 2020 v.
1001 1973 1030 2022 b:
1060 1968 1117 2022 Hic
1135 1975 1192 2036 est,
1223 1966 1274 2035 qui
1299 1982 1353 2037 que
1386 1966 1468 2036 plura
1495 1972 1669 2021 sacramenta
1697 1971 1852 2022 numerant
1893 1966 2013 2031 Quando
2044 1975 2138 2023 autem

433 2056 509 2108 uenit
523 2072 579 2124 per
596 2071 699 2123 aquam
719 2062 746 2107 et
761 2054 926 2121 sanquinem
943 2055 1030 2108 Jesus
1049 2054 1195 2119 Christum
1215 2071 1271 2106 non
1300 2057 1390 2122 egunt
1413 2051 1449 2105 de
1474 2051 1529 2105 iliis
1553 2052 1667 2122 ritibus,
1694 2054 1743 2123 qni
1763 2052 1895 2108 divinitus
1912 2055 1942 2108 in
1960 2053 1995 2110 N.
2010 2053 2046 2110 T.
2062 2054 2139 2109 insti·

433 2143 464 2193 in
482 2159 558 2209 aqua
576 2142 680 2206 solum,
698 2141 752 2193 secl
768 2141 799 2192 in
817 2156 894 2208 aqua
913 2147 939 2193 et
956 2140 1106 2207 sanmrina,
1131 2139 1179 2194 ubi
1197 2155 1273 2209 aqua
1299 2137 1367 2204 tuti,
1394 2143 1539 2191 externum
1563 2137 1673 2193 risibile
1697 2138 1910 2194 elemeutnm'et
1927 2140 2138 2211 promissionem

433 2226 604 2298 asanguine
622 2225 813 2296 distinguitur,
839 2224 969 2279 nimirum
988 2226 1053 2295 quia
1072 2224 1226 2295 baptismus
1244 2232 1273 2280 et
1299 2222 1436 2293 evangelii
1454 2223 1595 2293 propriam
1614 2223 1655 2277 illi
1672 2240 1809 2279 annexam
1826 2223 1939 2294 habent,
1960 2225 2018 2281 duo
2029 2232 2138 2281 mutum

435 2328 523 2367 coena
550 2312 699 2366 Dominica
726 2317 792 2366 sunt
820 2311 876 2365 duo
908 2311 1040 2365 distincta
1064 2311 1098 2367 N.
1123 2310 1155 2365 T.
1180 2327 1271 2366 sacra·
1299 2315 1473 2362 sacramenta
1493 2315 1647 2364 numerant
1682 2310 1812 2365 lustinus
1828 2310 1900 2381 epol.
1919 2316 1944 2366 2.
1966 2327 2018 2383 pro
2036 2310 2137 2369 ohan

435 2404 537 2455 menta.
574 2397 761 2452 Bellarminus
784 2396 802 2449 1.
825 2397 852 2451 d.
878 2395 1017 2467 disputat,
1044 2398 1205 2451 «Iohannem
1227 2416 1272 2451 oo·
1299 2413 1325 2465 p.
1347 2399 1388 2448 73.
1414 2394 1573 2449 describens
1594 2396 1664 2450 ritus
1687 2395 1823 2452 ecclesiae
1837 2397 1898 2451 sire
1918 2397 1949 2452 in
1967 2397 2137 2463 Palaestina,

434 2484 521 2539 luisse
534 2482 890 2552 ostendere-differentiam
902 2483 975 2535 inter
986 2483 1152 2551 baptismum
1167 2483 1275 2538 Christi
1299 2479 1348 2534 ubi
1375 2485 1458 2534 natus
1482 2479 1550 2544 fuit,
1573 2481 1631 2537 sive
1653 2481 1683 2535 in
1700 2480 1795 2551 Italia,
1821 2481 1870 2537 ubi
1887 2482 1961 2539 hanc
1979 2484 2137 2557 apologiam

434 2580 459 2624 et
480 2571 632 2637 lobannis,
650 2571 727 2638 qaod
742 2570 889 2622 lebannes
907 2571 1013 2623 uenerit
1031 2571 1061 2623 in
1078 2587 1155 2639 aqua
1173 2571 1272 2638 solum,
1299 2564 1397 2631 edidit,
1420 2565 1537 2620 duorum
1554 2567 1748 2621 tantummodo
1767 2574 2003 2624 sacramentorum
2021 2571 2136 2626 mentio

436 2659 468 2710 isi
492 2664 533 2710 est
557 2657 725 2725 baptismum
742 2656 868 2709 attulerit
887 2674 943 2711 non
962 2658 1121 2726 efficerent,
1146 2658 1273 2712 Christus
1298 2667 1361 2705 nem
1380 2650 1457 2707 facil.
1492 2650 1585 2707 Locus
1602 2660 1645 2708 est
1662 2652 1805 2725 egregins.
1827 2652 1889 2709 ideo
1907 2654 2061 2726 praecipua
2076 2657 2136 2728 eju!

435 2752 527 2797 ciuem
564 2742 691 2795 attulerit
725 2742 892 2810 baptismum
927 2743 1171 2812 efficacissimum,
1209 2761 1271 2796 cum
1298 2736 1422 2791 membra
1448 2737 1648 2793 adscribamus:
1686 2739 1832 2801 Quomodo
1859 2739 1971 2811 (inquit)
1997 2743 2064 2797 Dea
2086 2760 2137 2797 sos

434 2846 539 2898 aqrsam
563 2828 675 2881 dederit
696 2827 832 2896 sanguini
853 2844 904 2881 suo
928 2828 1089 2884 admistam.
1125 2827 1179 2883 Sed
1201 2828 1272 2884 haec
1299 2823 1487 2876 &caverim
1497 2840 1554 2892 per
1570 2825 1713 2879 Christum
1729 2826 1863 2889 renomti,
1881 2828 1942 2893 iam
1960 2844 2135 2897 saponem

434 2914 569 2985 expositio
596 2914 694 2968 nititur
719 2913 792 2967 falsa
818 2912 982 2984 hypothesi,
1013 2915 1088 2985 quod
1115 2914 1271 2985 baptismus
1301 2908 1462 2978 Quicunque
1476 2911 1611 2979 persuasi
1618 2913 1733 2980 suerint
1750 2914 1970 2982 etmediderint,
1985 2931 2134 2985 caraem,

433 3000 570 3057 lobannis
595 3018 651 3054 non
676 2999 761 3054 suerit
785 2998 885 3054 efficax
909 2999 946 3054 ad
965 2999 1153 3055 remissionem
1172 3018 1270 3071 pecca·
1298 3012 1370 3063 ustae
1387 3013 1406 3048 a
1424 2997 1504 3049 nobis
1522 2999 1674 3051 traduntur
1691 3006 1717 3051 et
1734 2998 1866 3053 dieunnn
1883 3017 1918 3053 ac
1936 3002 2030 3056 msere
2046 3019 2078 3056 se
2094 3004 2135 3056 ita

433 3093 524 3141 torum
544 3092 572 3141 et
590 3085 841 3158 regenerationem,
861 3087 942 3155 cujus
958 3087 1126 3141 contrarium
1144 3088 1269 3143 ostende
1293 3099 1378 3151 posse
1394 3085 1563 3151 receperint,
1589 3102 1673 3140 orare
1691 3086 1859 3155 jejunantes
1875 3094 1902 3140 et
1920 3095 2017 3156 petere
2035 3105 2056 3142 a
2073 3091 2135 3145 Dee

434 3189 496 3226 mus
514 3190 564 3227 suo
582 3173 651 3226 loco.
787 3210 790 3216 .
1294 3171 1426 3238 priorum
1447 3180 1628 3239 peccatorum
1652 3172 1844 3227 remissionem
1866 3175 2020 3239 docentur,
2046 3177 2136 3231 sone

470 3264 510 3313 56.
547 3264 571 3312 4.
601 3257 784 3313 Sacramenta
813 3256 848 3312 N.
878 3255 911 3312 T.
938 3257 1154 3326 correspondent
1179 3274 1270 3313 sacra-
1298 3273 1360 3309 oum
1376 3257 1438 3310 illis
1456 3276 1514 3310 una
1532 3268 1558 3312 et
1576 3260 1722 3313 orantibus
1741 3267 1768 3313 et
1777 3260 1984 3329 jejunantibus.
2022 3263 2136 3317 ΒΜ

436 3344 534 3397 mentis
554 3343 589 3399 V.
613 3343 646 3398 T.
673 3343 702 3396 in
729 3360 824 3397 eornm
849 3342 922 3396 enim
952 3341 1045 3395 locum
1071 3351 1270 3399 successerunt.
1298 3359 1330 3396 eo
1347 3345 1529 3398 adducuntur
1546 3363 1565 3398 a
1582 3345 1678 3414 nobis,
1701 3346 1752 3398 ubi
1774 3362 1852 3416 aqua
1875 3354 1917 3400 est
1935 3354 2020 3415 atqu
2037 3366 2073 3403 eo
2092 3366 2135 3403 re·

435 3430 523 3499 Atqui
548 3429 604 3483 duo
632 3434 741 3482 tantum
763 3429 876 3483 suerunt
900 3427 935 3483 V.
953 3428 987 3484 T.
1013 3434 1187 3484 sacramenta
1208 3448 1270 3501 pro·
1297 3431 1487 3495 cenerationis
1504 3432 1603 3500 modo,
1627 3448 1682 3501 quo
1706 3432 1764 3501 ipsi
1780 3433 1941 3503 repeserati
1956 3450 2068 3502 mmus,
2092 3452 2135 3489 re·

435 3516 496 3586 prie
514 3515 554 3569 sic
574 3515 656 3582 dicta,
674 3514 806 3569 videlicet
824 3514 996 3569 circumcisio
1010 3522 1140 3587 stagnus
1154 3517 1271 3586 pascha·
1297 3524 1482 3583 ponerentur,
1513 3534 1580 3570 nam
1605 3518 1766 3571 innomine
1785 3536 1881 3573 reram
1903 3526 2070 3573 masuram
2084 3539 2141 3591 pa-

306 3635 332 3661 „
348 3636 382 3661 ,.
433 3600 482 3663 lis,
508 3606 540 3653 ut
563 3600 732 3655 ostendimus
757 3600 785 3653 in
806 3606 926 3655 tractatu
944 3600 1068 3671 proxime
1087 3605 1272 3671 praecedente
1297 3602 1386 3655 rentis
1418 3611 1444 3655 et
1476 3605 1595 3657 Domini
1624 3605 1683 3656 Dei
1712 3611 1738 3657 st
1762 3605 1915 3658 seruatoris
1944 3605 2039 3659 nostri
2066 3607 2147 3660 Jesrs

435 3684 463 3760 ξ.
482 3692 524 3741 65.
543 3692 571 3740 et
589 3703 666 3756 seqq.
703 3686 779 3756 Ergo
799 3685 881 3740 etiam
902 3686 936 3742 N.
955 3685 987 3742 T.
1007 3694 1073 3740 sunt
1090 3693 1198 3743 tantum
1215 3690 1271 3744 duo
1299 3686 1406 3742 Christi
1434 3698 1460 3741 et
1487 3689 1613 3757 Spiritus
1637 3707 1660 3747 s.
1687 3691 1717 3741 in
1739 3707 1816 3759 aqua
1842 3697 1900 3743 nem
1923 3690 2060 3745 tamesae
2085 3699 2146 3747 etc.

434 3779 621 3836 sacramenta,
648 3772 780 3825 videlicet
802 3769 972 3841 baptismus,
994 3774 1043 3845 qui
1069 3775 1202 3829 successit
1219 3775 1270 3830 cir·
1297 3791 1325 3844 p.
1353 3781 1399 3829 tt:
1433 3775 1555 3827 Vocatur
1587 3792 1653 3827 uero
1684 3776 1760 3827 illuri
1792 3777 1936 3830 laeaerum
1962 3776 2149 3834 §mentm

434 3860 610 3928 cumcisioni,
646 3858 705 3915 Col.
728 3864 758 3926 2,
783 3876 809 3914 v.
831 3864 873 3913 ll:
905 3861 940 3912 In
972 3859 1083 3915 Christo
1113 3863 1273 3915 circumcisi
1299 3858 1481 3932 (eutropio),
1508 3861 1586 3927 quod
1601 3877 1712 3927 eorum,
1731 3862 1782 3930 qui
1800 3862 1868 3915 base
1887 3862 2016 3931 dumet,
2032 3872 2154 3920 mentae

435 3946 500 3998 estis
520 3946 731 4000 circumcisione
749 3963 805 3998 non
824 3962 909 3997 manu
926 3945 1009 4009 sucta
1026 3946 1056 3998 in
1068 3948 1271 4015 exspoliatione
1297 3946 1499 3999 illuminentur.
1535 3961 1562 4014 p.
1584 3948 1627 3998 76:
1659 3946 1720 3997 Nos
1744 3955 1838 4000 amem
1860 3949 2014 4001 secundam
2039 3950 2158 4021 baja?

434 4032 563 4097 eorporis
579 4040 762 4099 peccatorum
781 4030 877 4084 carnis
895 4030 925 4083 in
938 4031 1271 4086 circumcisionecbrssti.
1298 4033 1377 4084 modi
1393 4031 1561 4084 lavationem
1587 4032 1745 4085 credentem
1770 4034 1832 4099 jam
1847 4040 1873 4086 et
1890 4035 1970 4088 nobis
1994 4037 2165 4091 smnus·

434 4114 471 4168 Et
496 4133 584 4171 coena
608 4115 769 4185 Dominics,
798 4133 870 4188 quae
888 4116 1022 4170 successit
1045 4134 1118 4188 agno
1137 4119 1270 4188 paschali,
1297 4120 1338 4170 ad
1363 4120 1473 4184 fratres
1503 4117 1554 4186 qui
1578 4116 1710 4171 dicunntur
1746 4135 1778 4171 eo
1805 4119 1987 4189 addiscimus,
2017 4123 2072 4176 abi
2093 4116 2180 4179 itto‘

336 4206 373 4247 ¹¹·
386 4205 418 4247 lb·
434 4200 533 4255 Matth.
553 4208 595 4270 26,
614 4220 640 4257 v.
659 4209 704 4258 23:
731 4204 788 4256 Hic
807 4211 847 4256 est
864 4204 981 4270 sanquis
999 4220 1076 4256 meus
1096 4207 1132 4259 N.
1157 4206 1204 4273 T.,
1222 4207 1272 4274 qui
1297 4205 1462 4274 conpreqati
1476 4212 1541 4258 ssent
1558 4207 1600 4257 ad
1616 4223 1773 4259 communes
1787 4223 1890 4276 preces
1907 4215 1936 4260 et
1949 4209 2177 4279 supplieasieae

428 4305 486 4357 pro
513 4289 609 4341 multis
636 4291 790 4360 effunditur
814 4291 844 4342 in
866 4290 1056 4344 remissionem
1078 4299 1268 4359 peccatorum.
1296 4308 1345 4344 nes
1368 4308 1430 4343 mum
1449 4309 1506 4360 pro
1530 4308 1560 4344 se
1586 4292 1658 4361 ipsis
1682 4301 1740 4345 tum
1761 4309 1819 4361 pro
1841 4292 2003 4347 slluminatc
2022 4304 2051 4350 et
2070 4299 2191 4352 alito

376 4431 379 4436 ,
431 4372 539 4428 Referri
570 4372 625 4428 huc
654 4382 746 4444 potest
773 4376 850 4429 locus
883 4375 1052 4446 apostolicus
1091 4382 1111 4430 1.
1139 4376 1201 4434 Cor.
1231 4385 1269 4446 10,
1296 4378 1397 4445 ubiqrse
1419 4377 1542 4444 gentium
1566 4378 1692 4430 omnibus
1710 4378 1805 4432 animo
1822 4379 1928 4432 intento
1941 4385 2187 4451 peragentes-9

430 4475 457 4515 v.
480 4467 507 4515 1:
538 4461 613 4513 Nolo
640 4480 687 4515 sos
715 4464 849 4529 iquorare
867 4464 997 4529 fratres,
1024 4463 1155 4530 quoniam
1169 4473 1270 4533 patres
1296 4471 1326 4515 ut
1349 4463 1431 4531 dipni
1450 4463 1600 4531 idoneiqne
1625 4465 1725 4530 simus,
1750 4464 1935 4531 quiverimus
1956 4469 2062 4535 agnda
2082 4475 2192 4540 pe?

431 4547 524 4621 nogtrs'
547 4563 641 4598 ornnes
663 4548 713 4599 sub
733 4550 803 4603 nube
824 4549 947 4616 suerunt
968 4555 994 4599 st
1013 4565 1107 4601 omnes
1122 4566 1175 4617 per
1192 4567 1270 4602 more
1296 4565 1384 4619 opera
1407 4548 1492 4600 etiam
1519 4549 1578 4618 ipsi
1598 4549 1666 4602 boni
1681 4557 1765 4618 atque
1783 4549 1908 4618 officiosi
1923 4567 2023 4606 rerum
2042 4554 2191 4609 adal*

430 4633 618 4701 transierunt;
649 4649 675 4688 v.
701 4638 732 4687 2:
764 4642 789 4687 et
817 4651 910 4687 osnrsee
935 4636 966 4687 in
992 4634 1111 4700 Moysen
1137 4635 1272 4704 baptisati
1296 4634 1461 4687 nistratorcs
1484 4642 1510 4687 et
1533 4636 1665 4687 datorum
1687 4636 1767 4687 nobis
1786 4636 2193 4696 matorum-suendae

430 4720 541 4772 suntin
559 4719 629 4771 nube
648 4726 675 4771 et
692 4720 783 4785 mari,-
802 4737 828 4773 v.
842 4725 872 4776 ³:
891 4728 917 4773 et
936 4738 1029 4773 omnes
1047 4722 1164 4774 eundem
1177 4739 1269 4776 escam
1295 4721 1468 4774 inveniamur
1497 4729 1581 4789 atque
1608 4728 1638 4773 uc
1662 4722 1753 4774 salute
1780 4721 1922 4775 salvemur
1950 4726 2190 4795 sempeterna·

429 4804 606 4874 spiritualem
633 4807 828 4872 comederunt,-
858 4823 884 4861 v.
912 4812 945 4859 t:
975 4814 1001 4858 et
1028 4822 1122 4859 omnes
1151 4810 1268 4860 eundem
1294 4809 1321 4860 A
1340 4807 1473 4876 precibus
1490 4808 1584 4875 finitis
1602 4808 1704 4860 mutuis
1721 4825 1773 4861 nos
1791 4808 1908 4862 inuicem
1927 4810 2037 4865 oseule’s
2055 4814 2183 4867 salar

425 4899 524 4961 potum
540 4889 718 4958 spiritualem
738 4888 877 4956 biberunt,
898 4890 1024 4944 bibebant
1044 4900 1138 4945 autern
1157 4894 1193 4945 de
1211 4894 1268 4960 spi·
1294 4902 1393 4946 tamus.
1430 4894 1543 4945 Deinde
1561 4893 1601 4960 ei,
1622 4894 1672 4963 qui
1689 4895 1831 4953 fratribus
1848 4902 1971 4962 praeest,
1989 4899 2029 4966 rei
2048 4916 2181 4973 πρᾳε*

430 4976 532 5030 rituali
560 4982 739 5043 consequente
768 4990 815 5027 eos
839 4984 941 5043 petra,
971 4986 1057 5046 petra
1085 4986 1177 5031 autem
1206 4988 1269 5031 erat
1294 4981 1373 5032 στώτι
1393 4977 1608 5049 residetque,
1628 4980 2030 5049 offerturpanisetpoculssm
2043 4990 2181 5056 aqrsaO

433 5062 575 5126 Christum
598 5060 646 5115 ubi
670 5066 778 5113 tautum
795 5060 910 5115 duorum
931 5070 1173 5132 sacramentorum,
1191 5064 1267 5119 vide·
1294 5074 1321 5120 et
1336 5065 1411 5130 uini,
1436 5066 1535 5132 qreibus
1554 5065 1603 5118 ille
1622 5066 1744 5135 coeptis
1762 5066 1883 5130 laudm,
1901 5075 1928 5120 et
1946 5067 2076 5137 gloriam
2093 5082 2174 5125 ro·

431 5148 497 5203 licet
514 5145 645 5217 baptismi
667 5153 696 5200 et
717 5161 813 5198 sacrae
832 5160 949 5211 coenae,
974 5156 1058 5218 typos
1077 5155 1106 5204 et
1124 5149 1268 5221 analogias
1293 5169 1356 5203 rum
1373 5149 1568 5204 universarum
1586 5153 1702 5219 parenti
1713 5169 1769 5221 per
1786 5170 1886 5206 nomen
1903 5154 1980 5207 Filii
1995 5164 2023 5209 st
2042 5150 2168 5227 spiri·

432 5233 575 5304 apostolus
594 5250 627 5288 ex
647 5233 681 5289 V.
699 5231 732 5288 T.
753 5231 869 5302 quaerit.
1175 5268 1181 5279 ·
1295 5245 1340 5288 tus
1370 5237 1462 5289 sancti
1489 5237 1571 5305 offert
1600 5245 1626 5289 et
1657 5239 1856 5292 euobariniam
1885 5240 1944 5293 siue
1973 5243 2162 5309 Μαιῶται»

301 5303 419 5395 ξ’,ἒξιὲυο
469 5326 509 5377 bi.
547 5328 570 5375 5.
594 5320 658 5374 Duo
685 5319 734 5373 illa
762 5325 935 5371 sacramenta
962 5336 979 5372 a
1002 5319 1112 5375 Christo
1140 5320 1269 5376 instituta
1287 5323 1432 5375 'actionem
1447 5340 1501 5390 pro
1520 5340 1566 5391 eo,
1592 5326 1669 5392 quod
1687 5343 1738 5378 uos
1759 5327 1842 5379 donis
1858 5326 1934 5379 bisce
1952 5328 2014 5381 sae
2032 5330 2153 5399 diana·

221 5404 223 5410 ’
303 5407 333 5447 ⁸⁴¹
348 5408 401 5446 eser
434 5405 576 5460 sufficiunt
601 5406 680 5461 nobis
704 5405 741 5459 ad
757 5404 822 5458 fidei
841 5402 1077 5460 confirmationem
1094 5415 1122 5462 et
1140 5409 1266 5465 salutem.
1294 5418 1339 5461 tus
1366 5410 1416 5474 sit,
1444 5410 1555 5477 proiice
1580 5411 1745 5479 exsequitur.
1783 5414 1877 5481 Atque
1900 5412 1951 5465 ubi
1958 5414 2021 5469 ¹sile
2033 5416 2174 5485 Μ’

303 5459 420 5551 {iiiiii}
433 5489 508 5561 Ergo
534 5508 589 5545 non
619 5509 688 5561 opus
712 5497 754 5547 est
782 5490 863 5561 plura
887 5490 997 5544 addere.
1034 5492 1074 5547 Ut
1092 5511 1142 5563 per
1162 5494 1268 5565 baptis·
1294 5502 1321 5546 at
1341 5495 1500 5562 pretiorum
1521 5496 1658 5549 actionem
1676 5498 1809 5559 absoluit,
1823 5499 1956 5567 populus,
1976 5500 2029 5569 qui
2044 5498 2138 5558 adedo

303 5562 401 5654 :fflf‘m
433 5593 507 5630 mum
539 5578 574 5629 ad
601 5579 774 5647 spiritualem
799 5578 884 5632 vitam
911 5593 1121 5648 regeneramur3
1155 5581 1194 5634 ita
1217 5597 1268 5650 per
1294 5581 1391 5641 omnis,
1404 5583 1510 5648 fausta
1531 5583 1735 5650 approbatione
1754 5584 1902 5653 acclamat,
1921 5587 2020 5639 dicens
2032 5593 2130 5641 Am

305 5666 377 5707 eines.
432 5679 538 5717 sacram
565 5679 679 5718 coenam
703 5665 731 5718 in
757 5681 790 5719 ea
812 5664 956 5719 nutrimur.
992 5664 1032 5720 Ut
1051 5664 1204 5735 baptismus
1224 5672 1267 5721 est
1292 5667 1467 5720 Proindens
1484 5685 1550 5720 uero
1567 5677 1715 5737 postquam
1734 5671 1894 5738 qratiarum
1912 5673 2050 5728 actionem
2064 5683 2124 5744 pff·
