4800 6659
935 633 1279 743 nasicasrsnrrra.
1894 692 1954 753 ros

218 845 383 918 &graiae
401 849 496 901 tamen
516 851 688 901 samameuta
705 842 741 899 ob
754 843 784 898 id
801 859 857 898 non
876 842 1005 897 desinunt
1014 842 1052 911 ‚in
1069 857 1099 896 se
1110 853 1114 916 Ι
1125 841 1203 905 stoli,
1230 841 1328 896 sedin
1348 840 1438 897 animo
1456 840 1633 910 Bellarmini3
1669 844 1693 897 2.
1712 839 1794 897 docet
1813 842 1886 897 enim
1904 844 1957 900 Pe·

271 949 325 987 esse
342 931 373 986 id
392 931 469 1003 quod
487 937 560 999 sunt,
580 930 710 987 videlicet
722 929 878 984 divinarum
889 928 1099 1000 promissionum
1124 936 1197 993 trus,
1228 928 1394 998 baptismum
1412 944 1471 984 esse
1490 926 1747 999 interrogationem,
1779 944 1861 1000 quarn
1884 928 1957 984 inter

270 1017 413 1090 signacula
437 1025 466 1073 et
492 1018 598 1089 gratiae
620 1018 729 1072 divinae
757 1016 920 1071 testimonia
957 1014 1099 1069 Iniantum
1126 1015 1216 1069 Deum
1247 1021 1276 1069 et
1305 1021 1493 1086 peccatorem,
1523 1014 1571 1086 qui
1601 1012 1771 1084 baptisatur,
1797 1016 1891 1087 agitur
1922 1016 1956 1071 de

269 1106 319 1159 alia
337 1109 383 1160 est
398 1104 484 1172 ratio,
511 1104 559 1176 qui
588 1121 651 1158 curn
669 1103 771 1157 actuali
788 1101 995 1172 impoenitentia
1013 1106 1041 1155 et
1057 1098 1098 1153 in·
1125 1101 1199 1157 bona
1222 1101 1391 1157 conscicntia
1408 1117 1476 1173 erga
1493 1100 1585 1155 Deum
1602 1107 1715 1171 propter
1732 1100 1886 1171 Christum,
1904 1102 1956 1157 hoc

268 1191 432 1247 credulitate
448 1209 503 1246 non
520 1191 650 1247 resistant
668 1188 780 1261 Spiritui
799 1194 903 1256 sancto,
925 1188 988 1243 ideo
1004 1186 1099 1240 divina
1124 1195 1167 1242 eat
1192 1188 1330 1258 quomodo
1357 1187 1434 1242 Deus
1460 1203 1528 1259 erga
1551 1186 1722 1258 baptisatam
1740 1188 1854 1243 affectus
1873 1190 1910 1243 sit
1928 1193 1956 1243 et

267 1280 358 1351 gratia
386 1279 416 1333 in
442 1278 620 1333 sacramentis
650 1276 831 1331 infallibiliter
858 1275 913 1329 illis
946 1273 1099 1335 exhibetur,
1125 1274 1192 1346 quid
1217 1273 1387 1329 conscientia
1413 1274 1547 1344 baptizati
1573 1274 1608 1329 de
1631 1275 1722 1345 gratia
1740 1274 1793 1328 Dei
1818 1273 1871 1329 sibi
1894 1292 1955 1345 pro

266 1364 424 1434 applicatur
446 1370 474 1419 et
497 1364 668 1434 obsignatur.
703 1363 797 1433 Atque
815 1361 884 1416 baec
902 1358 1045 1414 sufficiunt
1062 1358 1099 1412 ed
1125 1362 1233 1416 mittere
1261 1361 1370 1415 debeat.
1408 1360 1468 1415 Vid.
1498 1359 1534 1416 D.
1557 1359 1747 1415 Chemnieium
1773 1379 1797 1417 o.
1823 1366 1862 1417 17.
1893 1360 1956 1415 bar·

265 1457 356 1505 araas
370 1450 489 1522 apostoli
505 1449 724 1519 explicationem,
742 1464 793 1503 nec
808 1455 900 1503 umen
911 1445 1098 1516 improbamus
1126 1464 1196 1503 mon.
1223 1468 1250 1520 p.
1272 1453 1311 1505 tt.
1333 1453 1372 1504 .3.
1392 1446 1575 1503 Oecumenius
1592 1447 1699 1503 fatente
1719 1448 1888 1503 Bellarmino
1906 1465 1957 1519 per

266 1555 361 1593 eorum
377 1536 557 1600 senteutiam,
581 1536 629 1608 qui
646 1542 785 1603 statuunt,
805 1533 1039 1591 circumcisionem
1060 1530 1098 1583 di·
1125 1534 1367 1606 interrogationem
1405 1534 1536 1605 intelligit
1573 1535 1676 1606 pignus
1706 1543 1735 1590 et
1765 1534 1956 1603 arrhabonem,

266 1642 344 1679 verso
365 1631 494 1695 respectu
512 1624 604 1678 vocari
624 1628 652 1677 et
669 1625 772 1686 foedas
791 1628 820 1675 et
837 1621 947 1689 siparum
957 1619 1099 1686 foederis,
1115 1621 1221 1691 'utique
1250 1637 1316 1692 ergo
1335 1619 1498 1691 comprobat
1514 1625 1636 1674 nostram
1656 1620 1828 1676 sententiam.
1859 1627 1884 1677 4.
1898 1621 1956 1675 Au·

266 1709 336 1766 Gen.
365 1716 405 1767 17.
430 1710 497 1782 quia
521 1709 692 1764 circumcisio
716 1708 839 1763 totaliter
863 1705 1035 1760 considerata
1058 1710 1100 1759 est
1125 1706 1237 1776 guatino
1267 1712 1296 1762 et
1326 1707 1430 1765 Basilio
1458 1706 1557 1761 tribuit
1575 1706 1773 1771 Bellarminus,
1805 1707 1879 1779 quod
1907 1724 1957 1779 per

266 1798 416 1869 ipsummet
440 1803 553 1867 pactum
584 1795 637 1850 Dei
668 1812 732 1850 cum
763 1793 923 1849 Abrabemo
955 1799 984 1846 et
1013 1791 1099 1861 ipsius
1125 1791 1368 1864 interrogationem
1397 1793 1485 1850 bonae
1511 1793 1695 1848 conscientiae
1719 1792 1877 1864 intelligant
1903 1814 1954 1864 με·

267 1884 386 1956 posteris
413 1883 526 1952 initum3
555 1888 585 1935 at
610 1898 675 1936 vero
703 1897 766 1936 cum
791 1880 943 1934 secundum
961 1884 1054 1933 notam
1072 1876 1100 1930 in
1126 1881 1285 1953 recepturis
1308 1879 1478 1935 ablutionem
1499 1879 1648 1948 internam,
1671 1898 1705 1935 er
1724 1880 1885 1951 quaeritur
1901 1896 1956 1951 par

267 1988 351 2027 carne
369 1970 494 2026 relictam
504 1970 703 2038 consideratur,
718 1976 834 2023 vocatur
852 1968 961 2039 signum
979 1964 1098 2020 foederis
1126 1972 1154 2019 et
1181 1966 1259 2036 quies
1289 1966 1474 2021 conscientias
1504 1973 1533 2021 et
1551 1966 1668 2036 proinde
1695 1966 1836 2037 responsio
1865 1965 1956 2021 bonas

269 2060 296 2113 in
320 2075 420 2127 carne,
445 2074 502 2129 quo
526 2043 632 2112 scilicet
659 2056 818 2112 foederatus
845 2073 862 2110 a
886 2072 941 2109 ηοη
958 2053 1100 2108 foederato
1126 2051 1309 2106 conscientiae
1330 2059 1359 2107 et
1374 2052 1457 2106 etiam
1475 2051 1655 2122 interrogatio
1675 2052 1750 2124 apud
1766 2053 1872 2120 Deum,
1892 2052 1958 2123 quia

270 2145 443 2201 discernitur.
484 2148 511 2201 3.
536 2145 687 2213 Scriptura
710 2145 840 2212 nuspiam
864 2140 1100 2195 circumcisionem
1127 2138 1212 2192 audet
1235 2154 1297 2192 cum
1324 2136 1428 2192 fiducia
1450 2137 1542 2191 Deum
1568 2137 1699 2193 accedere
1729 2144 1757 2192 et
1778 2137 1958 2211 interrogare,

269 2240 349 2287 oocat
368 2231 501 2300 sigillum,
518 2232 576 2283 arai
592 2232 643 2284 loe
660 2232 731 2294 loeo,
748 2230 798 2283 ubi
818 2232 853 2283 de
867 2228 1028 2282 Abrahamo
1042 2226 1101 2293 api·
1127 2225 1179 2279 hoc
1203 2231 1247 2281 est
1267 2243 1331 2280 cum
1354 2241 1387 2279 eo
1410 2226 1530 2297 colloqui
1555 2243 1673 2297 eumque
1695 2242 1794 2298 rogare
1813 2230 1959 2298 presset

271 2328 329 2389 tar,
352 2319 431 2388 quod
447 2325 487 2371 est
508 2325 700 2387 argumentum
718 2318 911 2381 montfortem,
934 2314 990 2367 soli
1010 2313 1101 2367 Abra·
1127 2312 1197 2368 aliis.
1242 2311 1373 2376 Quamvis
1398 2329 1463 2367 vero
1493 2312 1640 2384 explicatio
1665 2312 1715 2366 illa
1737 2330 1792 2367 uon
1811 2318 1900 2368 exstet
1918 2313 1958 2367 di-

272 2407 351 2459 iame
379 2402 617 2459 circumcisionem
641 2404 735 2469 feisse
761 2401 893 2469 sigillam.
942 2398 1101 2470 Responde·
1128 2405 1200 2453 serte
1217 2399 1247 2453 in
1264 2400 1332 2455 locis
1351 2399 1502 2473 Augustini
1523 2406 1551 2454 et
1567 2399 1665 2454 Basilii
1682 2399 1878 2455 aBellarmino
1892 2400 1957 2456 alle·

272 2509 341 2547 mus:
367 2490 443 2562 quod
460 2489 633 2557 Abrahamo,
654 2495 791 2561 quatenus
809 2486 940 2553 credidit,
963 2485 1102 2552 tribuitur,
1128 2487 1215 2558 gatis,
1240 2491 1334 2543 tamen
1358 2486 1437 2541 nobis
1461 2504 1516 2541 non
1534 2486 1712 2552 adversatur,
1737 2487 1786 2542 sed
1805 2486 1897 2558 potius
1914 2503 1958 2541 er·

272 2579 298 2633 id
315 2577 446 2633 omnibus
463 2576 640 2632 credemibus
656 2582 731 2632 recte
747 2574 912 2646 assignatur,
929 2581 961 2627 ut
979 2578 1037 2627 toto
1050 2571 1102 2626 boe
1128 2573 1305 2644 plicationem
1322 2580 1444 2630 nostram
1463 2572 1616 2631 confirmat.
1645 2574 1674 2631 Si
1692 2574 1765 2630 enim
1778 2590 1811 2629 er
1823 2574 1958 2646 baptismo

274 2666 364 2737 capite
382 2664 524 2736 apostolus
545 2664 635 2720 docet.
673 2662 737 2718 Jam
757 2678 823 2717 vero
841 2660 1017 2727 Abrabamo,
1036 2675 1103 2730 qua·
1129 2662 1172 2715 hic
1195 2661 1303 2716 fructus
1328 2661 1365 2716 ad
1389 2679 1439 2718 uos
1458 2662 1543 2730 redit,
1567 2668 1598 2716 ut
1622 2661 1792 2717 couscientia
1808 2668 1903 2716 nostra
1923 2660 1960 2715 sit

273 2758 352 2810 tenus
370 2750 497 2816 credidit,
515 2749 655 2818 tribuitur,
674 2750 749 2820 quod
768 2747 939 2803 circumcisio
948 2745 1032 2800 fuerit
1051 2744 1104 2815 ipsi
1129 2757 1229 2818 pacata
1252 2753 1281 2803 et
1303 2749 1454 2820 tranquilla
1484 2757 1570 2820 utque
1599 2763 1663 2803 curn
1691 2747 1794 2803 fiducia
1822 2748 1959 2820 possimus

274 2836 447 2911 signaculum
473 2836 600 2907 justitiae
626 2834 700 2891 fidei.
734 2835 809 2906 Ergo
837 2835 867 2888 id
893 2832 1028 2901 omnibus,
1056 2830 1103 2902 qui
1131 2834 1221 2889 Deum
1247 2835 1392 2905 accedere,
1417 2835 1514 2908 utique
1536 2835 1691 2906 baptismus
1713 2841 1756 2891 est
1774 2835 1960 2890 testimonium

273 2931 394 2996 tempore
416 2925 452 2979 V.
475 2923 508 2977 Τ.
534 2923 664 2976 insistunt
687 2922 812 2993 vestigiis
839 2919 904 2974 fidei
922 2920 997 2991 ejus,
1019 2916 1103 2972 tribui
1131 2922 1241 2977 divinae
1267 2938 1334 2994 erga
1358 2938 1409 2976 nos
1433 2922 1582 2977 voluntatis
1601 2929 1630 2979 et
1647 2922 1821 2994 signaculum
1834 2922 1961 2994 justitiae

274 3018 379 3084 potest,
401 3010 477 3083 quod
499 3009 604 3064 scilicet
627 3009 799 3064 circumcisio
824 3006 908 3062 fuerit
925 3006 993 3077 ipsis
1012 3005 1103 3076 signa·
1130 3006 1210 3077 fidei,
1230 3008 1296 3080 quia
1314 3015 1385 3063 teste
1402 3009 1527 3079 apostolo
1540 3010 1695 3079 justificati
1712 3011 1767 3070 tide
1785 3011 1893 3063 mmmm
1906 3025 1961 3079 pa·

274 3100 366 3156 eulurn
393 3095 519 3168 justitiae
547 3094 628 3164 fidei,
657 3094 728 3150 sieut
757 3094 933 3162 credemibus
957 3093 985 3146 in
1008 3092 1043 3148 N.
1070 3091 1104 3145 T.
1131 3111 1189 3147 cem
1208 3095 1340 3148 bahanes
1359 3096 1439 3164 apud
1451 3097 1545 3149 Deam
1565 3095 1643 3150 Rom.
1664 3102 1774 3163 5,r.1.
1811 3102 1835 3152 5.
1850 3094 1961 3152 Vanum

274 3185 428 3257 baptismus
454 3190 497 3238 est
521 3183 577 3237 tale
601 3182 781 3253 signaculum.
824 3180 942 3236 Accedit
961 3195 1105 3251 argumen-
1132 3181 1217 3252 igitur
1233 3188 1275 3236 est
1294 3181 1428 3254 effugium
1446 3181 1528 3250 illud,
1554 3183 1629 3253 quod
1642 3182 1741 3236 Petrus
1759 3199 1815 3236 non
1832 3182 1963 3253 loquatur

274 3278 332 3327 tum
358 3286 392 3327 ex
416 3269 589 3325 institutione
612 3276 641 3322 et
663 3266 718 3323 fine
739 3266 967 3336 circmcisionis,
991 3266 1026 3319 de
1050 3281 1105 3334 quo
1133 3268 1167 3323 de
1185 3269 1342 3323 testimonio
1362 3286 1411 3323 seu
1429 3276 1512 3339 pacto
1532 3268 1598 3338 Dei,
1625 3268 1675 3324 sed
1694 3275 1804 3323 nostrae
1824 3269 1962 3324 conscien-

274 3357 408 3429 superius.
1132 3356 1194 3413 tiae.
1237 3354 1316 3410 Haec
1341 3356 1413 3411 euim
1437 3372 1493 3410 non
1519 3359 1585 3409 sunt
1603 3355 1744 3426 opposita,
1770 3355 1819 3410 sed
1837 3356 1962 3411 subordi-
1987 3342 1990 3349 ⁵

218 3453 263 3503 aas
308 3450 351 3502 88.
387 3450 413 3501 2.
437 3441 611 3513 Baptismurn
635 3440 675 3494 ita
698 3439 831 3494 describit
853 3439 952 3494 Petrus
981 3444 1002 3494 1.
1025 3436 1104 3508 epist
1132 3450 1199 3497 nata
1222 3452 1250 3497 et
1271 3442 1374 3509 relata,
1402 3458 1436 3496 ex
1458 3440 1666 3496 confirmatione
1689 3441 1762 3496 enim
1780 3441 1963 3497 conscientiae

218 3510 251 3600 ξ..
275 3536 299 3601 3,
317 3549 345 3586 r.
364 3536 407 3586 tl.
438 3530 515 3600 quod
539 3528 633 3581 salvos
656 3544 708 3580 '¹⁰8
730 3528 837 3590 faciat,
863 3544 919 3580 twa
938 3542 992 3594 41⁴⁰
1011 3524 1106 3577 carah
1134 3536 1244 3585 nostrae
1266 3546 1317 3600 per
1340 3528 1509 3600 baptismum
1527 3535 1602 3584 reete
1619 3528 1749 3597 infertur,
1767 3529 1842 3601 quod
1862 3528 1965 3600 baptis·

218 3673 225 3703 ι
275 3620 374 3674 sordes
391 3616 574 3686 adjiciantur,
592 3616 643 3667 sed
659 3630 713 3682 quo
733 3614 772 3682 fit,
798 3621 828 3665 at
848 3613 920 3666 boma
939 3611 1107 3665 emetientis
1133 3633 1194 3670 mus
1213 3615 1249 3671 sit
1265 3616 1439 3687 signaculum
1457 3614 1612 3669 divinarum
1629 3616 1838 3685 promissionum
1850 3622 1878 3671 et
1889 3616 1964 3671 testi·

218 3716 263 3756 r...
276 3709 369 3761 Deam
396 3705 549 3770 interogat
568 3717 623 3771 per
643 3701 874 3754 resurrectionem
897 3699 969 3752 ,lem
995 3697 1108 3765 Christi,
1135 3702 1256 3758 monium
1275 3703 1385 3758 divinae
1409 3718 1476 3773 erga
1499 3719 1549 3757 nos
1572 3701 1736 3772 voluntatis,
1761 3702 1790 3756 id
1811 3702 1885 3774 quod
1904 3703 1966 3773 ipsa

218 3816 262 3869 ,g
274 3792 324 3849 ubi
346 3809 398 3863 per
416 3788 577 3862 ἐπερώτημα
596 3786 780 3843 Oecumeuius
807 3784 939 3857 intelligit
958 3784 1060 3855 pignus
1080 3790 1108 3838 et
1134 3807 1186 3844 vor
1200 3788 1423 3860 interrogationis
1437 3787 1583 3843 manifeste
1595 3790 1774 3858 demonstrat,
1789 3804 1849 3845 esse
1860 3788 1966 3844 scilicet

273 3878 475 3942 arrhabonem,
500 3875 566 3947 quia
589 3874 743 3944 baptismus
762 3873 840 3927 testis
863 3879 905 3927 est
923 3871 1107 3928 conscientiae
1134 3879 1162 3932 in
1185 3876 1323 3947 baptismo
1346 3874 1590 3947 interrogationem
1611 3876 1795 3932 conscientiae
1812 3883 1920 3931 nostrae
1938 3880 1967 3932 et

273 3975 394 4032 nostrae,
413 3964 488 4037 quod
506 3964 590 4018 simus
610 3962 637 4017 in
653 3961 707 4017 Dei
725 3960 816 4032 gratia
834 3965 947 4031 propter
958 3958 1107 4024 Christum,
1134 3962 1338 4034 responsionem
1363 3961 1432 4031 Dei,
1456 3963 1529 4017 sicut
1550 3962 1579 4017 in
1605 3964 1640 4018 V.
1660 3962 1695 4019 T.
1717 3962 1861 4017 Israelitae
1877 3962 1906 4016 iu
1925 3968 1965 4016 ta·

274 4055 325 4127 qui
344 4060 465 4123 propter
486 4057 604 4120 peccata
632 4057 728 4102 nostro
752 4056 876 4101 mortuus
902 4054 942 4100 est
966 4053 991 4099 d
1014 4062 1107 4098 retur·
1136 4049 1284 4106 bemaculo
1308 4048 1428 4103 foederis
1450 4047 1660 4120 interrogabant
1682 4066 1712 4104 os
1730 4048 1854 4113 Domini,
1876 4054 1908 4102 ut
1930 4048 1966 4103 de

272 4142 346 4197 rece
359 4146 480 4210 propter
498 4136 725 4205 justificationem
737 4141 870 4197 nostram,
888 4131 966 4186 Rom.
982 4138 1043 4200 l,v.
1057 4130 1106 4184 ult.
1134 4138 1194 4207 ejus
1223 4134 1367 4190 voluntate
1393 4134 1462 4189 certi
1488 4135 1676 4190 redderentur.
1724 4139 1748 4190 6.
1767 4133 1833 4188 Pari
1860 4133 1966 4189 ratione

273 4228 372 4300 utique
402 4241 469 4297 ergo
496 4222 650 4293 baptismus
675 4219 805 4291 obsignat
828 4218 925 4273 foedus
948 4217 1055 4289 gratiae
1080 4224 1108 4272 et
1134 4222 1315 4279 committitur
1331 4219 1446 4276 fallacia
1457 4221 1660 4291 oppositionum
1672 4220 1701 4274 in
1712 4220 1798 4276 altero
1810 4221 1964 4294 responsio·

273 4312 486 4388 promissionem
503 4309 611 4377 salutis,
630 4314 661 4362 ut
679 4306 811 4377 baptisati
823 4304 990 4360 fiducialiter
1000 4305 1108 4375 possint
1135 4310 1178 4365 nis
1198 4308 1429 4365 Bellarminianae
1447 4307 1583 4371 membro;
1602 4307 1756 4378 baptismus
1774 4324 1824 4361 noo
1837 4324 1855 4362 a
1868 4322 1965 4379 peeca-

273 4402 367 4457 Deum
392 4400 423 4454 in
445 4396 573 4470 precibus
598 4394 655 4449 suis
675 4393 840 4463 compellare
858 4394 1012 4446 clamantes
1030 4393 1108 4446 Abba
1135 4398 1170 4452 tis
1198 4396 1301 4461 abluit,
1325 4393 1461 4466 justificet
1489 4398 1518 4448 et
1545 4393 1641 4450 salvat.
1679 4393 1754 4467 Ergo
1780 4411 1836 4449 nou
1860 4400 1903 4449 est
1932 4393 1966 4448 si-

275 4491 379 4554 Pater,
402 4485 481 4540 Rom·
502 4489 531 4546 8,
548 4500 573 4538 v·
596 4488 636 4538 15·
655 4479 748 4535 Galat·
768 4486 800 4549 ⁴,
819 4497 845 4532 V·
869 4485 907 4535 16·
942 4478 1036 4550 Hujm
1055 4477 1108 4532 loci
1135 4484 1234 4557 gilium
1256 4481 1366 4536 divinae
1390 4496 1458 4553 erga
1482 4498 1532 4535 nos
1550 4482 1712 4550 voluntatis,
1738 4482 1876 4536 imovero
1894 4477 1966 4535 utro·

275 4582 320 4633 est
336 4570 493 4628 observatio
510 4569 572 4632 illa,
597 4568 672 4641 quod
692 4565 774 4620 LXX
792 4565 954 4637 interpretes
974 4565 1109 4619 vocabulo
1137 4589 1191 4642 que
1215 4586 1327 4624 munere
1350 4568 1504 4639 baptismus
1527 4566 1668 4639 fungitur3
1696 4584 1751 4622 non
1776 4568 1863 4622 solum
1887 4566 1968 4622 offert

276 4663 416 4735 ἱηερωιᾷν
440 4662 569 4720 utuntur,
596 4652 706 4723 quando
730 4652 760 4706 in
786 4651 820 4709 V.
846 4652 880 4706 Τ.
904 4651 1045 4706 lsraelitue
1070 4651 1109 4705 di·
1136 4665 1165 4713 et
1196 4657 1319 4728 applicet
1347 4654 1426 4710 nobis
1456 4654 1576 4709 divinam
1606 4655 1741 4725 gratiam,
1769 4654 1820 4709 sed
1852 4652 1967 4710 eandem

268 4753 377 4803 cuntur
406 4744 578 4813 interrogare
607 4758 637 4795 os
663 4738 783 4793 Domini.
832 4737 860 4793 Si
892 4738 1044 4809 baptismus
1069 4744 1110 4793 est
1136 4745 1220 4800 etiam
1247 4744 1276 4797 in
1294 4741 1424 4797 cordibus
1442 4740 1543 4795 noemia
1562 4739 1705 4812 obsignat,
1727 4741 1817 4796 salvat
1837 4760 1887 4796 nos
1907 4746 1966 4795 tau·

277 4830 458 4904 interrogatio
470 4835 499 4884 et
510 4826 651 4895 stipulatio
663 4826 753 4881 bonae
766 4824 951 4880 conscientiae
963 4825 999 4879 ad
1010 4825 1109 4886 Deum.
1137 4848 1220 4899 quam
1245 4829 1457 4883 instrumentum
1479 4827 1616 4898 divinum3
1641 4835 1669 4883 et
1694 4828 1811 4884 salutem
1829 4827 1905 4882 illam
1921 4825 1969 4880 ob-

278 4922 376 4993 utique
406 4917 491 4972 etiarn
518 4923 560 4970 est
584 4911 772 4967 testimonium
797 4920 825 4966 et
852 4912 974 4984 sigillum
999 4912 1110 4968 divinae
1136 4920 1230 4990 signat
1258 4922 1392 4988 tanquam
1419 4913 1540 4986 sigillum
1555 4913 1600 4970 vel
1619 4914 1808 4987 signaculum,
1829 4914 1902 4969 sicut
1920 4928 1970 4984 per

218 5023 263 5070 ms,
277 5019 346 5080 erga
370 5022 423 5060 nos
446 5000 608 5068 voluntatis,
634 5000 708 5054 unde
725 4998 794 5053 fides
812 5005 907 5054 nostra
925 4998 1109 5055 confirmatur.
1137 5003 1371 5060 circumcisionem
1392 5000 1535 5056 Israelitae
1558 5002 1587 5055 iu
1608 5001 1706 5057 foedus
1724 5002 1777 5057 Dei
1796 5000 1910 5056 fuerunt
1927 5015 1968 5054 re·

277 5094 335 5154 aed
362 5109 460 5149 rerum
483 5089 568 5161 prius.
604 5086 679 5157 Ergo
699 5092 727 5142 et
744 5086 888 5156 posterius.
926 5086 1110 5142 Bellarminus
1136 5091 1209 5162 cepti
1237 5096 1266 5146 et
1291 5106 1341 5161 per
1370 5086 1485 5143 eandem
1508 5086 1607 5142 foedus
1635 5088 1705 5143 illud
1732 5088 1760 5141 in
1787 5087 1826 5143 cis
1848 5086 1902 5141 fuit
1920 5084 1968 5141 ob·

278 5167 409 5251 excipit,
425 5178 515 5231 locum
541 5176 614 5230 bunc
641 5174 792 5227 admodum
818 5175 963 5227 abacorum
983 5190 1056 5237 esse,
1076 5193 1111 5228 ac
1137 5179 1285 5250 signatum.
1323 5174 1425 5230 Genea.
1446 5180 1490 5243 ll,
1513 5190 1539 5231 s.
1559 5182 1582 5229 i.
1611 5174 1691 5231 Rom.
1709 5181 1737 5242 4,
1758 5190 1785 5231 v,
1807 5180 1845 5229 11.
1883 5178 1905 5228 i.
1923 5171 1969 5226 In·

262 5266 407 5338 flammeis
436 5264 555 5319 dmerris
582 5261 705 5331 ejusdem
734 5259 968 5329 replicationibus
998 5264 1111 5314 tandem
1136 5265 1269 5321 vertimus
1294 5262 1380 5334 igitur
1403 5260 1635 5331 comparationem
1660 5260 1834 5317 Bellarmini:
1871 5259 1970 5324 Quem·

279 5352 433 5420 emolsdd,
452 5349 566 5403 Petram
583 5364 639 5401 aon
659 5346 737 5415 loqui
754 5347 790 5398 de
809 5348 963 5400 testimonio
975 5347 1017 5400 cet
1026 5356 1111 5417 pacto
1137 5351 1286 5407 admodum
1310 5364 1375 5404 arca
1392 5348 1469 5404 Noae
1487 5365 1543 5402 ηοη
1561 5348 1649 5403 solum
1668 5363 1697 5404 re
1716 5349 1777 5418 ipsa
1796 5346 1970 5402 conservavit

279 5441 341 5497 Dei
361 5440 415 5493 sed
431 5436 616 5491 conscientiae
640 5441 765 5502 nostrae,
791 5441 816 5486 et
833 5435 1000 5502 baptismam
1018 5435 1112 5489 salvos
1137 5444 1200 5494 octo
1225 5436 1331 5490 animas
1355 5434 1384 5488 in
1403 5434 1522 5503 diluvio,
1546 5434 1596 5490 sed
1613 5434 1697 5491 etiam
1714 5433 1769 5488 fult
1784 5432 1970 5489 testimouium

278 5543 332 5583 sos
347 5527 453 5595 fecere
472 5540 528 5577 aon
552 5521 726 5589 adsignando
752 5526 776 5572 et
800 5521 991 5588 testificando,
1013 5523 1065 5575 sed
1080 5538 1112 5575 re
1141 5532 1168 5580 et
1185 5522 1288 5594 pignus
1308 5520 1418 5578 divinae
1436 5520 1558 5592 gratiae;
1579 5520 1619 5575 ita
1635 5520 1972 5591 etbaptismusetsalvat

279 5605 346 5684 ipsa
361 5611 549 5683 jrsstifieondo
573 5609 711 5674 amimam,
735 5606 808 5659 siem
835 5623 911 5675 amm
937 5608 1040 5661 diluvii
1057 5625 1113 5663 noo
1139 5629 1189 5665 nos
1224 5616 1252 5665 et
1282 5615 1325 5663 est
1353 5608 1538 5664 conscientiae
1566 5607 1656 5661 bonae
1684 5604 1864 5679 interrogatio
1894 5602 1970 5677 apud
1983 5614 2099 5662 vnum

279 5700 402 5756 suleavit
431 5714 529 5750 orcam
553 5697 634 5750 Noae
662 5695 837 5758 testificando
864 5695 908 5747 cet
937 5695 1113 5764 adsignando
1139 5697 1238 5751 Deum.
1279 5694 1464 5749 Bellarminus
1487 5694 1558 5748 inter
1583 5709 1669 5764 aquas
1695 5692 1791 5747 diluvii
1817 5697 1846 5748 et
1870 5705 1972 5765 aquam

274 5786 489 5859 presumtiones,
507 5781 824 5850 sedrespsaelevando
839 5782 976 5834 arsamis
989 5783 1113 5849 sublime,
1141 5781 1272 5852 baptismi
1301 5779 1534 5851 comparationem
1563 5778 1696 5849 instituit,
1724 5778 1774 5835 sed
1805 5778 1834 5834 id
1862 5780 1972 5835 videtur

278 5890 317 5928 sss
340 5874 505 5927 meretur
526 5888 585 5924 cum
613 5869 711 5923 ceteris
734 5869 818 5938 lajas
842 5870 942 5922 mundi
967 5870 1114 5938 aedificiis.
1140 5868 1278 5936 coactius,
1301 5868 1368 5941 quia
1389 5880 1478 5939 aquae
1497 5865 1595 5920 diluvii
1612 5866 1750 5923 nemiuem
1767 5869 1971 5931 aduerterunt,

278 5959 507 6034 Respondemus:
536 5963 558 6014 1.
577 5956 731 6012 obscuritas
753 5972 810 6011 non
832 5962 874 6011 est
894 5956 924 6011 in
940 5955 1032 6011 serbis
1049 5971 1115 6025 apo·
1140 5954 1190 6011 sed
1216 5971 1309 6011 ornnes
1337 5952 1527 6027 perdiderunt,
1556 5950 1603 6007 hic
1632 5960 1726 6011 sutem
1751 5963 1840 6010 same
1867 5957 1910 6012 est
1937 5946 1973 6009 de
