4800 6659
399 454 446 518 m
992 444 1116 504 1:000!
1130 442 1508 502 neuluueeaf'mffle

406 611 481 658 arms
509 600 754 673 propitiatam,
777 609 820 658 vat
856 600 1025 671 ἰὰ-Μαι
1059 600 1158 669 maa
1185 599 1239 654 tati
1266 597 1355 654 minor
1379 597 1543 670 accipienda
1564 601 1608 656 eat
1631 596 1701 653 mi
1723 600 1759 655 at.
1798 592 2099 665 Bona-onuajnaa

407 690 481 755 aaa,
502 705 561 742 aaa
577 688 646 758 qaia
663 690 822 744 medan-et
838 689 924 753 fidem
941 695 992 742 eat
1008 688 1114 741 mnam
1129 686 1239 754 tatere,
1264 703 1325 743 nrm
1347 700 1523 758 nequaquam
1548 684 1678 742 dicantur
1694 700 1714 740 a
1729 681 1811 744 nohis
1828 678 1982 738 romaica
2000 683 2031 736 at
2047 695 2101 736 aua

408 778 461 832 aed
487 775 554 844 qaia
576 775 607 829 ia
629 765 724 843 gratia
748 776 855 832 certat
878 775 989 833 hahent.
1024 773 1141 828 Nalliae
1166 774 1239 826 enim
1265 777 1364 844 natura
1382 779 1510 843 peccata,
1529 771 1615 828 multo
1632 769 1722 826 minua
1740 773 1857 841 motata
1874 765 2003 824 mortalia
2021 768 2099 836 (oum

403 864 481 932 Jtdee
507 861 681 929 mbashteret,
709 860 767 914 ahi
793 861 824 915 in
849 861 957 916 Christi
976 860 1103 929 propera
1121 859 1240 928 justitia
1265 877 1300 915 ne
1318 859 1428 932 quidem
1446 858 1539 914 omnia
1563 863 1678 929 peccata
1697 867 1855 916 namtarum
1878 853 2006 909 dicantur
2026 870 2098 908 mor·

410 950 544 1003 niteretur
568 954 593 1001 et
612 946 691 1000 illias
706 947 879 1017 mauranus
897 954 1058 1001 cessaretar
1074 950 1126 1000 etc.
1161 943 1239 998 Alte-
1265 946 1346 1013 tatia,
1371 947 1421 1001 sed
1447 946 1582 1017 quaedam
1599 950 1722 1011 nutum,
1743 943 1851 999 scilicet
1875 942 2014 997 nutantia
2031 955 2098 994 con·

410 1052 472 1088 ram
497 1040 552 1103 ert,
575 1034 652 1102 qaod
674 1035 748 1087 deno
772 1040 885 1102 accepto
909 1049 965 1086 non
985 1032 1128 1086 ambulant
1147 1021 1423 1105 actua-iacientium,
1452 1048 1508 1104 qua
1534 1032 1625 1087 fronte
1643 1030 1727 1086 audet
1746 1029 1825 1086 nobis
1843 1027 2030 1084 Bellarminua
2051 1025 2100 1080 tri·

410 1123 477 1174 dam
499 1134 614 1173 aarum
637 1135 687 1172 nec
711 1119 842 1172 obediant
863 1126 979 1187 peceato
1002 1124 1069 1182 ete,
1092 1118 1142 1170 aad
1159 1117 1239 1184 priua
1266 1118 1366 1184 huere,
1402 1119 1476 1189 quod
1512 1124 1682 1186 statuemus,
1712 1115 1804 1171 omnis
1835 1121 1994 1169 renatorum
2022 1112 2102 1168 bona

410 1206 486 1260 itlad
506 1204 670 1276 panapate
694 1212 718 1259 et
743 1204 964 1259 rotaetieaimam
991 1212 1039 1257 eat.
1082 1202 1161 1258 Haec
1185 1201 1239 1255 Lu·
1267 1221 1352 1275 opera
1375 1221 1435 1260 essa
1454 1210 1570 1275 peccata
1591 1202 1767 1269 mortalial),
1797 1201 1845 1256 sed
1867 1199 2000 1268 dicimus,
2023 1197 2102 1258 boue

410 1291 557 1348 therua.itit
1267 1307 1350 1361 opera
1376 1298 1535 1348 renatorum
1558 1290 1709 1346 secundum
1736 1286 1856 1359 quidet
1880 1292 1956 1341 certo
1975 1284 2102 1356 quodam

445 1382 486 1435 39.
522 1376 651 1432 Alterum
667 1381 859 1447 argumentum
872 1375 1041 1444 Bellarmiui‚
1059 1391 1114 1445 quo
1133 1374 1241 1445 probet,
1267 1382 1395 1447 respectu
1412 1393 1473 1433 esee
1489 1382 1619 1449 peccata,
1643 1382 1778 1446 quatenus
1799 1373 1906 1429 scilieet
1923 1376 1987 1427 eunt
2005 1370 2102 1426 adhuc

403 1462 603 1521 -uecaseitatsm
621 1461 755 1517 honorum
775 1478 889 1531 operum
906 1477 923 1515 a
941 1460 1022 1516 nobis
1039 1460 1152 1533 negari,
1169 1459 1241 1531 petit
1268 1460 1429 1532 imperfecta
1452 1466 1481 1516 et
1503 1466 1639 1532 qnatenus
1663 1477 1681 1514 a
1698 1459 1821 1531 reliqniis
1841 1456 1950 1529 peccati
1967 1457 1998 1511 in
2015 1473 2103 1513 arne

411 1569 446 1609 ax
471 1551 601 1620 dogmate
627 1548 673 1604 illo
692 1547 806 1603 Lutheri
829 1547 860 1601 iu
877 1552 1000 1602 asaermt
1021 1553 1072 1601 art.
1091 1552 1133 1602 ³1.
1150 1551 1192 1602 32.
1213 1551 1241 1601 et
1268 1548 1359 1603 adhuc
1376 1546 1553 1603 haerentibus
1575 1545 1805 1611 contaminatam,
1823 1545 1897 1601 unde
1914 1561 1971 1599 non
1984 1550 2103 1615 possent

412 1643 454 1694 aa.
475 1635 548 1707 qued
575 1636 646 1689 dona
670 1652 756 1705 opera
775 1634 919 1703 jusseram
943 1650 975 1687 aa
998 1650 1050 1686 aaa
1066 1641 1171 1687 natura
1185 1633 1241 1686 aiat
1267 1634 1386 1706 rigorem
1410 1633 1481 1705 legis
1506 1638 1535 1689 et
1556 1632 1682 1701 justitiae
1705 1632 1814 1688 divinae
1835 1631 1987 1700 anatinam,
2008 1630 2034 1684 si
2057 1630 2101 1684 di-

408 1730 529 1793 peccata
555 1721 697 1776 mortalia.
734 1719 936 1791 Argumentum
958 1719 1014 1775 tale
1033 1726 1082 1777 est
1118 1720 1241 1774 Peccata
1267 1720 1362 1775 stricto
1380 1719 1433 1775 Dei
1453 1719 1558 1791 judicio
1581 1724 1686 1774 remota
1710 1718 1898 1775 misericordia
1914 1716 2104 1774 examinanda

412 1808 548 1864 mortalia
563 1825 619 1863 aon
638 1815 702 1862 sant
717 1808 864 1873 facienda.
899 1809 982 1861 Bona
1001 1824 1088 1876 opera
1097 1806 1241 1875 jactorum
1268 1815 1371 1876 essent,
1397 1806 1446 1861 aed
1475 1805 1541 1876 quia
1569 1804 1638 1859 haec
1662 1804 1832 1876 imperiectio
1856 1811 1884 1860 et
1908 1802 2101 1859 immundities

295 1917 300 1922 ¹
412 1902 477 1950 meat
502 1912 534 1949 ea
557 1903 660 1949 actara
682 1911 734 1948 rac
754 1901 874 1964 peecata
891 1893 1032 1949 nsortalsa.
1068 1894 1148 1960 Ergo
1169 1892 1242 1946 boae
1266 1894 1400 1949 bonoram
1417 1907 1531 1963 operum
1548 1890 1652 1963 tegitru
1663 1890 1766 1946 chricti
1782 1891 1887 1956 merito,
1905 1890 1969 1945 ideo
1983 1890 2102 1947 coeleeti

410 1998 499 2052 opera
512 1981 801 2049 nonumtfucieaeta.
824 1978 1044 2049 Respondemus:
1067 1977 1240 2053 t.**Luthe
1266 1978 1374 2050 paranti
1397 1977 1555 2034 obedientia
1578 1982 1748 2046 renatorum,
1774 1976 1899 2050 quamvis
1925 1975 2017 2033 adhuc
2048 1977 2099 2033 im-

411 2084 457 2122 rus
476 2067 529 2122 hoc
547 2083 603 2121 non
621 2066 719 2123 asserit
735 2064 910 2137 simpliciter,
932 2065 981 2120 aad
1004 2069 1080 2120 certo
1103 2072 1241 2136 respectu,
1266 2065 1391 2136 perfecta
1407 2064 1444 2120 eit
1460 2070 1489 2119 et
1503 2064 1626 2133 peccatis
1638 2063 1832 2131 contaminata,
1843 2062 1984 2135 probatur.
2019 2063 2100 2135 Ergo

410 2154 451 2209 sic
473 2154 547 2209 anim
564 2153 669 2209 habent
686 2152 771 2211 verba
786 2158 837 2211 art.
859 2154 905 2207 ³2:
934 2153 1019 2207 Omne
1044 2152 1143 2207 bonam
1169 2170 1240 2222 opas
1266 2152 1340 2208 hona
1361 2168 1446 2223 opera
1466 2156 1623 2206 renatorum
1641 2149 1749 2206 ratione
1764 2149 1979 2220 imperfectionis
1997 2155 2026 2205 et
2044 2150 2097 2206 im·

412 2240 496 2294 amne
513 2242 614 2311 optime
629 2242 739 2303 sacuam
757 2247 799 2293 eet
817 2238 935 2294 manate
948 2246 1091 2308 peccatam
1103 2239 1133 2293 in
1143 2238 1239 2308 rigido
1267 2237 1411 2295 munditiei
1442 2244 1520 2293 extra
1547 2237 1630 2293 fidem
1659 2238 1847 2293 consideratae
1875 2242 1939 2291 sunt
1968 2243 2097 2307 paccata,

412 2326 472 2384 Dei
489 2326 604 2394 judicio
631 2326 846 2382 scandentem.
874 2332 926 2381 art
946 2331 992 2381 35:
1017 2327 1105 2379 Nemo
1125 2326 1239 2394 dudda,
1266 2325 1319 2381 hoe
1337 2333 1380 2380 est
1398 2324 1519 2396 pcccatis
1537 2325 1732 2388 contaminata,
1750 2341 1801 2380 nec
1817 2322 1993 2379 satisfaciunt
2009 2322 2099 2396 rigori

411 2412 504 2467 omnia
526 2419 623 2466 nostra
642 2412 714 2466 bana
732 2428 818 2482 opera
837 2429 896 2467 aare
908 2419 1029 2481 peccata
1047 2412 1190 2480 mortalia,
1215 2414 1241 2467 ei
1266 2411 1336 2483 legis
1353 2411 1476 2480 divinae,
1501 2410 1568 2482 quin
1586 2411 1667 2465 etiam
1685 2410 1757 2467 fiunt
1775 2416 1892 2481 mecam
1907 2409 2052 2480 mortalia,
2074 2410 2101 2465 ai

410 2499 558 2554 secandam
578 2497 700 2566 mearam
710 2498 822 2566 judicii
838 2498 928 2552 diuini
945 2498 1124 2552 aestimentur
1141 2506 1167 2552 et
1184 2515 1239 2551 aon
1266 2497 1368 2553 fiducia
1387 2498 1513 2569 justitiae
1536 2514 1628 2551 coram
1646 2498 1706 2553 Deo
1731 2497 1847 2553 valeutm
1871 2503 1900 2553 st
1922 2496 2015 2568 opinio
2040 2513 2099 2552 ma·

410 2603 443 2640 aa
459 2601 536 2639 mera
553 2584 612 2638 Dei
628 2584 723 2652 matie
737 2602 795 2653 pro
814 2585 892 2639 donia
909 2583 1096 2638 aestimentur.
1124 2582 1240 2655 Gregor.
1266 2584 1312 2638 n'ti
1335 2583 1390 2639 illis
1413 2583 1578 2656 attingetur,
1606 2601 1679 2654 quae
1702 2584 1794 2639 omnia
1816 2583 1934 2639 clariora
1957 2589 2039 2639 erunt
2064 2599 2098 2637 ex

410 2669 438 2729 iu
463 2687 487 2727 c.
506 2676 530 2725 9.
555 2666 619 2725 doh.
638 2668 737 2724 iisdem
756 2668 847 2724 subis
866 2668 966 2724 utitur:
993 2668 1112 2723 Sanctae
1133 2670 1183 2724 lob
1201 2672 1240 2723 ai-
1266 2688 1341 2741 seqq.
1365 2669 1414 2725 ubi
1438 2670 1473 2725 de
1494 2670 1663 2741 perfectione
1688 2670 1822 2725 bonorum
1841 2685 1955 2739 operum
1973 2667 2099 2739 ᾱὶιριιω

320 2754 322 2758 ’
410 2757 505 2823 dedat,
523 2754 617 2808 omnia
635 2761 733 2808 nostra
751 2754 824 2809 dona
842 2772 929 2825 opera
946 2771 1005 2809 ease
1023 2773 1100 2811 mera
1115 2764 1240 2825 peccata,
1266 2756 1348 2811 bitur.
1390 2756 1466 2819 Quid
1491 2774 1579 2811 meam
1604 2756 1754 2810 artieatam
1772 2758 1909 2809 &meant
1926 2753 1977 2823 (eit
1993 2753 2098 2812 Lume-

410 2844 439 2898 ae'
450 2843 621 2912 judicantur
638 2859 657 2895 a
674 2844 750 2911 Deo,
774 2842 838 2897 ideo
856 2843 939 2907 dicit,
957 2847 983 2897 ei
999 2843 1118 2898 aalans't
1132 2851 1240 2898 comen·
1265 2860 1313 2898 rus
1339 2841 1369 2897 iu
1393 2860 1426 2899 eo
1454 2842 1528 2915 ipeo,
1555 2859 1637 2914 quem
1654 2841 1839 2897 Bellarmiuue
1866 2841 1984 2912 allegat,
2013 2841 2098 2911 loco),

409 2931 478 2984 decu
503 2945 564 2991 cata
586 2944 633 2995 eo,
657 2946 713 2983 aaa
731 2929 837 2999 poterit
858 2929 887 2984 ei
902 2931 1069 2999 repondere
1087 2947 1171 2984 anam
1183 2948 1240 3000 pra
1267 2930 1487 2984 damneatillad
1498 2932 1568 2986 Era.
1580 2932 1641 2985 dt:
1661 2931 1700 2983 Et
1710 2930 1792 2997 facti
1808 2946 1902 2982 eamus
1915 2935 1946 2981 at
1958 2928 2101 2983 immuasdi

413 3015 497 3072 mille.
513 3014 609 3074 ,ldem
618 3014 688 3070 dicit
697 3015 873 3087 Augrutinua
891 3015 937 3071 lib.
952 3022 976 3073 11.
997 3015 1069 3076 coni.
1079 3032 1103 3074 c.
1119 3022 1162 3073 13:
1188 3017 1242 3072 Vae
1267 3034 1359 3071 omnm
1387 3035 1437 3071 noe
1463 3025 1489 3070 et
1513 3017 1597 3086 qaaei
1618 3033 1731 3085 pannas
1755 3015 1882 3069 nsah'erie
1905 3022 2117 3071 menstruatae.

412 3101 496 3165 etiam
522 3100 665 3156 laudabili
684 3102 760 3157 citae
782 3101 938 3172 heminam,
957 3103 985 3156 ei
1007 3110 1113 3157 remota
1134 3103 1241 3158 miseri·
1267 3103 1412 3157 aniversae
1428 3103 1563 3172 jactitiae
1581 3111 1700 3157 noemae.
1736 3101 1774 3158 Et
1790 3100 1860 3156 illud
1879 3099 1954 3155 Eccl.
1974 3107 2004 3156 1:
2030 3102 2099 3157 Noa

285 3208 350 3247 aens
411 3185 803 3244 manutenuerunt*
837 3187 1020 3243 Bellarminua
1044 3187 1130 3259 igitur
1155 3189 1240 3244 maui-
1267 3197 1307 3242 eet
1328 3190 1409 3244 hamo
1431 3190 1523 3257 iactae
1542 3190 1572 3244 ia
1589 3198 1680 3253 terra,
1702 3189 1860 3258 qai‘saciat
1878 3188 1976 3241 donam
1995 3194 2022 3241 et
2042 3206 2100 3243 non

285 3267 514 3357 ffffissgieatum
537 3274 640 3330 crimen
663 3273 726 3329 falsi
749 3273 910 3339 committit,
938 3273 1004 3345 quia
1026 3273 1063 3328 dc
1086 3290 1137 3328 suo
1153 3275 1240 3344 addit,
1262 3284 1365 3346 peccet
1402 3276 1531 3340 Obsecro,
1550 3276 1599 3344 qai
1614 3274 1760 3329 aniversae
1776 3281 1887 3327 noeane
1899 3273 2031 3343 jactitiae
2047 3273 2099 3328 ien-

284 3364 395 3454 ffimffl·
411 3360 494 3431 quod·
508 3358 584 3415 bona
607 3376 692 3430 opera
713 3359 769 3414 sint
786 3373 819 3414 en
834 3367 939 3413 neaera
956 3377 1009 3414 raa
1027 3360 1160 3416 mortalia
1177 3377 1240 3432 pec-
1266 3362 1388 3416 amadus
1414 3362 1500 3426 dicit,
1529 3378 1620 3415 noane
1648 3377 1729 3415 omae
1755 3376 1825 3430 opere
1855 3360 1954 3413 bonam
1975 3367 2099 3427 peccato

340 3442 346 3454 ⁴
411 3445 637 3516 cata,quodnon
650 3444 998 3516 matatapudLutherum,
1011 3445 1051 3499 sic
1065 3447 1138 3502 enim
1152 3446 1239 3519 loqui·
1262 3448 1403 3517 pellatam
1432 3448 1554 3502 asseras
1582 3449 1728 3502 Damneat
1754 3453 1780 3500 et
1805 3446 1882 3500 iliad
1898 3445 2006 3500 Pactus.
2026 3448 2098 3500 lat:

408 3536 456 3587 tur
475 3536 526 3585 art
546 3536 591 3588 31:
617 3533 654 3586 In
671 3532 747 3586 omni
771 3549 855 3601 apere
872 3533 970 3601 jeseiae
991 3540 1099 3601 peceat.
1124 3540 1174 3588 art.
1193 3538 1239 3590 32:
1266 3536 1332 3589 Non
1355 3534 1442 3587 intres
1465 3534 1495 3588 ia
1512 3533 1657 3603 judiciam
1680 3548 1839 3586 camaena
1862 3539 1923 3600 tao,
1949 3531 2017 3600 qaia
2040 3550 2098 3587 aon

414 3634 485 3686 apae
510 3618 609 3672 donam
635 3618 737 3687 optinse
757 3619 872 3686 saetam
897 3626 938 3671 eet
960 3618 1077 3672 mortale
1095 3627 1239 3688 peccatam
1259 3620 1465 3689 juctificabitur
1489 3620 1688 3688 incomperta
1706 3626 1752 3671 tao
1771 3617 1860 3672 amase
1876 3617 1978 3673 cirene.
2014 3618 2097 3672 Deae

410 3705 561 3757 secandam
585 3703 725 3772 indiciam
742 3705 809 3759 Dei.
846 3708 896 3758 art
923 3707 971 3758 36:
992 3704 1088 3772 jactae
1114 3705 1144 3757 ia
1170 3707 1239 3760 bono
1266 3707 1338 3760 enim
1354 3707 1452 3776 jactae
1470 3706 1562 3774 jadex
1584 3707 1684 3758 honam
1707 3722 1777 3775 apres
1803 3706 1940 3759 damnare
1959 3721 2015 3759 aaa
2031 3713 2096 3774 pot·

291 3799 349 3840 1111.
363 3799 494 3859 caepere
510 3797 609 3859 peccat
628 3789 793 3844 mortaliter.
828 3795 852 3845 2.
870 3789 1047 3862 ambiguitas
1065 3797 1107 3845 eat
1125 3790 1239 3847 invoca
1265 3800 1322 3860 eat,-
1351 3809 1412 3845 eam
1441 3799 1533 3845 antem
1558 3791 1603 3845 laic
1629 3791 1722 3859 diem,
1749 3808 1804 3844 aaa
1824 3790 1984 3859 justificari
2004 3787 2097 3845 azam

409 3876 544 3946 mortate5
571 3874 740 3931 ostendimus
763 3892 813 3931 auo
838 3875 899 3932 loco
922 3876 951 3931 iu
973 3881 1083 3933 tractat
1106 3877 1141 3932 de
1161 3894 1237 3948 pecc.
1265 3879 1410 3941 atumem,
1434 3878 1517 3931 etiam
1539 3896 1649 3933 seruam
1670 3877 1744 3959 Dei,
1761 3877 1883 3946 planam
1907 3883 1963 3940 eet,
1986 3876 2097 3931 uallum

409 3961 510 4017 actual.
532 3959 559 4036 §.
578 3968 619 4018 9⁰.
638 3968 666 4017 et
682 3978 759 4034 seqq.
777 3962 902 4034 quamuis
920 3962 1012 4019 omnia
1026 3968 1150 4033 peccata,
1168 3964 1192 4019 si
1210 3964 1239 4019 iu
1267 3983 1337 4035 opas
1363 3966 1462 4019 bonam
1482 3981 1568 4034 poree
1582 3964 1727 4033 judiciam
1749 3962 1809 4017 Dei
1829 3961 1979 4026 aartiaere,
2008 3980 2098 4033 quare

409 4064 439 4103 se
463 4053 492 4103 et
514 4064 547 4102 ex
570 4064 601 4103 aa
626 4048 847 4113 considerentur,
875 4048 931 4103 sint
954 4049 1092 4120 mortalia,
1120 4049 1172 4108 hoc
1197 4058 1240 4106 eat
1265 4067 1314 4105 aee
1329 4051 1416 4121 plene
1437 4052 1536 4104 bonane
1550 4057 1589 4103 ea

409 4133 550 4192 mortifera
579 4140 607 4190 et
624 4134 809 4190 damnationis
826 4151 904 4191 reum
920 4135 1130 4201 constituentia,
1157 4138 1239 4208 quae·
1300 4143 1341 4193 10.
1376 4135 1491 4206 Begerit
1517 4135 1717 4190 Bellarminua:
1752 4134 1788 4189 Si
1815 4134 1887 4190 dona
1916 4151 2003 4204 apere
2032 4143 2097 4191 eant
2109 4142 2154 4184 1¹⁴

411 4220 474 4274 dam
502 4226 595 4277 tamen
618 4220 674 4276 diei
697 4219 818 4276 venialia
835 4237 868 4276 ac
887 4221 1024 4293 quaedam
1041 4229 1149 4278 tantum
1169 4240 1239 4278 mor·
1261 4230 1380 4293 peccata
1402 4222 1535 4275 mortalia
1559 4229 1699 4275 ettamen
1717 4228 1836 4290 propter
1863 4221 1948 4285 fidens
1972 4238 2028 4274 non
2045 4221 2096 4275 isa·
2109 4205 2154 4287 ᾖξ’,

409 4305 489 4375 talia,
514 4305 599 4378 idque
621 4303 682 4361 fieri
708 4325 763 4363 non
780 4312 893 4378 propter
910 4314 1036 4364 naturam
1055 4316 1240 4379 peccatorum,
1263 4316 1412 4379 putantur,
1437 4315 1510 4361 certe
1527 4306 1612 4361 etiam
1628 4314 1760 4377 poterant
1776 4306 1854 4359 arada
1875 4323 1962 4376 opera
1975 4315 2097 4377 propter

409 4392 458 4448 sed
475 4397 588 4463 propter
605 4391 820 4448 misericordiam
837 4393 945 4458 Patris,
971 4394 1096 4450 meritum
1115 4396 1194 4465 Filii,
1212 4403 1240 4453 et
1260 4396 1350 4462 fidem
1374 4413 1429 4448 non
1451 4393 1588 4462 imputari
1609 4392 1779 4461 asperior
1798 4410 1854 4445 aon
1872 4409 1985 4461 norme,
2009 4410 2098 4464 nequa

410 4477 656 4534 sanctificationem
668 4477 796 4548 Spiritus,
813 4496 846 4534 ac
865 4480 982 4551 proinde
994 4481 1064 4537 hanc
1077 4482 1239 4540 divisionem
1266 4482 1318 4535 erit
1337 4497 1433 4548 caasa,
1451 4497 1501 4533 car
1521 4480 1648 4535 aiteatar.
1683 4477 1906 4550 Respondemus:
1925 4477 1997 4532 sicut
2011 4496 2096 4550 quae·

410 4579 465 4618 non
482 4563 618 4634 respicere
636 4581 730 4619 omnes
749 4565 873 4622 homines
892 4566 921 4620 in
938 4583 1047 4638 genere,
1066 4568 1115 4623 sed
1132 4574 1239 4624 tantmn
1266 4568 1330 4621 dam
1353 4573 1470 4638 peccata
1494 4571 1559 4621 aunt
1582 4564 1714 4633 vuinus,
1737 4564 1875 4637 quaedam
1890 4563 2038 4635 mortalia,¹
2056 4565 2098 4622 ita

408 4652 526 4705 renatos.
565 4649 668 4704 Eorum
687 4649 759 4704 enim
779 4657 907 4723 respectu
926 4651 995 4707 illud
1013 4653 1043 4708 in
1063 4654 1155 4724 specio
1174 4654 1239 4718 dici·
1265 4671 1375 4725 quoqne
1399 4652 1474 4708 mala
1499 4670 1584 4723 opera
1609 4651 1747 4723 quaedam
1766 4655 1832 4705 eunt
1848 4655 1965 4721 peccata
1981 4649 2096 4707 infirmi·

407 4739 454 4792 tur
469 4734 582 4790 mortale
602 4742 763 4805 peccatum,
780 4737 855 4808 quod
871 4737 904 4792 fit
921 4744 1016 4795 contra
1033 4740 1237 4810 conscientiam,
1265 4739 1345 4808 tatis,
1371 4739 1466 4809 lapsus
1490 4737 1616 4805 humani,
1641 4736 1803 4807 quotidiana
1822 4735 1932 4805 dehita3
1958 4738 2097 4809 quaedam

409 4838 493 4893 quam
511 4827 610 4891 vastat,
629 4828 660 4877 ut
680 4820 802 4892 loquitur
818 4823 992 4895 Augustinus
1014 4830 1052 4883 11.
1069 4826 1104 4882 de
1122 4826 1172 4882 civ.
1185 4827 1240 4883 Dei
1265 4842 1329 4881 vero
1359 4833 1424 4880 sunt
1448 4831 1564 4896 peccata
1594 4823 1790 4880 conscientiam
1816 4824 1961 4880 renuntia.
2000 4824 2030 4880 si
2060 4826 2097 4881 dc

408 4921 433 4960 c.
461 4911 499 4963 11.
530 4905 605 4977 quod
631 4908 735 4963 excutit
760 4907 843 4964 fidem
868 4916 896 4964 et
922 4909 1040 4980 Spiritus
1064 4929 1086 4966 s.
1112 4915 1238 4983 gratiam¹
1265 4912 1349 4983 priori
1368 4912 1503 4966 malorum
1522 4928 1635 4982 operum
1653 4928 1754 4982 genero
1769 4910 1953 4966 Bellarminus
1970 4911 2095 4981 loquitur

408 4990 475 5047 aliae
502 4998 616 5047 vocatur
636 5001 782 5061 peccatam
808 5012 928 5064 regnans
952 5014 985 5052 ao
1014 4997 1194 5070 distinguitur
1221 5017 1239 5054 a
1265 5003 1330 5068 (quo
1349 5015 1431 5052 sensu
1448 4997 1496 5051 lih.
1510 5003 1535 5054 1.
1554 4997 1589 5051 dc
1602 4996 1693 5067 justif.
1712 5015 1736 5052 c.
1756 5004 1794 5054 10.
1812 4996 1886 5051 circa
1899 4996 1946 5053 fin.
1958 4996 2095 5053 malorum

408 5078 509 5138 veniali
531 5094 580 5133 seu
602 5096 658 5134 non
676 5086 824 5151 regnante,
848 5080 878 5135 in
896 5099 951 5154 quo
968 5083 1044 5138 lucta
1064 5092 1106 5139 est
1124 5086 1237 5155 spiritus
1265 5102 1378 5154 operum
1392 5083 1578 5155 appellatione
1591 5083 1697 5153 utitur),
1713 5083 1896 5152 concedimus,
1908 5082 1963 5138 fide
1975 5083 2094 5139 inChri·

406 5168 502 5220 contra
518 5180 642 5234 carnem,
660 5165 708 5235 qui
724 5165 799 5220 hanc·
810 5167 921 5223 tandem
940 5168 1025 5225 vincit
1042 5187 1075 5225 ac
1092 5171 1237 5242 deprimit;
1264 5178 1337 5226 stum
1354 5170 1542 5226 remissionem
1562 5187 1655 5224 eorum
1672 5172 1775 5226 senefia
1790 5170 1914 5242 quotidie
1932 5170 2094 5243 confingere

407 5251 482 5308 unde
509 5251 574 5307 licat
604 5269 653 5322 per
682 5268 712 5308 aa
742 5260 770 5307 et
799 5271 850 5310 aua
876 5262 976 5310 natura
1008 5266 1081 5313 esset
1115 5259 1238 5324 mortale,
1264 5274 1298 5312 ac
1321 5274 1370 5328 per
1388 5257 1455 5320 hcc,
1479 5255 1554 5327 quod
1570 5257 1606 5311 ad
1621 5256 1849 5328 Justificationem
1867 5262 1895 5311 et
1914 5257 2032 5313 sulutem
2051 5264 2093 5314 at·

405 5342 499 5394 tamen
521 5345 633 5409 propter
658 5337 810 5405 Christum,
840 5358 922 5411 quem
947 5341 1016 5397 fides
1043 5345 1236 5416 apprehendit,
1264 5344 1344 5408 unet,
1368 5344 1407 5399 eis
1428 5360 1484 5397 non
1507 5359 1613 5398 nocere.
1649 5342 1679 5399 Si
1701 5361 1765 5399 vero
1789 5344 1823 5399 de
1841 5342 1986 5415 posteriori
2006 5345 2091 5415 malo

405 5441 461 5479 non
482 5424 648 5496 imputatur,
673 5441 735 5480 cum
762 5426 843 5480 natta
867 5428 903 5481 as't
921 5431 1116 5484 coaskmnatio
1137 5431 1166 5483 in
1184 5431 1237 5500 laia,
1263 5449 1323 5485 rum
1349 5447 1463 5502 operum
1486 5444 1587 5500 genere
1612 5429 1671 5501 agit
1690 5436 1755 5501 (quo
1773 5447 1855 5485 seusu
1871 5429 2014 5500 Scriptura
2033 5447 2091 5485 ma·

406 5511 456 5580 qai
472 5520 535 5566 eane
553 5513 583 5566 in
600 5509 710 5566 Christo
730 5513 815 5582 Jesa,
834 5514 913 5569 Rom.
930 5520 962 5583 8,
987 5534 1011 5572 v.
1035 5523 1056 5573 1.
1091 5518 1162 5573 Inde
1176 5519 1237 5588 jam
1246 5544 1250 5683 J
1262 5519 1350 5573 lorum
1369 5534 1485 5587 operum
1502 5514 1687 5585 appellatione
1706 5516 1815 5584 utitur),
1833 5533 2009 5588 nequaquam
2027 5534 2091 5571 con-

405 5596 567 5670 inteiligitur
598 5598 694 5656 vitium
720 5600 884 5670 argumenti.
933 5601 1024 5672 Major
1050 5603 1173 5675 loquitur
1200 5606 1236 5662 de
1262 5604 1400 5667 cedimus,
1428 5609 1541 5673 propter
1568 5601 1651 5659 fidem
1681 5618 1715 5657 ea
1743 5619 1800 5656 non
1828 5601 1957 5673 imputari
1983 5619 2016 5658 ac
2040 5622 2090 5674 per

404 5684 524 5751 pacans
554 5701 604 5756 per
633 5700 677 5752 se,
706 5684 832 5742 absolute
858 5693 886 5741 st
903 5686 1064 5757 simpliciter
1079 5690 1119 5746 sic
1138 5690 1313 5759 dictia3'hoc
1333 5707 1388 5744 uon
1406 5705 1504 5745 nocere
1529 5706 1579 5744 nec
1599 5705 1659 5744 esse
1678 5705 1802 5758 cumam,
1828 5708 1876 5744 cur
1895 5689 2028 5760 vitentur,
2053 5692 2089 5747 si-
