4800 6659
364 570 422 629 142
956 558 1265 621 accusabamus
1285 559 1461 621 OCTAVUS

360 722 595 773 camentorum
617 728 761 776 enumerat
784 722 904 791 quinqua
931 720 1059 774 dioneos
1085 724 1190 772 senun-
1217 715 1323 772 tribuat
1345 723 1374 772 et
1393 734 1411 772 a
1429 716 1651 774 Lutheranornm
1671 720 1807 776 sententia
1831 720 1974 790 sejungat,
1998 718 2054 775 sibi

359 802 415 857 tias
440 804 663 860 &characterum
685 815 802 877 praeter
824 826 917 874 naam,
945 824 1016 877 quae
1040 813 1080 859 est
1103 811 1188 859 secta.
1215 803 1361 858 manifeste
1378 804 1578 861 contradimus.

359 887 582 959 Respondemus:
606 909 663 947 non
685 898 854 963 nostrorum,
883 893 932 948 ssd
957 890 1189 946 scholasticorum
1253 894 1292 947 13.
1319 889 1422 945 Postea
1444 892 1608 962 aggreditur
1630 890 1814 946 Bellarminus
1837 889 1948 963 singula
1965 907 2061 945 mem-

359 979 388 1029 et
405 974 637 1048 Zwingliancrum
656 974 806 1033 discordias
821 983 849 1033 et
859 978 1001 1049 opiniones
1015 976 1190 1032 Chemnicius
1215 975 1265 1029 bra
1282 975 1381 1031 horum
1399 977 1601 1047 requisiturum,
1620 995 1692 1049 quae
1709 983 1857 1050 antequam
1871 977 2053 1046 excutiamus,

358 1060 462 1117 ibidem
489 1070 644 1132 enumerat,
677 1071 708 1119 ut
734 1064 847 1120 cuilibet
871 1053 959 1136 primo
983 1064 1084 1118 intuitu
1104 1063 1189 1118 mani·
1215 1066 1322 1115 tanturn
1345 1063 1419 1133 quod
1444 1063 1503 1134 ipse
1522 1064 1706 1118 Bellarminus
1731 1063 1778 1121 lib.
1802 1071 1822 1119 l.
1843 1064 1878 1119 dc
1897 1064 2052 1134 poenitent.

357 1147 459 1202 festum
487 1156 536 1205 est
580 1153 627 1205 De
654 1152 785 1221 es'ficacm
812 1160 1051 1206 samamentorum
1079 1149 1190 1222 (inquit)
1216 1164 1240 1201 c.
1260 1152 1300 1203 11.
1321 1149 1464 1217 concedat,
1485 1167 1519 1204 ex
1537 1151 1672 1220 baptismo
1690 1159 1717 1203 ct
1734 1159 1904 1205 coenarectc
1915 1150 2056 1218 judicari

358 1237 495 1304 quomodo
512 1253 560 1289 seu
579 1239 759 1307 quaeratione
779 1241 907 1308 offerant,
925 1238 1077 1305 cohibeant,
1098 1235 1190 1306 appli-
1216 1234 1251 1284 ds
1275 1234 1481 1287 conditionibus
1502 1237 1678 1290 sacramenti.
1713 1236 1841 1289 Proinde
1857 1236 1928 1288 banc
1946 1252 2051 1303 proce·

358 1330 419 1375 cent
436 1330 462 1375 et
480 1323 624 1392 obsipnent
642 1326 864 1394 oratiam-inter
878 1323 1189 1392 scholasticosscrspto·
1216 1319 1306 1371 dandi
1329 1320 1404 1372 viam
1430 1322 1460 1374 in
1488 1321 1647 1377 Chemnicio
1673 1323 1831 1391 improbare
1856 1338 1912 1375 non
1937 1321 2051 1392 poterit.

356 1425 402 1461 res
419 1411 516 1463 varias
527 1412 651 1478 fuerant
669 1412 879 1481 disputationes.
918 1412 1037 1474 Quidam
1055 1410 1143 1477 enim,
1160 1416 1190 1461 ut
1216 1402 1272 1458 Sed
1290 1404 1445 1472 videamus,
1470 1407 1608 1477 quidhoc
1628 1409 1688 1463 loco
1710 1407 1825 1480 singulis
1850 1406 1980 1462 membris
2000 1425 2050 1477 op·
2064 1396 2123 1497 {iffi

357 1494 484 1558 Alema,
507 1496 637 1566 Thomas,
658 1500 825 1561 Durandus,
843 1505 995 1563 cameruost,
1013 1497 1083 1566 ipsis
1102 1496 1188 1547 esler-
1215 1495 1308 1560 ponat
1344 1497 1368 1548 1.
1389 1493 1490 1545 Prima
1504 1494 1651 1563 particula
1671 1493 1782 1565 (inquit)
1806 1495 1851 1546 uel
1870 1495 1975 1562 occipit
1993 1495 2050 1548 elc-
2065 1512 2121 1550 ress

355 1580 401 1633 nis
427 1592 665 1637 sacramentorum
690 1585 830 1637 elementis
852 1601 906 1654 per
930 1583 1042 1637 verbum
1061 1581 1191 1648 conferri
1215 1585 1335 1630 mentum
1356 1579 1465 1632 vuibile
1484 1580 1677 1634 attrectabile
1697 1598 1753 1649 pro
1771 1580 1896 1649 qualibet
1913 1598 1944 1634 re
1960 1581 2051 1633 senm-
2064 1556 2122 1593 ω

355 1666 484 1720 uirtutem
502 1670 645 1736 quandam
662 1671 914 1738 supernaturalem,
932 1686 1003 1738 quae
1021 1686 1077 1721 non
1092 1667 1128 1718 sit
1145 1681 1188 1718 re·
1217 1661 1276 1730 bili,
1297 1671 1326 1716 et
1347 1672 1404 1717 tum
1429 1666 1513 1718 etiam
1531 1666 1670 1720 absolutio
1688 1667 1741 1718 erit
1758 1675 1978 1731 sacramentum,
2009 1674 2052 1719 cst

356 1752 427 1806 lolio
444 1770 493 1805 scu
511 1755 653 1809 ordinatio
671 1758 743 1823 Dei,
763 1759 840 1826 quod
853 1774 908 1825 per
929 1760 1108 1809 sacramenta
1128 1760 1188 1826 tan-
1215 1748 1289 1801 euim
1315 1766 1361 1803 res
1386 1752 1540 1816 sandalis,
1568 1770 1630 1805 cum
1653 1753 1770 1805 auribus
1782 1753 1980 1822 percipiatur,·
2005 1753 2052 1807 vel

356 1856 439 1907 qulam
455 1857 507 1909 per
525 1858 625 1895 coruos
642 1842 867 1896 instrumentales
881 1843 961 1894 Deus
978 1840 1110 1906 efficacia
1124 1838 1187 1907 Spi-
1215 1835 1319 1903 accipit
1335 1836 1499 1891 elementum
1516 1839 1625 1893 visibile
1644 1839 1832 1892 attrectabile
1846 1858 1903 1908 pro
1916 1856 1955 1902 re,
1976 1857 2052 1909 quae

356 1925 428 1978 ritas
456 1927 522 1980 velit
548 1929 678 1996 conferre
705 1930 842 1997 pralium,
872 1930 924 1981 sed
948 1928 1025 1996 quod
1047 1926 1084 1978 sit
1100 1926 1188 1978 virtus
1214 1938 1297 1974 sensu
1316 1923 1434 1977 uidendi
1451 1933 1476 1977 et
1498 1926 1634 1992 tanpendi
1651 1926 1819 1994 percipitur,
1842 1933 1870 1978 et
1888 1933 1945 1979 tum
1961 1927 2052 1995 finpit
2097 1966 2099 1969 ι

356 2012 585 2080 supernaturalis
603 2021 628 2067 et
643 2015 802 2083 spiritualis
819 2013 1073 2071 absolutehoerens
1087 2012 1188 2064 incor-
1214 2008 1269 2060 cibi
1294 2010 1488 2071 definitionem
1512 2015 1572 2065 cine
1600 2012 1660 2065 ullo
1690 2013 1845 2065 testimonio
1875 2012 2052 2081 ssnpnrae.

352 2097 503 2166 poralibus
527 2109 765 2155 sacramentorum
789 2100 941 2167 elementis,
964 2116 1019 2167 per
1043 2117 1127 2167 mom
1146 2099 1187 2151 in·
1214 2094 1440 2164 Respondemus:
1469 2097 1503 2150 In
1528 2097 1701 2153 absolutione
1719 2115 1775 2151 non
1793 2097 1913 2153 habetur
1930 2099 2050 2153 elemen-

351 2184 444 2252 fluant
462 2193 489 2238 ct
506 2195 592 2253 apant
610 2188 639 2240 in
657 2188 782 2240 animam
801 2187 858 2240 noe
877 2187 1001 2256 effective
1019 2186 1076 2238 nne
1094 2186 1187 2253 dispo-
1215 2186 1273 2232 tum
1299 2181 1413 2253 aliquod
1436 2188 1579 2238 ertemum
1604 2184 1712 2239 visibile
1731 2184 1864 2238 divinitus
1881 2185 2049 2251 institutum,

340 2269 441 2327 sitive.
481 2271 542 2325 llla
569 2289 634 2326 uero
667 2274 764 2343 opinio
794 2274 878 2327 etiam
908 2274 980 2325 inter
1006 2272 1187 2325 scholasticos
1215 2266 1264 2320 sed
1282 2265 1314 2320 fit
1332 2268 1483 2337 applicatio
1500 2269 1688 2339 promissionis
1707 2271 1843 2341 generalis
1861 2289 1911 2342 per
1931 2271 2048 2326 verbum

354 2356 507 2425 temptores
530 2376 584 2411 non
608 2360 666 2423 fuit
685 2360 809 2413 omnibus
824 2358 959 2427 probata,
988 2366 1017 2410 at
1041 2358 1187 2410 Beneven-
1215 2352 1349 2421 speciale,
1377 2354 1452 2423 quod
1477 2372 1533 2408 non
1555 2374 1637 2426 posse
1663 2356 1791 2411 clementi
1813 2357 1918 2412 externi
1937 2358 2049 2412 nomine

355 2450 448 2511 turae,
468 2445 615 2500 Richards
634 2452 687 2500 etc.
707 2455 732 2499 et
743 2447 868 2514 fuerunt
882 2452 1047 2513 praeterea,
1067 2444 1117 2513 qui
1132 2443 1186 2495 uir·
1215 2437 1308 2491 venire
1327 2441 1498 2495 ostendimus
1516 2442 1545 2496 in
1557 2443 1721 2498 tractatione
1733 2444 1768 2497 de
1781 2443 1952 2515 poenitentia
1967 2441 1994 2518 ξ.
2005 2451 2047 2511 23.

354 2536 439 2582 tutem
458 2540 698 2586 sacramentorum
717 2533 747 2585 in
764 2534 927 2602 ipsoopere,
946 2537 1187 2599 quosacramenta
1214 2522 1245 2577 Si
1269 2525 1409 2594 quaelibet
1432 2544 1476 2581 res
1494 2528 1646 2597 sensibilis,
1673 2531 1755 2584 etiam
1774 2545 1819 2597 ea,
1845 2547 1917 2600 quae
1935 2530 2047 2585 auditus

354 2615 531 2670 celebantur
554 2619 598 2671 osl
623 2620 825 2688 coapiantur,
852 2616 1064 2682 constituerunt,
1092 2615 1131 2667 ita
1156 2623 1185 2666 ut
1214 2627 1296 2664 sensu
1311 2611 1473 2683 percipitur,
1486 2614 1637 2669 sufficitad
1650 2617 1814 2671 elementum
1827 2621 1970 2670 externum
1983 2634 2047 2671 con·

354 2710 532 2755 sacramenta
557 2705 718 2759 dicerentur
744 2706 875 2769 conferre
898 2703 1020 2771 pratiam
1045 2718 1077 2753 cs
1094 2700 1184 2768 dipni·
1214 2697 1391 2765 stituendum,
1406 2699 1488 2754 etiam
1503 2702 1641 2773 evangelii
1652 2702 1821 2772 praedicatio
1831 2701 1883 2756 erit
1892 2719 2046 2757 sacramen·

353 2795 411 2843 tate
430 2796 456 2841 et
479 2789 577 2842 merito
596 2790 703 2859 operis,
727 2792 804 2858 quod
822 2796 928 2842 exercet
945 2787 990 2841 oel
1007 2786 1057 2840 iile
1077 2786 1127 2854 qui
1144 2802 1184 2838 ce·
1215 2789 1274 2836 tum
1292 2784 1460 2853 propriesic
1480 2786 1592 2843 dictum.
1622 2787 1652 2842 si
1669 2788 1785 2843 verbum
1803 2787 1986 2842 absolutionis
2004 2793 2047 2841 est

353 2874 455 2943 haut,
478 2875 522 2927 vel
544 2875 593 2929 ille
619 2876 669 2944 qui
691 2875 807 2944 suscipit
827 2881 878 2930 etc.
912 2875 1018 2927 Nostro
1035 2890 1100 2925 vero
1121 2879 1184 2924 tens·
1213 2868 1378 2923 elementum
1392 2874 1598 2941 sacramentale,
1618 2875 1717 2945 regula
1727 2873 1879 2946 Augustini
1894 2874 1934 2927 ita
1944 2873 2046 2944 poterit

348 2976 421 3028 porc
437 2961 563 3029 quidam,
582 2963 649 3014 dnm
666 2961 749 3014 hasce
762 2960 928 3028 pontificias
946 2958 1091 3029 opiniones
1108 2958 1184 3011 cehe·
1212 2954 1338 3009 formari:
1355 2956 1480 3011 Accedat
1496 2960 1610 3015 verbum
1629 2962 1664 3014 ad
1678 2961 1851 3029 elementum,
1870 2964 1897 3014 et
1911 2958 1944 3012 fit
1956 2977 2046 3013 sacra-

352 3046 469 3099 mentius
491 3050 618 3113 refutare
641 3046 803 3114 velamant,
828 3046 944 3099 nimium
966 3045 1137 3113 deflexerunt
1155 3045 1185 3096 in
1212 3049 1342 3096 mentum.
1370 3043 1414 3098 De
1432 3048 1491 3098 tota
1509 3044 1561 3099 hac
1579 3064 1608 3100 re
1621 3046 1646 3100 d
1660 3046 1678 3102 l.
1693 3047 1781 3117 plura
1817 3045 1881 3116 Ipse
1900 3046 2045 3101 Bellarmi·

349 3138 462 3199 partem
478 3133 633 3190 sinistram.
669 3134 893 3201 Disputaoerunt
908 3130 989 3197 enim,
1008 3138 1184 3184 sauamcnto
1212 3146 1263 3182 nus
1282 3136 1303 3184 1.
1322 3131 1357 3185 de
1375 3148 1489 3186 sacram.
1510 3149 1533 3186 c.
1549 3139 1588 3189 11.
1602 3130 1630 3207 ξ.
1645 3134 1740 3189 tertia:
1762 3136 1818 3187 Per
1836 3134 1996 3187 elernentum
2015 3135 2045 3187 in

352 3216 424 3271 nihil
449 3218 533 3271 aliud
558 3234 616 3271 esse
645 3235 729 3286 qnam
752 3218 835 3287 sipna
857 3226 883 3271 et
906 3224 987 3270 nolas
1006 3216 1184 3270 Christianae
1213 3215 1380 3281 definitione
1399 3220 1571 3272 sacramenti
1587 3220 1755 3290 intelligitur
1774 3238 1818 3274 res
1838 3220 1990 3290 quaeh‘bet,
2014 3229 2045 3274 ut

349 3304 553 3379 professionis,
580 3304 679 3373 quidvis
706 3321 725 3356 a
750 3303 874 3357 Judaeis
896 3311 922 3355 et
937 3304 1062 3372 poponis
1080 3302 1184 3355 discer-
1212 3319 1231 3352 a
1249 3302 1331 3355 verbo
1350 3303 1542 3372 distinguitur,
1558 3306 1730 3373 fralaillud
1740 3308 1907 3377 Aupustini:
1925 3307 2045 3359 Accedit

354 3396 464 3443 nentur.
507 3389 630 3452 Quidam
659 3397 837 3458 canuerunt,
870 3396 1046 3443 sacramenta
1077 3395 1184 3441 tantum
1211 3389 1322 3440 oubam
1339 3391 1380 3444 ad
1400 3391 1571 3461 elementum,
1594 3401 1619 3444 et
1637 3396 1670 3458 fit
1688 3401 1900 3449 sacramentum.
1938 3394 2045 3465 (Atque

256 3473 258 3480 ’
353 3492 411 3529 esse
432 3474 609 3531 Christianae
626 3477 769 3530 sanctatis
787 3476 929 3545 symbola,
955 3475 1053 3543 quibus
1071 3476 1111 3527 od
1126 3493 1183 3527 mu·
1212 3474 1240 3526 in
1267 3474 1438 3530 absolutione
1464 3494 1519 3530 non
1547 3484 1638 3547 potest
1666 3480 1774 3533 ostendi
1798 3497 1841 3534 res
1867 3480 2004 3551 quaedam
2026 3497 2045 3534 a

352 3568 430 3614 tuam
454 3562 727 3616 communicationem
750 3563 909 3631 officiorum
927 3562 1076 3614 excitemur
1095 3569 1121 3614 et
1138 3562 1183 3614 ob·
1211 3559 1298 3614 verbo
1317 3561 1465 3629 distincta.)

352 3648 530 3718 strinpamur.
565 3649 630 3702 Alii
648 3650 678 3702 in
697 3666 750 3702 usu
768 3656 1005 3702 sacramentorum
1015 3647 1086 3700 nihii
1101 3648 1185 3701 aliud
1248 3652 1287 3701 14.
1322 3647 1453 3701 Secunda
1466 3649 1615 3718 particula
1636 3647 1757 3719 (inquit),
1775 3667 1846 3719 quae
1864 3652 1984 3721 requirit
1998 3670 2042 3705 ee-
2055 3660 2123 3701 esna

351 3734 477 3804 spectari
491 3734 647 3805 uoluerunt,
665 3752 749 3804 quam
767 3734 844 3788 solas
861 3734 1017 3803 alleporias
1034 3752 1083 3786 seu
1099 3734 1184 3802 sioni·
1208 3750 1337 3802 pressum
1362 3736 1526 3787 mandatum
1552 3752 1586 3787 ac
1611 3735 1813 3789 institutionem
1838 3739 1964 3791 divinam
1993 3724 2123 3813 αιιιζξξξῖ,

351 3822 496 3884 ficationes
510 3821 687 3875 Christianae
706 3821 934 3889 mortificationis,
953 3820 1183 3890 repenerotionis,
1211 3819 1337 3887 requiret,
1363 3827 1392 3872 ut
1414 3821 1466 3872 hoc
1489 3822 1653 3874 mandatum
1677 3822 1714 3878 sit
1739 3832 1897 3892 cupressum
1916 3825 1947 3876 in
1965 3824 2042 3878 Scri-
2055 3821 2110 3856 sum.

351 3907 554 3969 vivificationis.
591 3908 661 3962 Sunt
680 3908 730 3977 qui
747 3907 841 3961 uideri
855 3907 951 3961 uolunt
970 3909 1005 3960 de
1027 3924 1184 3960 sacramen·
1207 3908 1314 3975 pteris,
1339 3916 1389 3960 aut
1406 3908 1477 3960 satis
1495 3916 1547 3975 est,
1565 3908 1592 3960 si
1611 3918 1723 3978 constet,
1742 3911 1834 3964 Deum
1855 3911 1905 3963 hoc
1923 3913 2042 3965 manda-

353 3996 389 4049 tis
412 3995 560 4065 honorifice
588 3996 692 4049 sentire
715 4002 740 4049 et
758 4003 852 4048 tamen
871 3997 985 4057 docent,
1007 4002 1184 4047 sacramenta
1211 4002 1267 4046 tum
1286 3995 1406 4061 dedisse,
1426 3993 1491 4046 licet
1509 3994 1539 4045 in
1557 3996 1648 4048 samis
1667 3996 1758 4049 literis
1777 4015 1832 4049 non
1849 3998 1984 4050 habeatur
2002 3998 2044 4050 ita

351 4088 459 4134 tantum
483 4099 542 4135 esse
565 4082 646 4150 sipna
671 4081 781 4149 pretias
794 4081 860 4149 jam
878 4088 963 4133 antea
981 4088 1044 4133 ante
1062 4088 1088 4133 et
1106 4088 1184 4133 cetra
1211 4096 1347 4149 expresse.
1397 4078 1431 4133 st
1458 4080 1509 4134 hoc
1538 4083 1689 4134 sanandum
1718 4083 1837 4149 sufficit,
1869 4084 2043 4137 admittimus

352 4185 432 4221 mum
454 4177 694 4222 samamentorum
718 4168 849 4223 collatae.
884 4166 961 4219 Huic
980 4166 1081 4235 affinis
1100 4174 1140 4218 est
1159 4174 1184 4219 et
1208 4166 1393 4234 particulam,
1427 4169 1478 4220 sed
1510 4175 1575 4220 trino
1602 4168 1784 4237 probabimus
1814 4169 1908 4222 omnia
1939 4178 2043 4237 septem

352 4254 467 4307 morum
485 4255 596 4323 opinio,
624 4255 675 4324 qni
694 4255 865 4318 sentiment,
893 4271 974 4305 usum
996 4260 1183 4306 samamcnto·
1211 4260 1394 4307 sacramenta.
1436 4253 1489 4306 Sin
1512 4261 1603 4306 aulem
1620 4253 1679 4306 vult
1699 4253 1874 4307 Chemnicius
1897 4263 1926 4308 ut
1944 4272 2043 4309 reuera

351 4357 414 4393 rum
438 4348 545 4393 tantum
566 4358 622 4410 per
640 4343 751 4394 modum
772 4339 1047 4402 commonefactionis
1065 4341 1184 4391 excitare
1210 4355 1239 4391 se
1258 4338 1328 4391 celle
1348 4338 1497 4408 sipaisicat,
1515 4339 1625 4407 requiri
1636 4342 1801 4393 mandatum
1814 4340 1874 4393 Dei
1885 4358 2042 4411 expressum

349 4426 448 4493 tidem,
465 4443 536 4494 quoe
554 4426 626 4479 alibi
642 4433 668 4477 et
686 4425 745 4479 alio
764 4427 862 4491 modo,
883 4443 939 4477 non
957 4424 987 4476 in
1005 4442 1070 4477 uero
1088 4442 1183 4477 sacra·
1211 4425 1241 4477 in
1260 4424 1362 4478 divinis
1381 4425 1484 4491 literis,
1501 4426 1588 4492 falso
1606 4434 1645 4478 est
1663 4426 1716 4479 illa
1734 4426 1881 4495 porticula
1900 4430 2041 4500 (magnum

351 4520 503 4566 mentorum
521 4531 581 4581 usu,
601 4521 720 4582 praerat
734 4521 759 4565 et
772 4512 1037 4580 accipiatpratiam.
1065 4510 1184 4565 Domum
1211 4509 1344 4565 verbum:
1368 4510 1477 4564 articuli
1494 4510 1559 4566 fidei
1580 4528 1674 4565 omnes
1692 4519 1720 4567 et
1736 4512 1838 4584 singuli
1851 4513 1878 4566 in
1893 4512 2042 4585 Scripturis

352 4597 497 4669 subjungit
513 4597 703 4653 Chemnicius:
725 4600 789 4652 Hos
807 4598 952 4667 opiniones
970 4597 1034 4651 ideo
1051 4598 1185 4660 recensui,
1212 4598 1297 4651 sacris
1323 4597 1509 4665 continentur,
1536 4604 1567 4651 ut
1592 4614 1641 4652 suo
1659 4597 1721 4653 loco
1738 4600 1946 4669 comprobatum
1966 4601 2042 4656 dedi·

352 4694 382 4739 ut
407 4703 440 4737 ea
465 4685 598 4737 antithesi
621 4702 689 4737 uera
710 4684 846 4738 sententia
871 4684 974 4736 rectius
999 4684 1185 4752 intellipatur,
1213 4702 1286 4753 mus,
1306 4685 1366 4754 jam
1383 4701 1448 4738 vero
1463 4683 1598 4738 institutio
1616 4692 1848 4741 sacramentorum
1869 4687 1989 4757 pertinet
2005 4688 2041 4743 ad

350 4771 504 4841 praecipue
522 4787 588 4826 vero
607 4771 685 4835 ideo,
703 4771 770 4838 quia
787 4772 877 4837 uideo,
898 4770 1063 4839 Pontificios
1080 4772 1110 4823 in
1126 4770 1186 4823 suis
1211 4771 1277 4825 fidei
1297 4770 1440 4838 articulos3
1460 4770 1554 4842 utique
1573 4787 1640 4842 ergo
1660 4771 1688 4825 in
1701 4772 1849 4843 Scripturis
1868 4773 2041 4835 continetur.)

353 4861 388 4912 de
424 4859 477 4911 hac
514 4856 674 4926 quaestione
717 4857 955 4926 disputationibus
987 4856 1184 4923 fanaticorum
1213 4858 1258 4925 At,
1275 4854 1570 4927 inquitBellarmiuus,
1587 4875 1639 4925 per
1660 4858 1791 4911 accidens
1812 4867 1850 4911 cst
1867 4862 1907 4911 ad
1926 4863 2042 4915 manda·

353 4946 497 5014 opiniones
516 4943 650 4997 insidiose
666 4943 841 5020 commiscere
855 4961 916 4996 cum
928 4951 1087 4997 nostrarum
1100 4944 1184 4996 ecclc·
1213 4951 1270 4996 tum
1289 4961 1338 4996 seu
1356 4944 1554 4996 institutionem
1575 4944 1708 5013 diuinam,
1727 4949 1804 5014 quod
1821 4947 1857 4998 sit
1874 4947 1982 5015 scripta
1999 4948 2044 5000 ocl

353 5032 460 5084 siarum
483 5031 669 5099 consessione,
695 5047 757 5082 cum
778 5038 870 5083 tansen
889 5030 1024 5100 apolopia
1042 5030 1185 5097 Aupuita-
1212 5048 1268 5082 non
1285 5030 1407 5098 scripta,
1425 5030 1553 5099 alioquin
1572 5049 1627 5084 non
1644 5032 1765 5094 fuissent
1782 5048 1849 5084 ocra
1867 5042 2044 5087 samaraeum

353 5134 406 5171 nae
428 5116 614 5183 confusionis
637 5116 799 5168 sententiam
817 5134 897 5169 suam
914 5133 947 5168 ca
964 5116 1046 5169 uerbo
1064 5116 1125 5168 Dei
1141 5133 1184 5168 ee-
1212 5116 1365 5185 baptismus
1386 5122 1412 5167 et
1430 5116 1608 5183 eucharestia,
1628 5134 1709 5185 mam
1732 5118 1859 5170 Christus
1878 5126 1903 5171 ct
1921 5121 2045 5187 apostoli
2089 5143 2095 5150 .

352 5211 486 5257 striatam
513 5203 616 5256 dante
641 5202 771 5271 sejunpal
796 5221 815 5255 a
832 5202 1032 5269 fanaticorum
1048 5201 1186 5271 profanis
1212 5204 1332 5267 dabant,
1355 5210 1505 5271 antequam
1527 5204 1713 5256 scriberentur
1731 5204 1884 5270 aranpelia.
1918 5206 2043 5278 Respon-

354 5289 540 5359 opinionibas.
581 5289 660 5344 Haec
687 5286 780 5342 omnia
803 5287 994 5356 Chemnicius,
1023 5304 1056 5343 ex
1085 5288 1185 5359 quibus
1213 5290 1323 5344 demus:
1348 5290 1383 5342 de
1406 5293 1465 5342 tota
1489 5288 1542 5343 hac
1565 5306 1594 5343 re
1618 5289 1686 5344 alibi
1710 5295 1850 5345 tractatur.
1887 5291 2043 5349 Constituto

352 5376 408 5431 sole
427 5374 578 5430 meridiano
597 5374 696 5430 clarius
714 5378 801 5445 patet,
819 5390 874 5427 non
888 5372 1110 5429 Lutheranorum
1130 5373 1185 5426 dis·
1212 5391 1352 5430 sacrarum
1368 5374 1509 5428 literarum
1533 5391 1637 5430 canone
1655 5381 1733 5430 extra
1751 5394 1813 5431 eum
1831 5377 1901 5432 nihil
1918 5380 2043 5450 agnosci-

352 5461 474 5525 cordias,
499 5462 548 5516 sed
572 5460 802 5517 scholasticorum
825 5465 853 5513 ct
879 5459 966 5512 nostri
989 5459 1119 5530 temporis
1145 5459 1186 5514 fa·
1212 5478 1285 5528 mus,
1314 5460 1387 5532 quod
1415 5466 1446 5514 ut
1472 5461 1507 5515 N.
1537 5460 1569 5514 T.
1596 5469 1797 5516 sacramentum
1822 5463 1980 5519 institutum
1999 5467 2042 5519 sit.

354 5547 508 5601 naticorum
531 5548 674 5618 opiniones
698 5546 786 5617 ipsum
811 5562 986 5612 enumerare,
1014 5547 1088 5617 quod
1115 5546 1324 5601 adeo·Accidit
1356 5545 1467 5617 quidem
1495 5545 1578 5601 verbo
1607 5554 1634 5601 et
1662 5548 1791 5603 mandato
1814 5548 1869 5603 Dei
1897 5551 1981 5604 scribi
1998 5552 2042 5607 rel
2088 5546 2099 5558 '

222 5636 282 5680 vm.
295 5636 341 5680 2⁰⁰·
354 5632 544 5701 manifestum,
567 5639 599 5687 ut
616 5633 675 5703 ipse
692 5632 875 5688 Bellarminus
894 5649 918 5687 c.
942 5637 980 5686 15.
999 5636 1027 5685 et
1047 5638 1086 5687 16.
1108 5649 1183 5703 seqq.
1197 5597 1199 5731 1
1212 5651 1267 5688 non
1294 5633 1391 5697 scribi,
1423 5650 1456 5688 ex
1476 5650 1508 5688 eo
1535 5638 1628 5688 autern
1652 5635 1774 5689 nondum
1800 5637 1937 5708 sequitur,
1966 5644 2043 5694 extra

353 5717 560 5790 Anabaptistis,
588 5719 722 5790 Zwinglio
753 5726 781 5776 et
806 5718 923 5775 Calvino
952 5717 1014 5773 illas
1042 5717 1184 5788 opiniones
1197 5743 1199 5773 ι
1212 5720 1381 5792 Scdptnram
1418 5720 1532 5790 aliquod
1569 5720 1683 5775 verbum
1720 5721 1774 5776 Dei
1810 5742 1865 5778 non
1902 5726 2041 5797 scriptum,
