4800 6659
470 608 528 669 180
1052 598 1176 658 Locus
1195 596 1365 654 DECIMUS
1383 598 1558 659 octavos

466 761 557 824 fcerit
580 775 614 813 ee
634 775 708 828 oque
728 765 752 812 et
770 757 892 828 Spiritu,
916 775 971 811 aee
994 756 1110 810 introbit
1135 757 1164 808 in
1181 773 1296 823 regnum
1309 755 1510 838 ,Augustinum
1531 756 1667 826 disputat,
1693 754 1768 826 quod
1790 755 1849 828 ipse
1866 755 1968 825 solum,
1985 771 2043 810 non
2061 756 2155 807 autem

405 901 408 904 ,
468 845 626 914 coeternas,-
652 845 691 899 ita
715 861 825 916 quoque
851 844 1065 900 contemtoribus
1084 837 1396 908 circumcisionislhlius
1422 841 1450 895 in
1474 841 1597 913 periculo
1620 842 1720 911 suerit,
1742 842 1839 898 itidem
1858 842 1968 898 facilem
1986 841 2092 897 habent
2110 858 2154 895 ex-

466 931 495 985 in
513 929 547 985 V.
568 931 600 984 T.
624 931 738 986 dicitur:
767 932 931 996 Masculus,
958 933 1038 999 eajm
1058 930 1207 1000 praeputii
1230 922 1504 996 caroplicationem.
1539 928 1672 993 Quamvis
1693 930 1767 985 enim
1784 929 1858 985 solus
1876 929 1987 1000 Moyses
2005 928 2042 983 ob
2061 926 2156 998 uegle

466 1035 521 1069 non
543 1018 638 1084 fuerit
669 1018 848 1086 circumcsea,
880 1016 1017 1071 delebitur
1047 1019 1082 1069 de
1105 1016 1214 1086 populo
1238 1033 1297 1069 arse.
1310 986 1396 1067 ictam
1420 1015 1470 1069 filii
1495 1015 1730 1072 circumcisionem
1757 1016 1786 1071 iu
1810 1015 2064 1088 praesentissimum
2083 1013 2156 1067 vitae

466 1102 541 1174 Ergo
564 1113 594 1158 ut
614 1104 769 1174 baptismus
788 1105 817 1159 in
838 1104 887 1174 N.,
912 1105 952 1158 ita
972 1102 1143 1158 circumcisio
1160 1102 1190 1156 in
1211 1101 1245 1157 V.
1264 1100 1297 1154 T.
1310 1060 1313 1172 i
1323 1101 1475 1169 periculum
1494 1101 1623 1157 incidisse
1641 1101 1760 1170 dicatur,
1778 1120 1861 1158 exeo
1880 1109 1973 1158 tamen
1991 1118 2048 1155 non
2067 1105 2158 1170 potest

467 1195 509 1243 est
533 1188 655 1244 medium
682 1190 912 1263 regenerationis,
946 1189 1111 1260 receptionis
1144 1189 1172 1243 in
1199 1181 1426 1260 ioeduslinierri,
1438 1193 1619 1243 contemtores
1633 1187 1848 1244 circumcisionis
1859 1187 2041 1259 temporalem
2055 1185 2157 1240 solum·

467 1274 520 1330 Dei
538 1280 567 1330 et
584 1283 713 1332 aeternae
725 1277 830 1332 salutis.
857 1275 1037 1331 Comminatio
1050 1275 1147 1329 addita
1160 1274 1298 1344 baptismo
1309 1275 1312 1338 l
1324 1272 1406 1327 modo
1420 1289 1538 1343 poenam
1556 1291 1680 1343 manere,
1706 1274 1751 1329 vel
1772 1273 1877 1345 Moysis
1896 1272 1954 1328 filio
1971 1271 2158 1328 circmcisio-

466 1379 521 1416 non
546 1363 648 1417 evincit
676 1363 842 1435 baptismum
867 1380 928 1418 esse
954 1367 1133 1434 praeceptum
1158 1343 1386 1432 quoddamlncm
1412 1377 1467 1414 nou
1495 1359 1582 1416 fuisse
1605 1360 1821 1432 regenerationis
1843 1360 1978 1429 medium
2007 1360 2077 1431 quin
2102 1358 2158 1412 imo

467 1449 557 1520 legale
579 1450 688 1520 proprie
717 1451 834 1520 dictum,
862 1451 911 1506 sed
939 1449 1060 1505 salutare
1085 1448 1220 1514 medium,
1249 1437 1465 1517 per¹Dominus
1481 1447 1570 1501 voluit
1587 1447 1706 1516 Moyseo
1724 1448 1864 1514 occidere,
1890 1446 1958 1500 dicit
1973 1452 2080 1509 textus,
2104 1445 2158 1500 hoc

467 1536 542 1606 quod
560 1538 733 1607 regeneratio
751 1544 779 1591 et
797 1536 872 1591 salue
891 1535 971 1592 nobis
989 1534 1152 1597 obveniunt;
1172 1533 1211 1587 ita
1226 1549 1297 1588 oom-
1325 1536 1366 1586 est
1380 1531 1521 1588 doloribus
1533 1533 1663 1603 corporis,
1675 1533 1826 1590 tenoribus
1838 1532 2024 1589 conscientiae
2036 1538 2158 1587 etsenm

467 1621 580 1677 minatio
600 1622 799 1712 circumcisioni
816 1623 913 1678 addita
929 1622 1026 1677 itidem
1043 1639 1099 1676 non
1116 1620 1227 1688 evincit,
1246 1618 1297 1674 cir·
1310 1639 1312 1673 ι
1324 1617 1418 1672 mortis
1435 1618 1527 1688 ipsum
1544 1619 1651 1689 afflixit,
1669 1621 1714 1674 cui
1732 1637 1838 1692 poenae
1858 1626 1986 1676 sanctum
1997 1619 2089 1674 virum
2101 1635 2159 1674 non

467 1708 661 1763 concisionem
688 1727 748 1764 esse
766 1715 944 1780 praeceptum
960 1708 1100 1780 quoddam
1118 1707 1224 1777 legale,
1249 1705 1298 1759 sed
1323 1703 1495 1774 subjecisset,
1512 1705 1566 1760 nisi
1583 1712 1737 1762 contemtus
1755 1706 1977 1776 circumcisionis,
1994 1705 2071 1761 unici
2083 1705 2160 1759 illius

466 1795 562 1870 itidem
577 1795 696 1850 salutare
709 1796 830 1850 medinm
841 1795 1058 1867 regenerationis
1071 1794 1215 1848 humanae.
1248 1791 1300 1844 Est
1325 1791 1424 1857 medii,
1440 1809 1491 1863 per
1508 1793 1582 1862 quod
1600 1793 1721 1849 infantes
1732 1794 1767 1852 V.
1782 1795 1817 1852 Τ.
1828 1793 1984 1866 regenerati
2002 1799 2078 1862 sunt,
2094 1809 2160 1847 cum

466 1881 551 1951 igitur
569 1881 598 1936 in
615 1888 778 1953 argumento
790 1881 952 1936 Bellarmini
963 1880 1073 1935 fallacia
1085 1896 1194 1935 causae.
1222 1878 1299 1933 Dens
1325 1884 1403 1933 tanto
1428 1879 1551 1949 periculo
1571 1879 1685 1935 infantis
1704 1896 1738 1935 ac
1755 1887 1834 1937 reatu
1849 1880 1973 1953 parentis
1991 1882 2161 1951 conjunctus

467 1984 523 2022 non
536 1968 708 2022 servantibus
719 1975 869 2038 praecepta
883 1968 1065 2023 comminatur
1076 1972 1199 2022 mortem.
1223 1965 1299 2036 Ergo
1325 1963 1430 2020 fuisset

469 2071 502 2108 ex
529 2054 740 2109 comminatione
766 2054 968 2109 circumcisioni
993 2053 1089 2108 addita
1105 2057 1196 2123 patet,
1225 2050 1299 2122 quod
1360 2058 1402 2106 67.
1431 2052 1565 2108 2.Altora
1580 2053 1741 2108 Bellus-mini
1756 2053 1880 2124 exceptio
1895 2052 2046 2126 διαρρήδην
2064 2058 2193 2123 negata

398 2151 401 2157 ·
468 2141 639 2195 circumcisio
664 2141 701 2194 sit
723 2147 909 2211 praeceptum.
945 2140 1032 2210 Atqui
1053 2156 1090 2194 an
1107 2156 1163 2194 non
1180 2137 1235 2208 ipsi
1252 2136 1300 2192 ba·
1325 2138 1524 2194 circumcisioni
1540 2139 1626 2196 fuisse
1645 2157 1780 2196 aunmam
1796 2140 2003 2212 promissionem
2021 2115 2199 2205 remissio-{¹2

380 2218 382 2222 ⁴
467 2226 569 2296 ptismo
592 2226 622 2281 in
644 2226 679 2283 N.
702 2226 735 2284 T.
763 2227 939 2281 comminatio
962 2226 1078 2281 addita?
1106 2242 1141 2279 an
1164 2240 1219 2278 uon
1238 2241 1299 2294 pro·
1325 2225 1368 2278 nis
1386 2234 1561 2296 peccatorum
1579 2231 1607 2280 et
1624 2227 1697 2282 vitae
1715 2232 1857 2297 aeternae,
1884 2226 1985 2297 primo,
2002 2227 2071 2294 qnia
2090 2219 2199 2320 mii

468 2311 643 2367 missionibus
668 2315 787 2370 maximo
810 2314 977 2386 evangelicis
996 2312 1173 2372 imitareris
1189 2311 1299 2366 commi-
1325 2312 1413 2366 stolas
1438 2321 1464 2366 et
1486 2313 1661 2380 Aoqwtinm
1682 2315 1795 2377 doceat,
1817 2313 1946 2367 meliores
1963 2329 2021 2365 esse
2033 2312 2159 2380 promis·
2173 2323 2199 2361 sn

468 2399 544 2455 natio
568 2399 699 2454 additur?
730 2400 793 2455 doh.
815 2407 844 2467 3,
872 2419 897 2454 v.
920 2406 967 2456 36:
1002 2399 1056 2462 Qui
1079 2417 1135 2453 eon
1158 2386 1250 2451 &edet
1270 2397 1299 2451 io
1326 2397 1418 2451 mones
1438 2399 1470 2452 T.
1493 2399 1524 2452 V.
1540 2417 1625 2468 quam
1642 2400 1693 2467 N,
1718 2415 1774 2470 qna
1800 2399 1879 2454 dere
1896 2398 1979 2468 paulo
2001 2406 2066 2469 post
2084 2384 2199 2464 dice—{i

468 2487 582 2553 lilium,
603 2505 658 2539 noe
677 2487 781 2539 videbit
800 2489 892 2549 or'tam,
910 2489 962 2540 scd
978 2487 1025 2540 ira
1041 2487 1102 2539 Dei
1112 2493 1299 2555 monotropos·
1326 2492 1385 2554 tur,
1405 2486 1541 2555 secundo,
1559 2488 1626 2557 quie
1645 2488 1799 2555 Abrabam,
1817 2487 1863 2541 cni
1873 2488 1999 2556 primam
2016 2487 2161 2555 imperato
2172 2483 2199 2517 ²⁰¹

467 2572 566 2640 spanos.
608 2578 628 2628 l.
648 2571 712 2627 doh.
736 2579 765 2637 5,
791 2590 816 2625 v.
845 2577 889 2626 12:
923 2573 979 2634 Qus·
1000 2590 1056 2627 eoa
1080 2573 1162 2626 hebet
1183 2573 1299 2640 lilium,
1326 2579 1365 2624 est
1383 2572 1565 2639 circumcisio,
1579 2573 1756 2641 justissimae
1773 2574 1832 2639 fuit
1848 2581 1912 2626 oete
1930 2575 1992 2643 ejas
2005 2573 2159 2642 accceptio-

468 2675 524 2711 non
544 2659 624 2711 labet
642 2659 737 2715 odom.
773 2658 876 2729 Ecquis
892 2675 957 2713 vero
976 2659 1088 2728 diceret,
1107 2659 1152 2714 vel
1168 2657 1300 2728 baptismi
1326 2675 1400 2726 nem,
1421 2657 1521 2715 Genea.
1541 2662 1584 2713 12.
1620 2661 1701 2713 Rom.
1720 2664 1745 2713 l.
1780 2659 1859 2728 Ergo
1878 2659 2159 2736 circumcisionieoa

467 2750 678 2814 sacramentnm,
697 2745 740 2800 vel
757 2744 950 2816 promissiones
969 2744 1142 2816 evangelicas
1158 2744 1193 2798 ad
1208 2744 1298 2815 legem
1324 2745 1383 2808 fuit
1406 2747 1508 2799 addita
1531 2746 1685 2815 promissio
1716 2747 1752 2799 de
1779 2746 1940 2800 mammone
1965 2754 2159 2815 peccatoram.

467 2830 578 2900 proprie
596 2829 635 2885 sic
648 2831 751 2885 dictam
767 2830 923 2900 pertinere?
943 2830 1004 2895 Quo
1022 2848 1105 2886 sensu
1124 2837 1152 2886 et
1171 2837 1299 2902 respectu
1325 2830 1547 2901 Respondemus:
1573 2833 1686 2904 egregia
1705 2848 1772 2887 vero
1791 2832 1875 2894 ratio,
1900 2831 2017 2886 Doridis
2041 2840 2071 2888 et
2092 2848 2160 2904 apo-

468 2923 639 2971 sacramenta
654 2916 750 2972 referri
767 2918 875 2988 possint
891 2918 928 2972 ad
945 2924 1106 2989 praecepta,
1124 2917 1299 2988 exposuimus
1325 2917 1389 2972 stoli
1406 2917 1502 2984 Pauli,
1520 2918 1574 2972 imo
1591 2935 1656 2973 vero
1673 2918 1760 2988 ipsius
1778 2918 1880 2973 Christi
1897 2918 2084 2989 pronuntiatis
2103 2936 2159 2973 ma·

467 3002 496 3057 in
528 3007 606 3058 tract
633 3003 668 3059 do
691 3001 746 3074 leg.
769 3019 905 3060 ceremon.
935 3000 962 3078 ξ.
991 3010 1029 3059 11.
1070 3002 1198 3058 Ceterum
1225 3004 1299 3074 quod
1325 3003 1425 3058 uifeste
1448 3005 1584 3075 opposita.
1619 3004 1711 3059 David
1729 3005 1905 3074 pronuntiat,
1932 3020 2028 3059 omnes
2047 3011 2159 3060 meros

467 3088 652 3144 Bellarminus
682 3088 769 3144 verba
801 3090 1039 3159 comminationis,
1069 3091 1174 3161 peribit
1202 3093 1299 3144 anime
1325 3098 1353 3145 et
1380 3091 1471 3159 justos
1500 3091 1607 3161 precari
1637 3108 1655 3145 a
1682 3091 1744 3146 Deo
1769 3097 1945 3161 pcccatorum
1968 3092 2158 3148 remissionem

468 3178 529 3247 ejas
547 3179 583 3231 de
597 3177 706 3246 popolo
724 3194 788 3245 sao,
815 3177 1006 3231 tantummodo
1031 3176 1066 3231 de
1088 3176 1233 3246 temporali
1251 3177 1299 3231 ali·
1325 3175 1427 3232 Psalm.
1448 3182 1494 3244 32,
1512 3195 1539 3233 v.
1559 3182 1582 3232 6.
1617 3176 1723 3231 Paulus
1742 3177 1829 3247 docet,
1847 3177 2001 3233 Abrahami
2018 3178 2049 3232 in
2067 3179 2159 3234 medio

467 3280 523 3336 qua
545 3279 647 3335 poena
671 3279 727 3316 uon
749 3270 842 3318 autem
866 3262 900 3318 de
925 3268 1012 3318 morte
1031 3270 1144 3319 aeterua
1160 3263 1300 3335 intelligit,
1325 3262 1436 3334 pietatis
1457 3280 1539 3318 cursu
1557 3264 1699 3319 constituti
1714 3264 1939 3334 justificationem
1959 3265 2113 3322 considere
2130 3266 2159 3319 in

468 3351 497 3405 in
514 3367 547 3404 eo
565 3349 692 3420 sequitur
711 3349 867 3418 Rabbinos,
890 3367 1007 3419 quorum
1031 3349 1117 3421 aliqui
1140 3368 1191 3420 per
1213 3356 1301 3406 exter·
1325 3349 1484 3405 remissione
1502 3355 1679 3420 peccatorum
1696 3349 1776 3407 Rom.
1796 3358 1826 3415 4,
1842 3367 1868 3405 v.
1887 3357 1910 3406 l.
1945 3350 2075 3407 Christus
2092 3369 2159 3424 quo·

469 3436 647 3491 minationem
675 3436 835 3508 intelligunt
864 3443 979 3491 mortem
1006 3443 1210 3506 praematuram
1236 3444 1301 3493 ante
1325 3435 1431 3491 tidiaua
1447 3441 1624 3506 peccatorum
1641 3436 1800 3493 remissione
1816 3454 1910 3492 omnes
1924 3440 2016 3508 justos
2033 3439 2158 3511 indigere

468 3530 576 3594 tempus
600 3523 769 3593 legitimum,
798 3523 926 3578 videlicet
950 3528 1015 3579 anto
1040 3542 1142 3579 annum
1169 3530 1210 3580 52.
1240 3525 1300 3596 qni·
1326 3523 1486 3592 pronuntiat
1503 3521 1601 3578 Matth.
1620 3529 1644 3593 6,
1662 3541 1688 3579 v.
1711 3529 1750 3579 12.
1771 3540 1826 3595 qua
1843 3540 1909 3593 crgo
1926 3524 2051 3580 veritatis
2067 3527 2158 3596 specie

468 3610 532 3662 dam
551 3626 616 3664 vero
634 3608 798 3665 deletionem
816 3609 934 3665 nominis
953 3617 980 3664 et
996 3609 1180 3680 posteritatis3
1205 3611 1254 3666 sed
1272 3618 1301 3668 ct
1326 3608 1420 3663 inferri
1446 3614 1551 3680 potest,
1567 3601 1720 3664 'Abraham
1744 3610 1800 3665 fnit
1819 3610 1913 3680 justus
1930 3618 1995 3667 ante
2015 3612 2157 3667 circumci-

467 3694 577 3749 veritati
603 3701 631 3748 et
655 3694 708 3750 sibi
732 3695 784 3766 ipsi
809 3696 987 3764 contradicit;
1012 3684 1097 3760 illud,
1125 3695 1193 3768 quia
1212 3704 1300 3752 trans-
1326 3695 1443 3763 sionem,
1462 3713 1528 3767 ergo
1547 3713 1602 3750 non
1620 3695 1740 3766 indiguit
1757 3695 1935 3766 promissione
1952 3696 2158 3755 deremissioue

337 3789 395 3831 vm.
407 3788 453 3831 tor.
466 3780 640 3852 gressoribus
663 3781 739 3851 pacti
763 3781 849 3836 divini
868 3789 896 3837 et
913 3782 1129 3838 contemtoribus
1146 3800 1299 3840 sacramen·
1325 3790 1502 3852 peccatorum
1530 3791 1700 3838 sacramento
1727 3782 1942 3838 circumcisionis
1968 3783 2158 3841 confirmanda

467 3874 558 3922 torum
577 3884 632 3922 non
649 3867 808 3937 temporalis
823 3868 926 3933 solum,
949 3869 998 3924 sed
1023 3877 1050 3924 et
1074 3877 1187 3925 aeterna
1211 3888 1300 3941 poena
1327 3874 1354 3924 et
1374 3867 1567 3940 obsignanda?
1588 3867 1766 3923 Circumcisio
1781 3869 1834 3924 fuit
1844 3871 2019 3940 rigomirus
2030 3873 2157 3941 imisue

428 4003 432 4009 .
468 3954 618 4009 constituta
637 3960 691 4023 est,
712 3953 765 4008 hoc
783 3970 863 4023 vero,
881 3954 948 4026 quia
964 3955 1202 4012 comminationem
1222 3974 1298 4027 prae·
1318 3956 1544 4022 fidei,·docente
1561 3956 1687 4025 apostolo
1702 3956 1782 4012 Rom
1801 3963 1830 4025 4,
1852 3974 1879 4012 v.
1901 3964 1940 4013 tl.
1961 3959 2075 4028 justitia
2094 3958 2157 4014 fidei

467 4039 555 4110 ceptis
580 4039 717 4112 legalibus
742 4040 864 4094 additam
882 4046 1008 4095 aeternas
1025 4057 1130 4111 poenas
1147 4042 1298 4108 includere,
1325 4042 1450 4096 consistit
1474 4042 1502 4094 iu
1517 4040 1683 4102 ⁴remissione
1707 4049 1896 4112 peccatorum,
1922 4044 2041 4100 docente
2061 4048 2156 4102 eodem

465 4143 500 4181 ne
519 4126 578 4196 ipse
596 4126 708 4197 quidem
726 4126 909 4181 Bellarminus
926 4134 1017 4197 negat.
1053 4127 1129 4199 Ergo
1145 4129 1168 4181 si
1184 4129 1298 4184 circum·
1325 4145 1350 4183 v.
1370 4134 1393 4183 6.
1416 4127 1512 4196 utique
1534 4143 1601 4198 ergo
1624 4127 1795 4184 circumcisio
1818 4127 1873 4183 tuit
1896 4129 2072 4201 signaculum
2097 4149 2155 4204 pro

465 4212 533 4266 cisio
550 4212 688 4282 exipsius
707 4210 852 4282 hypothesi
872 4217 914 4267 est
934 4220 1112 4282 praeceptum
1129 4214 1228 4286 legale,
1247 4217 1298 4269 uti·
1324 4214 1480 4268 missionem
1506 4214 1541 4268 de
1565 4214 1723 4270 remissione
1746 4220 1922 4285 peccatorum
1943 4215 2111 4273 confirmans
2131 4227 2157 4274 et

465 4316 519 4369 que
546 4298 629 4352 etiam
654 4298 831 4352 comminatio
849 4298 890 4352 illi
908 4298 1005 4354 addita
1021 4307 1162 4356 aeternam
1179 4318 1297 4372 poenam
1324 4301 1482 4372 obsignans.
1519 4299 1649 4364 Quamvis
1681 4301 1766 4372 igitur
1793 4302 1884 4374 gratia
1908 4302 1963 4358 Dei
1990 4310 2021 4358 et
2046 4305 2157 4374 justitia

466 4383 626 4440 continebit.
661 4382 800 4438 Mercerns
823 4384 853 4437 in
879 4400 902 4437 c.
930 4390 969 4440 ll.
995 4383 1065 4440 Gen.
1089 4404 1146 4442 non
1165 4388 1200 4441 de
1218 4387 1298 4459 puni·
1324 4388 1387 4443 fidei
1405 4405 1460 4441 non
1479 4386 1513 4440 de
1531 4404 1602 4442 novo
1619 4404 1669 4458 per
1689 4387 1924 4444 circumcisionem
1942 4388 2056 4444 demum
2066 4391 2154 4446 Abra·

465 4470 539 4523 hone
567 4470 687 4541 quadam
713 4470 847 4539 corporali
876 4487 925 4540 per
951 4471 1159 4542 magistratum,
1188 4474 1238 4528 sed
1262 4475 1297 4530 de
1324 4474 1375 4527 hee
1394 4473 1479 4527 suerit
1498 4473 1609 4541 collata,
1627 4473 1717 4528 eidem
1734 4480 1825 4529 tamen
1843 4474 1938 4530 itidem
1952 4474 2199 4549 fuitorganumvu

465 4555 746 4612 excommunicatione
767 4555 957 4610 ecclesiastica
980 4558 1118 4630 intelligit
1161 4558 1238 4623 Quae
1262 4560 1296 4613 de
1322 4559 1465 4615 conferens
1490 4566 1619 4629 respectu
1643 4560 1785 4630 augmenti
1811 4564 1839 4614 et
1856 4560 2072 4617 confirmationis
2091 4562 2154 4619 fidei

465 4641 666 4714 significatione
689 4642 807 4697 foederis
833 4649 929 4696 contra
947 4643 1135 4714 Augustinum
1155 4645 1296 4701 Bellarmi·
1322 4654 1530 4716 ceterorumque
1549 4646 1695 4709 donorum,
1714 4663 1866 4717 quaecum
1885 4647 2096 4719 regeneratione
2112 4666 2155 4705 co

465 4747 517 4785 nus
536 4728 673 4799 disputat,
694 4728 773 4784 nohis
790 4745 845 4783 non
863 4729 1060 4798 adversantem
1080 4747 1135 4785 non
1153 4748 1295 4804 negamus,
1322 4731 1442 4788 haerent.
1478 4731 1653 4787 Accedamus
1671 4733 1793 4803 propius.
1826 4733 1987 4804 Baptismus
2013 4735 2156 4792 confertur

465 4834 515 4887 per
540 4822 654 4887 pactum
670 4815 699 4869 in
717 4815 770 4869 hac
787 4815 1001 4879 comminatione
1018 4815 1132 4888 πρώτως
1150 4823 1178 4872 et
1195 4820 1297 4889 princi·
1323 4819 1404 4875 etiam
1428 4819 1495 4882 illis,
1520 4819 1568 4890 qui
1587 4826 1652 4873 ante
1670 4820 1730 4888 ejus
1749 4820 1951 4890 susceptionem
1966 4838 2034 4876 vera
2052 4822 2111 4879 fide
2127 4824 2155 4879 in

464 4903 566 4975 paliter
588 4907 703 4973 pactum
725 4902 939 4958 circumcisionis
965 4918 983 4956 a
1006 4904 1219 4959 contemtoribus
1237 4907 1296 4961 irri-
1322 4904 1462 4961 Chrismm
1479 4911 1654 4974 peccatorum
1666 4906 1854 4961 remissionem
1868 4915 2043 4978 acceperunt,
2062 4910 2155 4981 ecquis

465 4998 523 5045 tum
547 4989 653 5044 factum
675 4988 885 5059 intelligendum
905 5005 981 5056 esse,
1008 4989 1117 5044 interim
1135 4992 1296 5048 secundario
1321 5009 1386 5047 vero
1404 4992 1470 5046 inde
1487 4991 1617 5063 colligere
1636 4992 1750 5062 poterit,
1767 4992 1904 5062 baptismo
1924 5010 1980 5047 nou
1999 5011 2060 5050 csse
2077 4998 2156 5052 addi·

466 5085 494 5133 et
520 5094 553 5132 ex
577 5074 755 5147 consequenti
781 5074 817 5129 ad
844 5082 957 5146 pactum
979 5092 1041 5128 cum
1066 5076 1174 5131 Adamo
1191 5077 1295 5133 facturn
1321 5083 1378 5132 tam
1397 5076 1606 5147 promissionem
1630 5077 1664 5131 de
1687 5078 1846 5132 remissione
1863 5080 2064 5147 peccatorum?
2089 5082 2156 5152 quin

465 5183 521 5221 nou
547 5163 667 5218 absurde
697 5161 734 5216 ab
758 5161 917 5233 Augustino
946 5161 1101 5231 reducitur,
1130 5162 1193 5217 idco
1223 5166 1296 5220 enirn
1321 5165 1376 5218 imo
1396 5169 1428 5218 ut
1447 5162 1565 5233 Spiritus
1584 5170 1695 5217 sanctus
1718 5180 1768 5234 per
1788 5164 1955 5233 baptismum
1975 5166 2006 5220 in
2025 5168 2156 5222 cordibus

464 5248 680 5308 contemtoribus
702 5247 916 5303 circumcisionis
938 5255 995 5302 tarn
1012 5249 1105 5320 gravis
1123 5265 1214 5319 poena
1232 5269 1295 5306 con·
1320 5251 1459 5305 infantum
1476 5257 1606 5319 operatur
1623 5248 1719 5319 fidem,
1737 5267 1788 5319 per
1806 5267 1889 5321 quarn
1906 5252 2076 5307 remissionis
2094 5271 2156 5326 pec·

463 5340 599 5407 stituitur,
623 5336 690 5407 quia
712 5352 730 5390 a
753 5342 870 5405 peccato
895 5334 1023 5406 originali
1041 5334 1127 5404 (quod
1147 5342 1189 5390 est
1208 5344 1295 5392 trans·
1322 5342 1444 5391 catorum
1466 5334 1616 5405 participes
1634 5334 1712 5400 fiunt,
1730 5335 1758 5389 in
1778 5335 1907 5392 cordibus
1927 5336 2088 5394 adultorum
2101 5357 2176 5396 cre·-

462 5426 567 5497 gressio
588 5422 662 5494 pacti
682 5440 744 5477 cum
764 5421 873 5476 Adamo
893 5421 1021 5490 primitus
1038 5418 1108 5489 initi)
1127 5437 1208 5478 nemo
1228 5424 1295 5480 libe·
1322 5423 1446 5478 dentium
1470 5423 1586 5477 eandem
1606 5422 1750 5476 confirmat
1769 5428 1798 5478 et
1815 5422 1956 5493 obsignat,
1982 5423 2022 5478 ita
2045 5442 2157 5497 quoqne

463 5513 516 5565 rari
540 5516 632 5582 potest
655 5509 707 5565 nisi
731 5526 782 5578 per
798 5507 1048 5578 regenerationem,
1073 5509 1154 5577 cujus
1174 5508 1295 5565 salutare
1320 5511 1349 5564 in
1376 5509 1583 5564 circumcisione
1610 5525 1653 5564 ros
1679 5525 1740 5564 sese
1766 5509 1857 5565 habet.
1898 5508 2080 5564 Sacramenta
2103 5529 2158 5565 non

463 5597 583 5652 medium
603 5605 631 5653 et
652 5601 853 5651 sacramentum
872 5598 914 5648 est
932 5593 1110 5648 circumcisio.
1146 5594 1219 5649 Vide
1238 5613 1294 5651 om·
1320 5596 1409 5650 solnm
1429 5601 1494 5649 suut
1512 5594 1604 5649 media
1619 5596 1781 5650 excitandae
1799 5602 1827 5650 et
1843 5595 2034 5666 generandae,
2061 5598 2111 5652 sed
2130 5606 2158 5653 et

462 5684 528 5738 nino
552 5684 643 5753 ipsum
661 5682 851 5754 Augustinum
869 5679 915 5735 lib.
937 5683 974 5732 16.
1003 5678 1038 5733 de
1058 5679 1111 5735 civ.
1130 5680 1185 5734 Dei
1210 5699 1233 5736 c.
1253 5688 1293 5738 27.
1321 5681 1523 5737 confirmandae
1550 5688 1634 5752 atque
1656 5681 1846 5752 obsignandas
1868 5681 1948 5751 fidei,
1974 5681 2003 5735 id
2026 5684 2157 5755 superius

462 5769 510 5824 ubi
534 5767 717 5838 pulcherrime
743 5769 778 5823 de
796 5767 845 5823 illa
864 5764 937 5838 pacti
958 5765 1178 5837 transgressione
1200 5768 1294 5839 dispu·
1321 5768 1522 5825 declaravimus
1548 5768 1672 5839 exemplo
1698 5769 1774 5823 verbi
1801 5768 1964 5840 praedicati.
1999 5767 2044 5823 Ex
2071 5771 2158 5827 verbo

461 5861 510 5917 tat.
547 5852 592 5910 Ita
609 5871 719 5927 quoque
736 5873 807 5928 qme
825 5854 859 5910 de
876 5852 973 5923 Moyse
989 5851 1177 5910 Bellarminus
1197 5860 1294 5912 contra
1318 5862 1451 5927 tanquam
1478 5852 1679 5925 incorruptibili
1705 5855 1810 5909 semine
1833 5855 2017 5923 mnascimur,
2043 5856 2158 5913 interim
