4800 6659
949 512 1002 571 DE
1019 510 1134 572 BONIS
1152 509 1347 573 ornamus.
1963 526 2003 586 65

307 680 331 721 e
355 671 380 722 t.
419 665 494 737 quod
519 666 661 721 salrcmur
689 683 745 736 per
774 666 883 722 Christi
908 669 1032 737 matiam
1061 671 1145 725 mado
1170 667 1319 725 hilominus
1339 669 1441 740 disput.
1459 670 1495 725 de
1511 668 1656 742 justificat
1670 669 1782 728 tham.
1795 657 1899 742 stituit,
1917 688 2005 742 opera

306 750 482 806 meduana
502 752 857 824 honorificentissimam
892 770 916 812 o.
935 760 959 810 6.
983 756 1059 827 quod
1084 773 1145 826 spe·
1170 756 1301 809 caritatis
1318 763 1344 809 et
1356 756 1488 825 justitiae
1505 757 1608 810 mereri
1624 757 1710 810 uitam
1728 765 1879 813 aeternam.
1915 756 2005 814 Leon·

308 846 386 891 ctare
409 839 439 892 in
462 855 545 910 apere
565 848 590 893 et
616 840 713 894 labare
731 843 884 894 mercedem
903 842 1145 895 eminentissimam
1171 840 1249 897 hard.
1276 841 1388 896 Iessius
1416 842 1445 896 in
1469 841 1615 897 consultat.
1637 842 1672 898 de
1688 843 1766 914 relig.
1790 861 1818 913 p.
1842 850 1881 900 19.
1899 844 2005 914 scribit,

308 923 344 977 sit
365 924 569 978 meduanum
593 942 627 978 ac
651 926 777 994 reqium,·
813 943 837 983 c.
858 933 881 981 7.
912 927 987 998 quod
1014 928 1086 981 nihii
1109 927 1146 980 sit
1170 929 1278 982 meritis
1303 946 1417 999 operiam
1437 929 1543 983 Christi
1558 930 1686 983 meritum
1705 930 1815 999 ratolti,
1842 931 2004 999 quiaillud

307 1010 427 1071 santius
444 1011 476 1063 in
499 1012 551 1064 hac
570 1011 632 1066 loca
650 1013 813 1066 tentationis
833 1031 917 1082 quam
934 1014 1094 1083 serperbiam
1113 1031 1146 1068 ea
1170 1016 1244 1068 adeo
1257 1023 1399 1069 statuatur
1411 1017 1523 1085 efficax,
1540 1025 1572 1069 ut
1584 1017 1663 1070 nobis
1677 1018 1939 1084 etiamfacuitatem
1951 1034 2005 1072 nte·

308 1097 535 1151 masideratione
555 1100 688 1153 banorum
707 1115 822 1168 operum
839 1100 925 1167 qiqai.
1170 1101 1254 1153 rendi
1270 1100 1432 1165 contulerit,
1450 1102 1522 1154 sicut
1539 1103 1739 1170 omnipotentia
1758 1104 1815 1156 Dei
1831 1105 2004 1157 commenda·

251 1189 297 1225 Ν·
340 1187 382 1239 96.
427 1187 452 1238 8.
478 1183 577 1239 Stante
602 1185 699 1240 merito
723 1183 826 1241 Christi
857 1184 1006 1241 concidunt
1032 1203 1145 1255 operum
1170 1193 1226 1256 tur,
1245 1188 1359 1255 quando
1376 1188 1457 1240 rebus
1474 1189 1577 1241 creatis
1595 1189 1637 1241 ctis
1656 1207 1713 1241 una
1732 1190 1873 1258 operandi
1887 1207 1944 1243 nou
1957 1192 2003 1244 de·
2078 1201 2082 1212 ’

251 1244 273 1327 'a
308 1276 465 1324 amborum
489 1271 596 1326 merita.
631 1271 660 1328 si
684 1270 756 1325 enim
775 1269 912 1326 Christus
918 1288 969 1325 sua
987 1271 1147 1327 obedientia
1170 1281 1297 1339 aeqatur.
1329 1271 1554 1343 Respondemus:
1573 1290 1627 1327 non
1647 1272 1820 1328 obstantibus
1836 1273 1879 1329 hic
1892 1274 2003 1347 effugiis

251 1401 295 1430 ne-
251 1340 462 1426 promeruit
484 1355 566 1411 uobis
589 1356 674 1411 vitam
698 1362 851 1424 aeternam,
878 1357 971 1411 nullus
999 1358 1075 1412 locus
1095 1357 1147 1412 erit
1171 1364 1198 1411 et
1226 1357 1384 1428 praestigiis
1411 1358 1513 1412 diserm
1540 1359 1753 1428 pronuntiamus
1779 1367 1807 1414 et
1836 1360 1951 1430 gloriam
1977 1368 2005 1416 et

251 1453 283 1482 ¹*
307 1448 464 1495 nostrorum
488 1458 602 1512 operum
626 1442 739 1498 meritis.
775 1443 904 1499 Vicissim
929 1444 952 1497 si
971 1443 1072 1497 nostris
1091 1459 1144 1497 nic·
1170 1443 1370 1512 perfectionem
1388 1444 1486 1498 merito
1506 1443 1607 1498 Christi
1627 1445 1750 1499 debitam
1768 1463 1819 1516 per
1835 1446 2004 1515 pontificiam

251 1554 284 1586 ιι
306 1525 365 1580 ritis
394 1533 471 1582 esset
499 1527 589 1592 locus,
615 1527 717 1582 Christi
747 1528 874 1583 meritum
902 1547 956 1583 non
983 1528 1056 1583 foret
1083 1545 1144 1598 per·
1157 1517 1331 1584 'merimmm
1350 1530 1503 1600 doctrinam
1522 1530 1699 1594 labefactari,
1726 1531 1801 1601 quod
1821 1539 1854 1586 ut
1870 1531 2003 1604 liquidius

305 1610 418 1667 mmm.
457 1611 523 1668 Jam
542 1629 608 1667 vero
626 1612 728 1668 Christi
748 1614 876 1669 meritum
890 1622 932 1669 est
945 1613 1071 1669 infinitae
1083 1630 1144 1684 per·
1170 1621 1287 1683 constet,
1307 1615 1358 1670 boc
1376 1616 1458 1671 modo
1469 1617 1658 1687 procedimus
1680 1623 1702 1672 1.
1715 1617 1744 1673 Si
1758 1618 1886 1672 meritum
1901 1617 2003 1673 Christi

304 1714 389 1753 sonae
408 1697 550 1753 infinitum
567 1700 702 1769 pretium,
719 1700 910 1754 sanctissimae
928 1717 1063 1771 personae
1081 1716 1144 1754 sau·
1170 1717 1202 1756 eo
1222 1702 1310 1755 solum
1330 1703 1412 1756 modo
1431 1703 1515 1757 vitam
1535 1709 1675 1759 aeternam
1694 1703 1775 1757 nobis
1796 1705 1955 1775 promeruit,
1971 1710 2004 1759 ut

302 1785 459 1840 ctissimum
486 1785 648 1841 remedium.
693 1785 766 1839 Huic
794 1784 896 1840 Christi
924 1788 1021 1842 merito
1049 1793 1144 1840 nostra
1169 1787 1286 1857 primam
1313 1788 1431 1858 gratiam
1459 1805 1492 1842 aa
1517 1788 1683 1843 infusionem
1707 1789 1788 1843 nobis
1814 1790 2003 1861 promeruerit,

304 1870 402 1926 uerita
432 1871 537 1927 addere
563 1876 606 1927 est
624 1872 694 1926 vesti
712 1870 913 1941 pulcherrimae
931 1873 1056 1927 sordidos
1074 1888 1141 1942 pau·
1153 1857 1156 1928 l
1169 1882 1200 1927 ut
1227 1889 1260 1926 ex
1281 1873 1372 1944 gratia
1396 1882 1424 1928 et
1445 1874 1556 1944 justitia
1576 1874 1668 1929 infusa
1687 1874 1759 1929 bens
1775 1882 1920 1946 operantes
1936 1876 2003 1947 ipsi·

304 1957 411 2011 mculos
430 1958 723 2014 aamereacdebitam
736 1957 851 2028 gloriam
865 1957 975 2012 Christo
988 1957 1141 2022 detrahere.
1168 1965 1224 2013 met
1250 1965 1347 2028 postea
1370 1958 1456 2013 vitam
1480 1966 1620 2014 aeternam
1646 1960 1726 2015 nobis
1754 1978 1922 2033 mereamur,
1952 1980 2003 2033 per

305 2041 415 2113 Excipit
434 2042 630 2108 Bellarminus,
648 2049 671 2099 1.
688 2046 790 2098 merita
803 2045 947 2113 justarum
967 2063 1023 2098 nan
1037 2044 1143 2113 opponi
1167 2044 1308 2098 immotam
1327 2052 1355 2099 et
1376 2044 1549 2100 infallibilem
1568 2044 1792 2116 consequentiam
1813 2064 1846 2102 ex
1865 2065 1897 2102 eo
1914 2047 2002 2104 dedu·

306 2129 411 2182 neritis
434 2128 556 2198 Christi,
581 2132 633 2184 sed
650 2131 684 2182 ab
706 2131 767 2183 istis
785 2131 864 2183 naam
880 2139 905 2184 et
925 2131 1058 2200 quicquid
1078 2130 1142 2198 ipsa
1167 2130 1252 2198 citur,
1279 2131 1353 2202 quod
1378 2131 1495 2185 sublime
1514 2129 1636 2185 officium
1655 2129 1815 2186 salvationis
1833 2133 1905 2188 inter
1924 2133 2002 2189 Chri·

301 2214 445 2282 iustarum
463 2216 564 2269 merita
583 2215 680 2268 laudis
699 2215 808 2282 habeat,
829 2216 861 2269 id
878 2224 963 2269 totum
979 2217 1141 2270 redundare
1167 2222 1241 2269 stum
1267 2224 1294 2271 et
1317 2233 1367 2271 nos
1395 2217 1548 2272 secundum
1571 2217 1715 2272 distinctas
1740 2225 1833 2289 partes
1859 2236 1892 2273 eo
1920 2219 2002 2275 modo

306 2301 332 2354 is
358 2302 480 2356 laudem
507 2303 669 2356 meritorum
697 2303 809 2356 Christi.
844 2304 912 2371 Ipse
938 2303 1049 2374 (inquit)
1068 2303 1141 2369 rritc's,
1168 2301 1359 2370 distribuatur,
1378 2309 1410 2358 ut
1430 2302 1555 2356 Christus
1574 2303 1685 2373 quidem
1705 2320 1757 2357 sua
1775 2303 1903 2375 passione
1921 2305 2001 2359 nobis

306 2405 353 2441 sos
357 2389 498 2457 palmites
504 2410 515 2458 ;
536 2389 608 2442 sicut
622 2390 735 2458 palmes
752 2407 807 2442 uon
815 2397 910 2457 potest
921 2391 1141 2456 ferresructum,
1169 2396 1313 2457 mereatur,
1333 2389 1361 2443 id
1379 2389 1454 2461 quod
1473 2390 1564 2443 minus
1583 2394 1633 2457 est,
1650 2405 1744 2443 veram
1762 2388 1927 2445 infusionem
1947 2391 2002 2444 vir-

307 2475 360 2527 sisi
375 2472 515 2528 manserit
535 2475 565 2527 in
583 2475 646 2543 vite,
662 2475 703 2529 sic
723 2483 749 2528 et
767 2493 818 2529 nas
836 2475 908 2528 nihii
917 2492 1070 2544 possumus
1082 2474 1142 2527 sine
1168 2481 1258 2528 tutum
1283 2481 1311 2529 et
1333 2475 1450 2530 salutem
1468 2474 1639 2543 inchoatam,
1658 2492 1708 2529 uos
1727 2482 1820 2529 autem
1837 2476 1934 2530 merito
1951 2475 2001 2529 im-

309 2558 418 2615 Christo
435 2563 549 2629 jacere.
584 2562 625 2615 Et
649 2561 719 2614 sicut
742 2578 821 2615 nemo
851 2578 975 2629 unquam
1005 2562 1044 2614 ita
1069 2560 1141 2614 desi-
1169 2560 1287 2615 mediato
1305 2567 1333 2616 et
1353 2561 1509 2633 propinquo
1527 2579 1694 2624 mereamur,
1718 2562 1748 2617 id
1767 2561 1842 2632 quod
1859 2562 2000 2633 incompa-

306 2646 372 2716 puit,
391 2655 425 2701 at
446 2648 559 2714 diceret,
578 2648 691 2701 detrahi
708 2649 743 2700 de
761 2648 857 2717 picria
876 2648 949 2716 uitis,
967 2648 995 2700 si
1005 2647 1142 2716 palmites
1167 2645 1292 2701 rabiliter
1319 2649 1408 2718 majus
1437 2655 1466 2703 et
1491 2648 1637 2720 augustius
1668 2655 1725 2716 est,
1760 2647 1890 2703 videlicet
1914 2649 2000 2702 vitam

308 2735 392 2803 ipsias
410 2735 529 2789 mutirem
541 2737 671 2801 fructum
684 2736 822 2804 afferuat5
842 2735 883 2787 ita
897 2752 974 2787 nemo
989 2734 1141 2803 nisiplaae
1167 2739 1307 2787 aeternam
1334 2741 1361 2788 st
1386 2733 1503 2789 salutem
1528 2735 1688 2805 perfectam.
1726 2734 1781 2791 Sed
1802 2752 1835 2790 ex
1854 2734 2001 2806 hypothesi

308 2821 419 2889 imitus,
447 2822 541 2875 dicem
558 2829 653 2890 potest
672 2822 786 2875 detrahi
804 2823 839 2874 de
859 2821 954 2891 picria
973 2820 1092 2889 Christi,
1115 2820 1142 2871 si
1166 2818 1328 2874 Bellarmini
1345 2820 1422 2890 prius
1441 2838 1535 2875 rerum
1554 2827 1604 2878 est.
1640 2820 1716 2894 Ergo
1737 2828 1766 2877 et
1783 2821 1934 2892 posterius3
1955 2821 2000 2891 ju-

307 2907 378 2960 serm'
394 2906 460 2976 ejus
472 2923 530 2976 per
546 2908 669 2976 qratiam
689 2909 759 2977 ejus,
775 2924 831 2976 per
850 2908 981 2977 spiritum
1000 2908 1068 2976 ejus,
1084 2923 1140 2975 per
1168 2904 1242 2960 dicet
1258 2921 1324 2960 vero
1343 2906 1475 2977 quilibet,
1496 2924 1532 2963 aa
1550 2924 1601 2978 per
1618 2906 1671 2962 hoc
1687 2925 1743 2962 non
1764 2906 1925 2962 detrabatur
1941 2906 2000 2979 glo·

308 2992 384 3056 idem
403 3000 432 3046 et
449 2994 596 3047 caritatem
616 2994 656 3046 ab·
676 2994 737 3063 ipso
763 2993 932 3062 inspiratam
960 2993 1031 3045 baua
1053 3010 1139 3062 opera
1166 2992 1222 3046 riae
1246 2991 1336 3047 meriti
1361 2992 1472 3049 Christi.
1508 2993 1653 3060 (**Glaria
1676 2993 1767 3049 meriti
1784 2991 1888 3048 Christi
1906 2992 1951 3048 rel
1969 2994 2000 3045 in

306 3078 426 3146 furiant,
445 3096 517 3148 qreac
535 3079 576 3131 ita
595 3096 657 3133 rere
675 3081 731 3133 siut
749 3080 839 3147 juda,
857 3088 887 3133 ut
906 3081 947 3133 eis
967 3080 1102 3132 debeatur
1120 3097 1139 3132 a
1165 3094 1194 3130 se
1212 3076 1403 3134 consideratur
1421 3084 1449 3132 et
1465 3078 1604 3150 siguificat
1621 3078 1819 3150 perfectionem
1830 3077 1926 3149 ipsius,
1940 3085 1999 3133 tum

301 3164 378 3232 irata
394 3165 500 3233 judice
524 3181 629 3219 corona
647 3165 785 3234 justitiae.
822 3168 847 3218 2.
868 3166 976 3219 Merita
1000 3165 1139 3219 hominum
1166 3164 1259 3235 quoad
1278 3163 1333 3219 rim
1353 3163 1526 3236 promerendi
1546 3162 1697 3232 infinitam,
1723 3169 1782 3218 tum
1799 3164 1891 3235 quoad
1911 3163 2000 3235 ipsam

306 3251 602 3320 sonrequiripropter
615 3251 845 3319 insufficientiam
854 3251 1016 3305 meritarum
1026 3250 1138 3320 Christi,
1166 3250 1354 3305 obedientiam
1382 3250 1439 3322 legi
1463 3250 1517 3304 Dei
1544 3248 1654 3304 abunde
1679 3248 1910 3317 satisfacientem,
1939 3255 1998 3304 tum

304 3337 356 3390 sed
367 3344 491 3406 propter
507 3336 658 3389 mauram
672 3353 765 3390 earum
779 3338 945 3406 efficaciam.
972 3339 1140 3392 Merueruat
1165 3337 1259 3407 quoad
1276 3336 1468 3392 liberationem
1487 3351 1505 3389 s
1522 3334 1670 3389 maledicto
1690 3334 1774 3406 legis;
1793 3335 1838 3390 vel
1857 3341 1999 3406 spectatur

305 3424 375 3477 enirn
396 3422 507 3476 Christi
525 3439 611 3492 altera
631 3425 710 3493 apud
727 3426 831 3488 Deum,
859 3442 915 3478 nou
935 3424 1025 3479 sotum
1047 3433 1075 3478 ut
1093 3444 1139 3477 sa·
1166 3426 1263 3493 quoad
1291 3425 1460 3492 aquilionem
1490 3429 1515 3475 et
1539 3421 1752 3475 celebrationem
1777 3421 1859 3475 istius
1881 3421 1998 3492 perfecti
2035 3493 2039 3502 Ι

304 3509 387 3564 tutem
405 3526 647 3580 consequeremur,
665 3511 718 3563 sed
735 3510 818 3563 ctiam
838 3518 867 3564 ut
886 3528 947 3565 eam
954 3528 1009 3581 per
1016 3511 1139 3581 propria
1166 3509 1256 3564 meriti
1275 3516 1304 3563 et
1319 3507 1427 3580 gratiae
1446 3506 1557 3562 divinae
1574 3506 1603 3560 in
1619 3506 1682 3577 piis.
1717 3506 1814 3563 Priore
1831 3507 1928 3580 augeri
1943 3523 1999 3562 uon

303 3599 406 3651 merita
423 3613 667 3666 consequeremur,
685 3597 742 3651 siue
760 3599 837 3666 quad
852 3598 927 3652 idem
946 3606 1002 3668 est,
1022 3615 1078 3652 aaa
1096 3616 1139 3652 sa·
1165 3601 1258 3666 potest
1273 3595 1364 3650 meriti
1385 3593 1487 3649 Christi
1505 3592 1610 3665 gloria,
1633 3593 1720 3649 multo
1737 3594 1828 3650 minus
1846 3610 1896 3666 per
1913 3610 1999 3664 opera

304 3681 361 3737 lum
384 3691 530 3737 asianam
555 3683 686 3751 satutem,
712 3685 765 3737 scd
789 3684 872 3737 etiam
894 3685 948 3737 cim
967 3684 1094 3738 raerendi
1111 3685 1140 3737 in
1166 3681 1283 3753 piorum,
1300 3698 1363 3736 cum
1380 3680 1472 3752 mutia
1490 3697 1544 3735 non
1562 3685 1636 3736 esset
1650 3681 1749 3752 gratia,
1767 3680 1845 3736 Rom.
1869 3686 1908 3748 ll,
1927 3698 1952 3734 v.
1973 3685 1998 3736 6.

304 3768 383 3822 sabis
407 3775 582 3835 meruerunt,
609 3769 679 3822 sime
706 3771 783 3839 quod
805 3771 885 3824 Deus
909 3769 998 3824 utitur
1023 3771 1081 3825 sole
1100 3772 1141 3823 ad
1167 3768 1316 3840 posteriore
1345 3767 1433 3844 modq
1456 3766 1553 3840 augeri
1584 3773 1695 3838 potest,
1729 3766 1777 3821 scd
1807 3783 1863 3821 non
1893 3766 1999 3821 rationo

303 3857 438 3909 mandram
456 3855 669 3925 illustrandum,
687 3856 752 3926 ique
766 3858 808 3911 ad
818 3857 1051 3927 cairffacicndam,
1066 3874 1140 3911 arira
1166 3855 1278 3924 Christi,
1289 3855 1336 3925 qui
1354 3854 1489 3909 bonorum
1505 3861 1660 3908 nostrorum
1679 3870 1735 3908 non
1752 3860 1825 3926 eget,
1845 3853 1945 3909 Psalm.
1960 3858 1999 3923 lb,

304 3950 330 3996 rt
342 3942 453 4011 pieriis
471 3943 513 3994 ad
530 3942 776 4011 refriqerandum,
801 3960 856 3996 non
875 3951 917 3997 est
935 3943 965 3996 in
982 3961 1071 3997 causa
1089 3944 1139 3996 im·
1167 3958 1192 3995 r.
1217 3947 1240 3997 2.
1269 3956 1364 3995 rerum
1391 3941 1498 3996 ratione
1519 3940 1605 3995 nostri
1628 3939 1721 3994 Deum
1746 3957 1797 4011 per
1821 3939 1896 3996 bona
1916 3955 2001 4009 opera

304 4027 445 4082 basilidas
464 4028 536 4096 Dei,
562 4028 646 4098 misssi
659 4046 715 4081 non
729 4028 823 4099 possit
839 4029 900 4099 ipse
916 4046 970 4099 per
986 4046 1016 4083 se
1036 4030 1140 4100 absque
1166 4026 1345 4101 gratitudinis
1362 4043 1429 4097 ergo
1447 4025 1678 4099 glorificantium,
1712 4025 1810 4081 Mattb.
1831 4026 2001 4092 5,v.16.⁸*)

303 4114 373 4185 sole,
391 4116 465 4185 iqnc,
483 4132 557 4168 aura
576 4115 706 4167 mundum
725 4114 884 4179 iilustrare,
911 4115 1080 4186 calefacere,
1097 4134 1139 4170 re
1168 4121 1191 4170 2.
1215 4113 1244 4169 Si
1262 4114 1298 4169 ad
1316 4112 1413 4168 salutis
1437 4110 1616 4167 efficientiam
1640 4112 1670 4167 in
1687 4111 1783 4167 ordine
1802 4127 1904 4166 causae
1920 4109 2001 4166 meri·

303 4202 466 4272 friqerare,
489 4203 543 4256 red
566 4200 766 4270 omm'patcutia
789 4201 864 4269 ejus,
890 4218 945 4270 qua
967 4203 1061 4272 patuit
1085 4221 1140 4257 nou
1167 4201 1254 4256 toriae
1280 4201 1315 4254 ad
1342 4199 1470 4255 meritum
1497 4198 1598 4254 Christi
1625 4204 1734 4270 oportet
1758 4198 1890 4254 accedere
1906 4205 2003 4254 nosue

302 4289 394 4344 solum
417 4289 475 4341 ista
491 4289 604 4356 facere,
629 4289 783 4348 sedetiam
802 4289 884 4341 rebus
901 4290 1005 4343 creatis
1023 4293 1078 4341 uim
1089 4290 1141 4356 sa·
1168 4287 1279 4355 merita,
1304 4301 1476 4358 consequens
1503 4291 1559 4348 est,
1584 4285 1723 4340 Christum
1746 4283 1775 4339 in
1797 4301 1849 4338 sua
1873 4284 2001 4355 passione

303 4375 400 4430 rissdi
415 4374 543 4428 tribuere
579 4376 605 4426 3.
625 4375 685 4426 Nec
707 4373 801 4427 diuidi
817 4374 937 4444 pieriam
957 4376 1030 4428 iuter
1049 4377 1141 4428 Derim
1169 4392 1202 4430 ac
1226 4378 1314 4428 morte
1335 4373 1458 4428 noudum
1481 4371 1564 4444 plene
1587 4377 1615 4426 et
1637 4369 1761 4442 perfecte
1784 4370 1900 4426 salutem
1921 4371 2002 4427 nobis

251 4468 332 4517 ,met
350 4461 498 4530 hominem,
517 4461 546 4514 si
562 4478 618 4513 non
636 4461 706 4514 solis
727 4461 972 4526 Christimeritis,
990 4463 1141 4516 sedetiam
1169 4460 1360 4532 promeruisse.
1396 4456 1536 4514 Conuexio
1553 4464 1597 4514 est
1612 4457 1772 4526 manifesta,
1793 4457 1816 4511 si
1834 4456 1908 4511 enim
1924 4455 2003 4512 chri-

305 4550 409 4603 sostris
434 4548 553 4601 satutem
582 4564 797 4616 consequamur,
824 4547 891 4616 quia
917 4549 1018 4602 merita
1045 4556 1141 4602 nostra
1168 4554 1228 4602 stus
1246 4547 1276 4601 iu
1295 4546 1355 4617 ipso
1374 4560 1457 4616 opere
1475 4544 1611 4615 passionis
1631 4551 1659 4599 et
1678 4543 1773 4598 mortis
1788 4559 1855 4598 suae
1864 4540 2002 4614 justitiam

305 4642 371 4690 sust
386 4637 464 4688 dana
472 4633 580 4688 Christi
599 4641 624 4688 et
640 4635 725 4703 ratio,
744 4652 796 4687 cur
813 4652 883 4706 apris
901 4635 937 4688 sit
955 4636 1070 4705 diquum
1082 4635 1141 4688 cita
1169 4642 1197 4689 et
1216 4632 1333 4688 salutem
1353 4630 1434 4685 nobis
1455 4629 1700 4685 exuberantissime
1717 4638 1745 4684 et
1762 4628 1922 4701 plenissime
1939 4645 2002 4699 pro·

305 4730 438 4791 adarna,
461 4729 520 4777 tata
534 4722 640 4791 pendet
659 4737 692 4775 ea
710 4721 812 4790 pratia.
855 4725 880 4777 t.
900 4722 965 4775 Non
984 4723 1073 4775 minus
1091 4739 1142 4773 uos
1168 4719 1282 4774 meritus
1300 4724 1386 4786 esset,
1408 4716 1476 4788 quid
1494 4731 1564 4787 opus
1580 4714 1653 4770 foret
1668 4719 1824 4769 nostrorum
1843 4715 2003 4770 meritorum

305 4807 419 4863 Christo
437 4807 586 4862 obstrictae
603 4822 676 4875 esse,
703 4823 752 4860 uec
772 4808 863 4860 atinus
880 4808 997 4861 salutem
1017 4816 1142 4860 nostram
1168 4803 1378 4861 additamento?
1409 4802 1472 4857 Non
1489 4807 1545 4864 est,
1570 4801 1644 4872 quod
1663 4801 1787 4870 dicatur,
1812 4801 1932 4872 gratim
1950 4799 2003 4855 Dei

304 4904 391 4950 totam
412 4903 496 4966 atque
515 4895 652 4961 inteqram
673 4893 720 4948 itti
737 4903 878 4964 acceptam
898 4897 985 4958 ferre,
1007 4912 1068 4947 cum
1088 4911 1141 4947 me·
1169 4900 1197 4948 et
1214 4891 1297 4946 fidem
1316 4907 1371 4945 non
1389 4887 1500 4944 excludi
1518 4905 1568 4958 per
1585 4887 1712 4942 meritum
1731 4886 1848 4955 Christi,
1865 4904 1932 4958 ergo
1950 4902 2002 4941 uec

304 4982 371 5036 ritis
400 4982 506 5037 nostris
537 4982 618 5035 itiam
649 4981 835 5050 acquirimus,
871 4999 953 5050 quam
987 4983 1016 5034 si
1041 4983 1142 5051 absque
1169 4984 1263 5032 nostra
1287 4976 1400 5044 merita,
1427 4972 1545 5046 quilibet
1568 4973 1640 5029 euim
1668 4970 1757 5040 videt,
1783 4989 1843 5027 esse
1868 4973 2003 5027 rationem

304 5067 376 5121 adri
398 5068 506 5121 mmitis
532 5068 637 5122 nastris
663 5085 724 5120 eam
749 5069 951 5138 acciperemus,
974 5068 1030 5122 ima
1055 5069 1142 5122 muita
1170 5064 1252 5134 longe
1270 5063 1416 5134 disparem.
1452 5058 1551 5115 Gratia
1569 5057 1623 5114 Dei
1641 5064 1670 5113 et
1686 5056 1755 5112 fides
1775 5057 1811 5112 ad
1825 5057 1963 5127 justitiam
1975 5061 2004 5111 et

305 5155 398 5224 napis
420 5173 493 5208 nunc
520 5154 568 5207 iili
590 5172 641 5206 nos
660 5155 799 5207 debitores
819 5171 889 5220 esre,
916 5155 1141 5222 quandoquidem
1171 5151 1257 5204 vitam
1283 5153 1423 5204 aeternam
1446 5146 1637 5217 requiruntur,
1660 5161 1716 5198 uon
1739 5145 1767 5197 in
1785 5160 1886 5216 genere
1904 5158 2003 5197 musae

306 5259 364 5295 aas
390 5240 480 5294 salum
502 5257 558 5308 per
581 5241 643 5308 ejus
666 5241 788 5308 qratiam
811 5241 963 5304 salvemur,
991 5242 1043 5293 sed
1060 5242 1141 5293 ctiam
1171 5236 1334 5302 meritoriae,
1352 5234 1448 5290 sedin
1465 5232 1521 5287 alio
1538 5248 1641 5303 genere
1660 5247 1774 5292 causac,
1793 5230 1884 5302 gratia
1901 5228 1956 5283 Dei
1974 5227 2004 5282 in

305 5343 359 5397 per
377 5328 495 5379 eandem
515 5327 597 5380 moda
618 5327 791 5380 nobilissimo
811 5326 1144 5395 honorificentissimaquc
1171 5324 1268 5380 ordine
1285 5337 1384 5376 causae
1403 5318 1549 5375 efficientis
1567 5317 1742 5389 principalis,
1767 5317 1835 5371 fides
1859 5314 2004 5369 inordina

308 5413 455 5467 sabania.
483 5411 562 5466 Haec
581 5413 671 5467 omnia
689 5411 881 5480 Bellarminus,
903 5428 936 5466 ex
945 5429 1001 5483 quo
1011 5412 1145 5466 Pistoriae
1170 5426 1272 5465 causae
1295 5405 1522 5461 instrumentalis.
1556 5403 1611 5461 Sed
1636 5404 1659 5458 si
1682 5409 1777 5457 uostm
1798 5401 1897 5456 merita
1913 5401 1941 5454 in
1961 5417 2004 5455 or·

308 5499 337 5554 in
357 5499 461 5570 scripto
480 5497 612 5555 German.
630 5504 727 5553 contra
746 5496 890 5552 Hunuium
910 5517 937 5569 p.
957 5505 994 5555 18.
1011 5499 1143 5569 disputat,
1170 5497 1236 5550 diae
1252 5511 1353 5548 causae
1369 5491 1528 5547 meritoriae
1545 5490 1582 5545 ad
1602 5490 1720 5545 salutem
1738 5488 1928 5557 requiruntur,
1945 5487 2004 5558 qui·

311 5585 417 5641 Christi
432 5588 560 5639 meritum
579 5585 678 5653 salum,
695 5586 795 5650 sotum,
813 5585 903 5638 scirem
922 5603 973 5638 nos
991 5587 1145 5651 efficienter
1170 5583 1240 5637 libet
1258 5580 1341 5647 videt,
1361 5578 1464 5635 Christi
1481 5577 1608 5632 meritum
1626 5575 1748 5629 nondum
1767 5588 1826 5626 esse
1841 5571 2005 5643 perfectum,

310 5682 335 5726 rt
360 5663 503 5726 meritorie
520 5672 681 5741 justificare
709 5679 734 5724 et
756 5671 871 5725 salvare
897 5680 924 5724 et
949 5673 1051 5725 mereri
1067 5689 1146 5725 omae
1170 5670 1212 5722 ad
1237 5682 1427 5736 quamcunque
1454 5665 1526 5718 euim
1553 5679 1668 5716 saiwam
1690 5662 1720 5713 itt
1743 5660 1839 5713 todem
1866 5660 2007 5713 causandi

310 5760 354 5828 id,
380 5760 457 5829 quad
473 5758 554 5811 nabis
572 5758 747 5812 adsalutem
765 5765 805 5810 est
826 5759 1025 5824 necessarium,
1054 5774 1086 5812 ac
1104 5738 1271 5826 ui-lqeusre
1296 5754 1379 5807 aliud
1402 5751 1549 5822 quippiam
1573 5750 1664 5801 adbuc
1689 5747 1857 5817 requiritur,
1882 5766 1916 5802 ea
1938 5765 2005 5808 non·

358 5852 460 5896 minu
473 5851 523 5896 ua
549 5851 584 5894 ιι.
1659 5857 1674 5911 b
