4800 6659
412 599 472 667 tlt
1086 598 1209 659 LOCUS
1227 598 1432 659 messurus

411 763 532 827 quamor
551 757 697 827 principia
725 757 877 827 dividitur,
903 758 953 828 qui
971 764 1074 827 postea
1096 755 1243 825 eprediens
1270 770 1356 822 11111
1378 757 1409 809 in
1428 771 1477 810 ore
1494 755 1592 824 ipss'ses.
1630 754 1726 810 Timor
1751 754 1908 820 hominum,
1935 754 1964 807 si
1982 771 2107 824 praeua-

411 843 448 896 de
475 843 577 912 templo
605 850 632 895 ct
659 851 757 898 contra
785 845 855 897 solis
879 852 971 900 ortum
997 844 1102 897 uadens
1126 858 1244 896 amaras
1269 839 1367 904 lueret,
1396 842 1519 895 meludit
1549 841 1678 894 timorem
1707 841 1788 895 coeli.
1823 839 1905 897 Unde
1930 847 2007 896 reete
2027 848 2108 896 notat

411 945 501 998 aquas
518 936 695 997 mortuasque
716 930 846 993 sinificet.
882 932 985 984 Peccot
1002 931 1123 983 mundus
1140 935 1166 982 et
1183 927 1243 980 sine
1270 924 1434 981 Tremellius
1457 944 1517 982 esse
1541 926 1711 981 idiotismum
1734 925 1880 999 Syrorum,
1908 926 2018 981 coelum
2038 928 2106 998 poni

411 1031 550 1084 aquarum
570 1014 678 1068 dilumo
700 1034 756 1070 non
773 1024 926 1085 purpatur.
964 1015 1099 1070 Columba
1118 1014 1244 1083 Spiritum
1270 1028 1321 1081 pro
1347 1011 1416 1067 Deo.
1459 1011 1534 1067 Vide
1558 1011 1690 1066 Drusium
1715 1011 1764 1066 lib.
1790 1018 1815 1067 5.
1839 1011 1976 1068 observat.
2005 1029 2030 1066 o.
2056 1017 2106 1078 11.)

409 1101 503 1152 sancti
525 1100 640 1169 expulso
663 1101 733 1154 alite
757 1102 917 1170 teterrimo,·
944 1102 986 1155 ita
1010 1102 1051 1154 ad
1073 1101 1137 1154 Nos
1160 1098 1245 1169 arraei
1270 1096 1339 1153 Luo.
1363 1103 1392 1165 3,
1414 1117 1439 1152 v.
1466 1104 1494 1153 2:
1529 1099 1647 1151 Factum
1674 1107 1714 1151 est
1744 1099 1855 1151 umbem
1878 1098 1999 1152 Domini
2022 1116 2108 1167 super

410 1186 452 1238 ad
470 1183 611 1238 Christum
631 1186 661 1239 in
678 1188 810 1241 Jordane
829 1188 940 1242 dseolm
965 1195 992 1240 et
1011 1205 1092 1240 ramo
1114 1185 1243 1251 refectio·
1270 1184 1430 1238 Iohannem
1453 1185 1614 1237 Zachariae
1634 1185 1731 1252 filium
1753 1185 1784 1237 in
1813 1186 1943 1253 deceta,-
1971 1202 1997 1237 v.
2025 1189 2057 1238 ³:
2083 1193 2108 1238 et

409 1272 455 1325 nie
473 1288 508 1325 ac
527 1271 642 1325 luminr's
655 1290 758 1342 pacem
775 1275 838 1327 orhi
853 1274 1010 1327 annrmtiat.
1047 1274 1244 1327 Pharnacem
1269 1272 1344 1325 uenit
1365 1272 1395 1324 in
1421 1287 1528 1327 omnem
1548 1270 1689 1340 ropionem
1704 1270 1847 1325 Jordanis
1866 1272 2043 1339 praedicans
2060 1273 2108 1326 ha·

409 1358 532 1411 macne
548 1375 599 1412 suo
620 1359 649 1412 in
669 1367 734 1428 typo
752 1361 885 1429 baptismi
902 1361 984 1430 aquis
1005 1361 1164 1430 suffocatur.
1200 1358 1243 1411 Tu
1267 1359 1400 1426 ptismum
1425 1357 1615 1427 poenitentiae
1640 1357 1670 1410 in
1696 1356 1890 1410 remissionem
1914 1366 2106 1426 peccatorum.

410 1444 594 1507 confirmasti,
623 1445 728 1516 inquit,
751 1447 781 1499 in
800 1448 901 1500 uirtute
923 1455 973 1500 tua
991 1462 1081 1511 mare,
1105 1445 1243 1500 contribu-
1270 1443 1388 1513 (Utique
1423 1458 1490 1513 ergo
1525 1442 1618 1498 divino
1651 1443 1782 1497 mandato
1813 1449 1841 1497 et
1871 1442 2051 1513 praedicandi
2079 1450 2107 1498 et

411 1529 481 1582 lasti
508 1530 605 1599 capita
630 1533 787 1585 draconum
813 1534 844 1586 in
868 1534 965 1603 nareis,
997 1534 1072 1586 unde
1098 1531 1191 1602 repuli
1217 1538 1244 1583 et
1269 1528 1431 1599 baptizandi
1450 1527 1593 1583 lohannes
1613 1528 1667 1584 fuit
1684 1529 1854 1593 1111111111.)
1891 1529 2000 1597 1111,
2017 1536 2106 1585 1201

410 1616 571 1685 scorpiones
595 1618 708 1670 arentia
731 1636 855 1688 quaeque
878 1627 1020 1673 sectantur
1041 1627 1065 1671 et
1084 1636 1146 1672 cnm
1165 1632 1243 1669 uerm-
1272 1616 1369 1669 Omnis
1386 1615 1510 1684 populus
1528 1615 1648 1667 audiam
1665 1622 1692 1667 et
1712 1615 1862 1683 publicani
1877 1614 2108 1683 justificaverunt

410 1702 468 1755 rint
486 1696 528 1754 ad
546 1720 636 1771 apiae
655 1704 855 1773 hydrophapos
873 1713 898 1757 et
917 1705 1103 1774 lymphaticos
1123 1703 1244 1769 faciunt.
1273 1703 1364 1754 Deum
1381 1702 1517 1769 baptisati
1533 1701 1700 1769 baptismate
1714 1700 1873 1767 Johannis,·
1892 1718 1918 1755 s.
1936 1706 1982 1755 30:
2002 1701 2107 1755 Phari·

410 1788 502 1841 Marn
528 1797 652 1842 mutatur
674 1791 860 1850 sacramentis
888 1791 979 1843 craecis
1009 1799 1035 1844 et
1065 1790 1244 1859 sepmapinta
1271 1788 1332 1841 saei
1355 1796 1448 1841 autem
1470 1795 1496 1841 et
1518 1787 1677 1857 lepmperiti
1700 1795 1863 1855 spreverunt
1882 1788 2031 1842 consilium
2050 1789 2109 1842 Dei

409 1873 524 1943 palmm
542 1876 733 1944 apostolorum
752 1877 907 1930 dulcoratis
924 1876 996 1944 lepis
1010 1876 1167 1946 purpitihus
1178 1874 1244 1928 irri-
1272 1891 1340 1941 erpa
1362 1890 1392 1927 se
1415 1874 1502 1943 ipsos‘
1515 1866 1733 1941 non'haptieati
1755 1873 1791 1926 ab
1815 1889 1856 1926 eo.
1891 1871 1932 1942 (si
1953 1873 2107 1943 baptismus

411 1968 523 2030 ponaer.
563 1962 741 2015 Patriarchis
759 1971 861 2032 puteos
885 1963 1059 2026 fodientibus
1086 1970 1244 2031 repupnant
1271 1953 1406 2015 iohannis
1426 1958 1481 2014 fuit
1498 1957 1643 2012 consilium
1660 1957 1728 2027 Dei,
1755 1958 1852 2030 utique
1874 1976 1940 2032 ergo
1964 1958 2108 2038 lohannes

411 2046 559 2115 allophyli.
595 2048 754 2102 Bersabeae
780 2049 880 2102 ciuitas
899 2050 1058 2118 juramenti
1077 2064 1245 2117 requiemque
1272 2046 1395 2101 divinum
1415 2045 1451 2100 de
1470 2062 1503 2100 eo
1522 2043 1621 2099 habuit
1638 2045 1808 2101 mandatum,
1843 2047 1939 2103 Actor.
1956 2052 2001 2115 20,
2018 2065 2044 2099 v.
2060 2051 2107 2101 m:

413 2131 573 2188 &amanis
588 2149 684 2187 nomen
695 2136 794 2188 1111111
808 2119 966 2203 aientibus,
984 2136 1119 2203 Rebecca,
1139 2132 1247 2187 Rachel
1272 2134 1339 2185 Non
1355 2131 1525 2199 melterfupi,
1554 2132 1702 2199 ciromines
1721 2134 1918 2187 annuntiarem
1934 2134 2013 2188 eolis
2029 2149 2108 2187 omne

411 2226 437 2273 et
452 2219 537 2285 filiae
562 2222 719 2272 sacerdotis
744 2221 862 2275 Midian
891 2224 971 2292 apud
994 2239 1085 2290 aquas
1104 2221 1246 2275 inueniun·
1273 2220 1332 2272 Dei
1350 2218 1513 2286 consilium,
1539 2216 1632 2272 idest
1653 2218 1786 2289 quicquid
1804 2219 1947 2289 praesepii
1963 2218 2042 2274 Deus
2060 2219 2108 2273 do-

411 2312 465 2359 arr.
494 2304 672 2359 Praecursor
688 2293 718 2359 in
736 2307 819 2376 aquis
831 2308 959 2373 sontium
970 2308 1057 2375 juata
1070 2307 1170 2374 Salim,
1189 2305 1246 2358 sal·
1272 2321 1335 2360 aere
1357 2310 1386 2359 et
1408 2303 1582 2374 praedicere,
1609 2304 1650 2358 its
1675 2303 1749 2358 enim
1773 2305 1919 2374 exponitur
1940 2304 2041 2359 Matth.
2067 2310 2109 2368 28,

274 2407 277 2414 ·
333 2398 335 2402 ’
410 2398 491 2445 nator
516 2399 584 2460 poet
606 2392 766 2445 Jordanem
790 2394 881 2461 coepit
902 2393 1084 2463 praedicare.
1119 2392 1247 2446 Primum
1272 2409 1298 2447 v.
1326 2397 1372 2445 2οε
1403 2391 1546 2443 Decentes
1575 2406 1622 2445 eos
1649 2402 1763 2445 serrare
1793 2393 1897 2459 omnia,
1928 2406 2108 2460 nemeamque

412 2477 473 2547 ejus
491 2477 601 2544 sipnum
621 2493 653 2529 es
672 2478 755 2546 aquis
773 2486 821 2532 est.
858 2479 1043 2533 &maratana
1066 2485 1183 2534 uocatur
1206 2478 1247 2529 ad
1269 2477 1408 2544 praecepi
1429 2476 1525 2543 nohis.)
1568 2475 1632 2531 Joh.
1654 2482 1683 2542 l,
1706 2494 1733 2533 v.
1752 2482 1802 2532 ³3:
1834 2477 1889 2539 Qut
1907 2477 1983 2531 naa
1999 2493 2044 2530 ms
2062 2477 2108 2529 ha·

411 2570 531 2633 puteum
568 2562 700 2615 Sitientes
730 2563 884 2616 inm'tantur
910 2567 951 2617 ad
975 2582 1074 2633 aquas.
1107 2564 1246 2616 Permissa
1272 2564 1378 2631 plicare
1396 2564 1427 2615 in
1444 2580 1530 2631 amsa,
1547 2564 1598 2617 ille
1616 2564 1687 2617 mdsi
1706 2564 1787 2630 dicit,
1806 2581 1890 2633 asper
1908 2562 2108 2633 quemmderis

414 2649 502 2703 latere
520 2647 641 2701 Domini
658 2649 713 2701 enit
730 2650 848 2719 sanquis
864 2657 890 2703 et
906 2668 989 2719 aqua.
1028 2652 1124 2704 Mutat
1148 2655 1247 2702 contra
1275 2647 1412 2716 Spiritum
1431 2650 1641 2702 descendentem
1661 2656 1687 2702 et
1706 2657 1860 2703 manentem
1879 2665 1963 2718 sssper
1972 2665 2042 2716 eunt,
2060 2649 2106 2704 hic

412 2744 546 2789 namnam
559 2733 695 2802 Aethiops
707 2734 812 2802 pellem
829 2752 909 2788 suam
928 2744 954 2788 et
968 2738 1081 2804 pardus
1098 2734 1247 2788 summates
1273 2742 1326 2801 est,
1355 2735 1405 2803 qui
1428 2735 1551 2803 tapetem
1579 2735 1692 2804 Spiritu
1716 2752 1739 2792 s.
1782 2735 1846 2789 Huc
1870 2734 2005 2806 pertinet.
2031 2736 2106 2806 quod

406 2838 489 2875 ¹esras.
527 2820 586 2874 Vae
614 2820 736 2873 Domini
759 2838 845 2890 uesper
867 2838 965 2890 aquas.
1007 2822 1147 2876 Dominus
1172 2819 1245 2872 dilu-
1273 2819 1442 2889 baptismum
1459 2820 1595 2876 Joharmis
1613 2822 1673 2891 ipse
1691 2821 1817 2876 Christus
1835 2838 1891 2876 non
1907 2827 2016 2876 tantum
2033 2838 2107 2876 eom·

413 2906 488 2960 nium
507 2906 665 2960 inhabitare
679 2908 771 2973 facit,
796 2908 846 2977 arei
869 2909 1045 2960 adscendunt
1065 2909 1102 2961 de
1121 2907 1246 2961 lauacro.
1273 2906 1445 2975 probaverit.
1471 2906 1522 2961 sed
1541 2906 1624 2961 etiam
1643 2906 1872 2974 sanctificaverit,
1889 2915 2002 2978 petens,
2019 2922 2050 2961 se
2070 2905 2106 2962 ab

413 2992 572 3048 Michaeas.
605 3008 627 3047 1.
650 2999 673 3047 t.
692 3011 717 3049 v.
741 2999 783 3049 19:
812 2995 965 3063 demerpet,
982 2995 1087 3063 inquit,
1107 2993 1248 3049 Dominus
1273 3010 1306 3048 eo
1324 2991 1578 3063 baptisarihiatth.
1598 2999 1629 3061 3,
1647 3010 1673 3048 s.
1695 2998 1733 3048 13.
1753 2993 1822 3065 quin
1840 2994 1896 3048 imo
1913 2999 1974 3049 tota
1990 2994 2107 3047 1111111-

413 3078 575 3147 iniquitates
593 3088 706 3133 nostras
723 3086 750 3133 et
764 3080 900 3149 projiciet
918 3081 947 3134 in
961 3082 1141 3149 profundum
1159 3079 1248 3133 marm
1273 3078 1343 3132 sima
1365 3078 1488 3133 Γ11111111
1514 3078 1640 3133 miranda
1665 3084 1820 3151 θεοφανείᾳ
1841 3080 1960 3134 eundem
1980 3094 2106 3149 eompre-

353 3222 362 3230 ,
412 3164 506 3220 onmia
522 3174 641 3234 peccato
658 3172 827 3222 nomnen.
1273 3165 1364 3235 bavit,
1382 3182 1446 3220 cum
1463 3164 1567 3235 apertis
1586 3166 1670 3221 coelis
1690 3182 1751 3221 sese
1768 3165 1966 3229 manifestaret,

286 3266 363 3308 osum
450 3257 490 3307 11.
525 3249 617 3306 Oausa
645 3250 770 3307 efficiens
794 3252 925 3322 baptismi
950 3259 993 3307 est
1015 3253 1060 3307 vel
1086 3251 1247 3323 principalis
1315 3252 1384 3307 Voce
1401 3253 1498 3315 Pater,
1517 3253 1610 3305 Notus
1629 3269 1756 3321 corpore,
1775 3253 1896 3306 Flamen
1913 3268 1972 3320 aue,
1991 3267 2016 3307 v.
2034 3258 2073 3308 lh.

286 3318 400 3421 ξὲξξῗζζ
414 3337 458 3392 vel
475 3337 690 3393 instrumentalis
708 3356 741 3394 ac
762 3338 953 3395 ministerialis.
991 3338 1085 3393 Cama
1099 3340 1248 3408 princepa—
1274 3345 1298 3394 3.
1317 3339 1359 3393 Ex
1384 3338 1492 3392 solenni
1519 3337 1698 3393 institutionis
1724 3339 1902 3408 repetitione,
1929 3339 2108 3394 renovatione

285 3421 371 3523 gffi
413 3426 465 3490 lis,
493 3424 551 3479 sive
577 3429 675 3480 auctor
699 3432 732 3479 ut
749 3425 917 3495 reliquorum
936 3432 1183 3492 sacramentorum,
1207 3424 1247 3479 ita
1274 3441 1307 3479 ae
1324 3423 1546 3496 promulgatione
1565 3423 1640 3479 iacta
1656 3441 1675 3479 a
1692 3424 1814 3491 Christo,
1838 3424 1994 3480 divinorum
2018 3425 2107 3480 eonsi-

413 3526 525 3581 qaoquo
543 3509 681 3580 baptismi,
701 3516 744 3563 est
761 3509 848 3579 Deus,
864 3510 923 3564 sive
942 3511 1016 3581 quod
1035 3511 1109 3565 idem
1121 3519 1170 3574 est,
1188 3517 1248 3566 tota
1272 3501 1561 3581 liorum’interprete‚
1596 3509 1658 3565 lob.
1686 3517 1714 3574 1,
1742 3528 1768 3568 v.
1793 3516 1832 3567 18.
1867 3510 1953 3567 Hebr.
1979 3518 2007 3580 1,
2036 3530 2064 3568 v.
2084 3516 2105 3566 1.

412 3603 590 3653 samosanota
605 3595 741 3663 Trinitas,
767 3596 797 3650 id
821 3596 896 3666 quod
919 3601 997 3665 patet
1018 3603 1039 3652 1.
1058 3613 1089 3653 es
1109 3596 1247 3651 vaticiniis
1274 3614 1328 3668 qua
1355 3596 1474 3667 apostoli
1495 3596 1568 3666 jussi
1593 3603 1659 3651 sunt
1683 3613 1738 3651 non
1764 3598 1792 3651 in
1815 3597 1927 3652 «Iudaea
1947 3597 2039 3651 solum
2064 3598 2107 3667 (ut

412 3688 443 3739 et
463 3681 539 3752 typis
559 3682 595 3738 V.
618 3682 652 3736 T.
689 3680 758 3736 Cum
782 3681 856 3736 enim
876 3681 995 3752 Spiritus
1015 3701 1038 3737 s.
1063 3700 1114 3753 per
1135 3700 1166 3737 os
1184 3701 1246 3753 pro·
1271 3683 1413 3740 lohannes
1436 3682 1565 3750 fecerat),
1593 3683 1643 3738 sed
1665 3683 1694 3737 iu
1713 3690 1770 3738 toto
1790 3689 1925 3737 terrarum
1942 3683 2011 3738 orbe
2027 3700 2105 3754 prae

412 3769 559 3842 piratarum
582 3769 618 3824 de
635 3768 766 3840 baptismi
786 3769 958 3825 institutione
975 3776 1003 3825 11
1020 3769 1146 3825 efficacia
1163 3770 1247 3826 fuerit
1273 3770 1368 3824 dicere
1385 3776 1414 3824 et
1429 3769 1574 3839 baptisare
1592 3777 1697 3840 gentes,
1715 3768 1745 3823 in
1763 3770 1874 3823 nomine
1892 3768 1984 3824 Patris
2001 3775 2030 3824 et
2041 3768 2105 3824 Filii

412 3855 591 3921 vaticinatis,
621 3855 736 3913 28111.
756 3862 797 3924 23,
817 3861 882 3912 ul.
914 3856 981 3911 Luc.
1004 3864 1031 3925 1,
1051 3874 1076 3913 v.
1096 3863 1136 3912 70.
1163 3874 1195 3912 ex
1214 3875 1246 3913 eo
1272 3866 1301 3911 11
1320 3854 1437 3925 Spiritus
1456 3855 1552 3912 sancti.
1589 3856 1705 3911 “Idem
1724 3855 1859 3926 probatur
1876 3861 1901 3914 1.
1916 3870 1949 3909 ex
1968 3853 2105 3925 baptismo

411 3948 537 4013 apparet,
556 3942 687 4014 baptismi
707 3942 735 3996 in
754 3941 789 3997 N.
808 3942 841 3999 T.
860 3942 1060 3998 institutionem
1079 3942 1130 3997 soli
1150 3948 1179 3997 et
1197 3945 1244 3998 uni
1271 3941 1471 4012 apostolorum,
1494 3942 1543 4012 qui
1564 3941 1675 3997 Christo
1699 3941 1867 3997 adscribitur
1884 3939 1949 3997 doh.
1967 3947 1997 4008 3,
2019 3958 2046 3996 v.
2065 3946 2105 3997 22.

411 4046 476 4084 sero
498 4028 560 4085 Deo
581 4028 779 4100 assignandam
803 4043 869 4083 esse.
905 4027 992 4082 Amos
1015 4035 1044 4097 3,
1066 4046 1092 4083 v.
1118 4036 1147 4083 7:
1180 4031 1246 4084 Non
1263 4029 1320 4101 iqui
1349 4036 1410 4083 tum
1440 4029 1500 4098 ipse
1528 4030 1664 4082 neminem
1696 4029 1754 4082 meis
1783 4029 1912 4082 amnibus
1947 4028 2106 4097 baptisavit,

409 4116 500 4179 facim
523 4116 663 4169 Dominus
688 4118 769 4168 Deus
794 4115 919 4182 serlum,
944 4116 1001 4168 rimi
1018 4116 1185 4170 revelaverit
1204 4133 1246 4170 se·
1272 4116 1335 4173 Joh.
1355 4122 1378 4181 1,
1395 4133 1421 4171 v.
1442 4121 1464 4170 1.
1484 4120 1507 4171 2.
1527 4119 1551 4169 3.
1587 4116 1651 4168 nh
1669 4113 1724 4170 fine
1743 4121 1771 4169 et
1790 4114 1894 4169 effectu
1911 4112 2053 4184 baptismi,
2061 4113 2106 4185 qui

410 4208 515 4256 cretum
530 4218 610 4253 suum
626 4202 714 4254 serum
733 4200 793 4253 suis
807 4200 962 4269 prophetis.
994 4205 1018 4255 2.
1037 4200 1079 4255 Ex
1097 4218 1144 4270 eo,
1170 4203 1245 4273 quod
1273 4210 1316 4258 est
1334 4202 1462 4255 remissio
1478 4208 1657 4270 peccatorum
1675 4200 1760 4254 Marc.
1783 4207 1804 4267 1,
1822 4217 1848 4253 v.
1869 4206 1894 4255 1.
1918 4198 1988 4255 Luc.
2004 4206 2029 4269 3,
2044 4207 2106 4257 ml

410 4286 570 4350 lohannes,
600 4286 647 4356 qui
671 4286 775 4357 primus
800 4286 834 4343 N.
855 4286 888 4342 T.
907 4286 959 4341 hoo
977 4294 1180 4343 sacramentum
1198 4289 1247 4343 ad-
1273 4288 1343 4343 haec
1370 4294 1463 4341 autem
1491 4304 1508 4341 a
1534 4286 1593 4341 solo
1617 4285 1678 4340 Deo
1702 4285 1842 4356 dependet
1862 4285 1944 4340 hiiah.
1967 4293 1996 4355 t,
2019 4303 2044 4342 v.
2070 4291 2106 4342 18.

412 4371 592 4442 1111111111νί1,
614 4389 633 4424 1
651 4374 715 4427 Deo
732 4373 834 4425 missus
854 4373 960 4426 dicitur
980 4373 1021 4424 ad
1040 4373 1247 4442 baptizandum.
1273 4374 1374 4430 Psalm.
1396 4379 1442 4441 30,
1462 4390 1487 4427 v.
1511 4378 1535 4427 8.
1570 4371 1672 4426 Psalm.
1697 4378 1757 4436 103,
1776 4390 1801 4427 v.
1820 4378 1843 4428 3.
1882 4371 1970 4427 Exed.
1991 4377 2021 4432 3,
2039 4389 2065 4427 a.
2084 4378 2107 4426 t.

412 4457 695 4522 1111121125.
722 4458 980 4526 Μ111.11,1.31.
1016 4458 1085 4512 Luc.
1106 4464 1151 4524 20,
1178 4478 1204 4514 v.
1222 4467 1246 4516 4.
1273 4460 1339 4515 lob.
1358 4465 1399 4527 21,
1416 4477 1441 4516 v.
1463 4465 1487 4514 1.
1510 4458 1575 4515 Esa.
1595 4464 1637 4520 13,
1658 4476 1683 4514 v.
1704 4464 1745 4514 m.
1776 4458 1862 4519 Mare.
1882 4464 1906 4527 2,
1923 4474 1949 4510 v.
1972 4465 1996 4513 ’1.
2036 4458 2106 4513 Pho

411 4544 537 4601 Christus
555 4545 707 4615 interrogat
726 4543 904 4607 Pharisaeos,
924 4562 964 4597 an
981 4544 1120 4612 baptisma
1138 4547 1247 4600 Johan·
1275 4545 1373 4599 tiniam
1399 4545 1512 4609 docent,
1540 4545 1706 4614 baptismum
1730 4562 1822 4614 aquae
1848 4545 1884 4597 ah
1903 4545 2041 4613 apostolis
2057 4564 2108 4616 po·
2168 4613 2170 4619 Ι

412 4633 457 4687 nis
476 4631 573 4699 fuerit
601 4646 634 4683 en
651 4631 743 4692 coelo,
773 4649 811 4684 an
840 4648 873 4683 ex
903 4630 1082 4684 hominihus!
1117 4632 1248 4702 (Decem,
1274 4634 1330 4685 tius
1357 4632 1467 4686 trahere
1496 4632 1645 4699 oripinem,
1673 4632 1773 4701 quibem
1795 4631 1971 4699 permittente
1996 4630 2107 4685 Christo

411 4717 568 4775 iohannem
586 4715 801 4786 haudquaquam
821 4715 931 4787 privato
949 4715 1064 4771 arbitrio
1084 4735 1117 4772 ac
1134 4720 1248 4790 propria
1274 4720 1332 4772 tale
1350 4720 1421 4787 quid
1433 4719 1599 4772 constituere
1610 4718 1729 4772 liberum
1736 4719 1914 4786 permissum,
1931 4734 2108 4787 nequaquam

411 4803 578 4860 auctoritate
598 4801 766 4872 baptismum
783 4802 1004 4871 administrasse,
1029 4809 1078 4858 aut
1099 4803 1136 4858 ab
1160 4803 1247 4858 homi·
1274 4823 1339 4859 vero
1363 4806 1526 4874 praeceptis
1545 4801 1700 4873 injunctum
1716 4805 1815 4869 suerit.
1851 4802 2005 4859 Ostorodus
2024 4802 2107 4860 instit

411 4890 494 4947 nibus
514 4889 553 4944 ad
572 4888 773 4960 baptizandum
791 4905 851 4944 esse
869 4890 992 4957 missum,
1010 4888 1059 4944 sed
1078 4904 1096 4942 a
1113 4888 1174 4945 Deo
1192 4889 1247 4960 ipsi
1274 4908 1298 4945 1.
1318 4896 1359 4946 39.
1385 4887 1412 4964 ξ.
1435 4897 1456 4945 1.
1474 4909 1502 4960 p.
1522 4896 1580 4946 311.
1608 4886 1635 4964 ξ.
1656 4895 1680 4945 2.
1699 4908 1727 4959 p.
1748 4894 1807 4944 318.
1843 4888 2029 4944 Sehmaltzius
2047 4908 2108 4946 con·

410 4977 463 5032 boe
488 4993 587 5030 munus
611 4990 672 5030 esse
696 4974 906 5044 demandatum,
934 4992 995 5030 eam
1017 4975 1091 5029 euim
1113 4975 1169 5049 vim
1188 4992 1248 5030 esse
1274 4984 1318 5031 tra
1341 4978 1377 5032 D.
1395 4976 1495 5031 Franz.
1523 4975 1593 5046 disp.
1617 4981 1656 5031 10.
1681 4993 1707 5045 p.
1726 4980 1785 5031 308.
1812 4981 1870 5030 300.
1906 4973 2011 5031 Contra
2035 4974 2108 5033 chri-

411 5062 485 5118 iilius
507 5062 638 5132 phraseos
664 5077 696 5114 11
715 5060 807 5127 coelo,
828 5068 946 5131 apparet
964 5076 997 5116 ex
1016 5059 1153 5115 similibus
1173 5061 1247 5116 locu·
1275 5071 1334 5118 stus
1360 5068 1403 5117 est
1430 5080 1512 5118 verus
1538 5061 1669 5131 baptismi
1698 5068 1808 5127 auctor,
1840 5079 1895 5116 non
1921 5062 2108 5132 permissione,

412 5148 533 5205 tionibus
553 5148 621 5202 Luc„
644 5153 689 5210 15,
708 5164 734 5200 ν.
754 5150 794 5201 21.
825 5148 944 5214 peccori
967 5149 998 5201 in
1017 5148 1139 5216 coelam,
1158 5147 1250 5203 idest
1275 5149 1324 5204 sed
1342 5148 1487 5203 mandato:
1514 5154 1534 5203 1.
1553 5148 1619 5219 quia
1638 5146 1766 5217 nuspiam
1777 5146 1887 5218 legitur,
1898 5148 2040 5217 apostolos
2050 5167 2109 5219 per·

413 5236 544 5291 adversm
568 5234 673 5299 Deum,
704 5232 751 5305 qui
775 5232 904 5287 incaelis
926 5233 1046 5304 habitat;
1074 5232 1247 5289 verbsimum
1275 5236 1402 5291 mittente
1426 5234 1545 5288 Domino
1568 5251 1631 5288 eum
1657 5233 1816 5288 instituisse.
1853 5240 1879 5291 2.
1904 5231 1976 5298 Quia
2001 5251 2109 5305 expres

412 5320 485 5379 enim
514 5327 556 5379 est
581 5319 651 5375 illud
677 5317 845 5375 Devidicum
872 5318 973 5376 Psalm.
993 5326 1040 5385 51,
1068 5325 1143 5376 1.οι
1176 5321 1249 5388 Tibi,
1275 5340 1336 5376 sum
1356 5320 1536 5376 institutionis
1556 5321 1718 5375 mandatnm
1736 5318 1853 5374 habetur
1866 5318 1964 5375 Manu.
1975 5325 2018 5387 28,
2032 5338 2059 5376 v.
2072 5327 2107 5377 19.

410 5408 464 5462 tihi
480 5408 537 5461 soli
551 5407 678 5475 peccaui.
715 5404 761 5461 Sic
781 5411 802 5459 1.
823 5404 949 5459 Maccab.
970 5411 994 5474 3,
1012 5424 1037 5460 v.
1061 5412 1104 5462 18:
1122 5405 1173 5460 οὐκ
1191 5407 1249 5461 ἔστι
1276 5415 1301 5465 3.
1330 5408 1490 5478 Baptismus
1517 5415 1558 5462 cst
1588 5406 1759 5460 ordinarium
1788 5404 1956 5459 remissionis
1982 5412 2109 5475 peccato

412 5494 537 5567 διαφορὰ
562 5495 688 5547 ἐναντίον
713 5496 763 5547 τοῦ
790 5489 911 5559 οὐρανοῦ
934 5490 1028 5553 σώζειν
1052 5494 1082 5546 ἐν
1101 5496 1215 5554 πολλοῖς
1235 5491 1251 5558 ἢ
1275 5512 1337 5547 rum
1355 5501 1383 5548 et
1400 5493 1497 5547 salutis
1515 5500 1645 5549 aeternae
1664 5509 1806 5563 organum.
1842 5492 1883 5546 At
1901 5490 1957 5545 tale
1975 5508 2110 5564 organum

413 5580 443 5635 ἐν
460 5578 574 5649 ὀλίγοις.
614 5584 635 5635 1.
656 5577 781 5634 Maccab.
801 5584 830 5645 1,
857 5596 882 5631 v.
902 5582 947 5631 1οε
973 5572 1120 5645 lohannes
1143 5584 1181 5640 etr
1200 5579 1250 5633 τὸν
1276 5598 1331 5635 non
1349 5580 1385 5634 ab
1404 5577 1528 5647 bomine,
1557 5579 1607 5633 sed
1625 5597 1643 5633 a
1662 5578 1723 5633 Deo
1741 5578 1902 5633 instituitur.
1939 5583 1963 5632 1.
1982 5578 2111 5648 Apostoli

319 5671 354 5711 11.
367 5662 547 5738 Ἀούρανὸν,
577 5670 602 5718 rt
628 5664 730 5733 ἐλεήσει
755 5663 835 5739 ἡμᾶς.
877 5663 983 5718 Eodem
1008 5663 1088 5717 modo
1115 5677 1251 5736 usurpant
1277 5671 1392 5722 cunctos
1410 5665 1447 5718 ad
1465 5663 1549 5719 fidem
1562 5663 1746 5720 Christianam
1764 5664 1927 5720 aecedentes
1943 5664 2111 5736 baptismum

412 5751 549 5815 Babbini,
575 5768 637 5806 cum
664 5751 775 5819 dicunt,
808 5751 903 5805 omnia
929 5765 987 5803 esse
1011 5750 1042 5802 in
1065 5768 1150 5803 manu
1169 5752 1250 5807 coeli.
1277 5757 1343 5807 ante
1360 5749 1454 5804 omnia
1468 5750 1563 5804 Actor.
1585 5757 1615 5818 2,
1634 5769 1659 5804 v.
1679 5756 1720 5806 31.
1740 5756 1781 5806 38.
1808 5750 1937 5805 antinno
1955 5750 2051 5826 Actor.
2071 5757 2111 5816 10,

413 5837 485 5894 Item
504 5838 548 5893 :eit
572 5838 656 5893 timor
679 5838 752 5900 coeli
768 5854 853 5908 super
871 5855 927 5894 uos.
963 5836 1072 5891 Nomen
1090 5837 1162 5890 coeli
1177 5839 1245 5904 fre·
1276 5855 1303 5895 s.
1324 5843 1366 5895 33.
1385 5833 1524 5907 suscipere
1543 5843 1698 5904 suaserunt,
1718 5836 1771 5890 imo
1785 5837 1937 5906 jusserunt,
1957 5836 2053 5894 Aeter-
2070 5843 2111 5908 10,
