4800 6659
917 550 970 606 DE
987 547 1109 606 SAORO
1127 548 1327 607 BAP'I'ISMO.
1913 559 1973 616 ³79

284 708 357 761 Deus
375 707 453 762 solies
470 708 545 762 11111
564 709 654 762 corda
672 707 796 774 filiorum
813 706 961 775 bominum,
981 709 1006 760 2.
1017 703 1110 760 Paral.
1139 710 1332 777 susceptorum
1362 705 1421 761 sive
1450 705 1622 777 patrinorum
1655 706 1684 760 in
1711 705 1851 777 baptismo
1879 721 1933 761 uec
1957 721 1975 759 a

283 799 307 859 6,
331 811 356 849 v.
377 799 419 848 30.
455 793 521 863 Ipse
543 796 610 863 scit,
638 794 710 864 quid
732 794 769 847 sit
794 794 824 847 in
851 793 973 860 bomine,
999 789 1063 853 Joh.
1087 795 1112 859 2,
1138 788 1249 846 Christo
1266 791 1409 847 institutus
1428 809 1480 848 nec
1499 793 1536 849 ab
1552 791 1684 864 apostolis
1701 791 1858 861 adhibitus,
1876 793 1974 848 sedab

282 897 305 934 v.
335 884 386 934 25.
425 878 531 934 Demus
560 897 627 951 ergo
656 879 748 935 verbis
778 881 838 950 ejus
867 879 941 932 hunc
972 877 1111 944 honorem,
1139 877 1428 933 eeclesiaChristiana
1446 884 1560 949 propter
1577 895 1676 934 causas
1693 895 1744 934 suo
1762 879 2082 950 loooexponen·1x.mo,
2138 886 2141 894 ⁴

282 970 310 1018 ut
343 965 503 1020 testimonio
538 967 600 1035 eJ'us
633 966 668 1020 de
698 964 837 1020 infantum
865 963 921 1018 fide
950 962 1033 1018 fidem
1063 961 1111 1016 ha·
1139 962 1189 1016 das
1215 963 1288 1018 bono
1313 965 1428 1020 consilio
1452 965 1635 1022 introductus.
1669 966 1734 1023 Jam
1760 982 1826 1020 vero
1843 982 1876 1020 ex
1896 965 1973 1020 insti-

281 1051 400 1107 beamus.
1139 1053 1200 1103 tuto
1221 1050 1342 1119 quodam
1355 1051 1490 1106 ecclesiae
1510 1057 1777 1122 contraexpressnm
1790 1051 1844 1106 Dei
1855 1052 1972 1109 verbum

235 1134 272 1173 ¹¹⁸²·
313 1142 372 1190 231.
409 1141 434 1192 4.
453 1138 587 1201 Infantes
605 1144 632 1190 et
650 1136 725 1193 :iocis
744 1136 854 1204 civiate
870 1142 897 1189 et
916 1134 1036 1189 motibus
1052 1151 1110 1187 cor·
1139 1132 1209 1187 nihil
1233 1142 1325 1205 potest
1348 1138 1485 1195 concludi.
1521 1146 1546 1195 4.
1565 1139 1746 1210 susceptores
1771 1139 1824 1193 hoc
1842 1155 1973 1208 responso

235 1187 358 1292 :qn-poris
385 1224 560 1277 reluctantur
582 1231 608 1277 ct
631 1224 794 1292 obstrepunt
811 1222 958 1290 baptismo.
996 1220 1031 1274 Si
1047 1236 1113 1286 erpo
1140 1219 1316 1276 manifestum
1341 1222 1460 1287 faciunt,
1484 1224 1512 1278 iu
1538 1226 1619 1295 cujus
1643 1241 1744 1280 nomen
1762 1224 1854 1278 infans
1872 1224 1908 1277 sit
1925 1224 1973 1277 ba·

235 1299 272 1329 Μ
282 1311 426 1363 crederent
443 1317 470 1362 ct
484 1327 547 1364 uere
557 1310 754 1378 inteilipcrent,
774 1309 845 1378 quid
856 1309 944 1377 fimet,
962 1307 1008 1360 rei
1013 1308 1114 1376 fierem
1140 1306 1302 1376 ptizandus,
1328 1307 1374 1364 cui
1405 1308 1489 1365 fidem
1517 1309 1565 1365 det
1587 1311 1616 1364 in
1642 1310 1780 1381 baptismo
1805 1314 1858 1364 etc.
1900 1309 1974 1372 Quin

282 1396 399 1462 inpentis
417 1396 572 1465 sacrilepii,
590 1412 640 1449 nec
658 1396 847 1462 abluerentur,
865 1392 1122 1447 sccisordidaren·⁴
1140 1390 1224 1444 etiem
1252 1410 1303 1462 per
1329 1410 1425 1464 preces
1451 1413 1515 1449 suas
1543 1395 1677 1451 infantem
1706 1396 1817 1451 Christo
1845 1395 1974 1459 offerunt,

281 1488 330 1534 tur.
371 1481 599 1551 Respondemus:
626 1487 649 1538 1.
675 1480 852 1551 Augustinus
882 1479 962 1548 epist.
990 1484 1031 1532 57.
1061 1475 1113 1530 boc
1140 1475 1186 1545 qui
1207 1493 1258 1546 per
1275 1477 1443 1550 baptismum
1460 1498 1523 1535 eum
1540 1487 1702 1552 regenerat,
1720 1480 1776 1535 fide
1795 1480 1908 1552 propria
1927 1481 1974 1535 do-

282 1572 443 1637 argumento
469 1566 572 1635 utitem,
600 1570 632 1619 ut
655 1566 769 1637 probet,
796 1566 916 1621 infantes
936 1581 992 1619 uon
1009 1562 1113 1617 habere
1140 1567 1190 1616 nat
1214 1567 1243 1617 11
1266 1564 1294 1618 in
1321 1565 1420 1621 foedus
1446 1567 1500 1622 Dei
1518 1568 1554 1622 ad
1573 1568 1690 1622 salutem
1708 1574 1849 1622 aeternam
1868 1566 1974 1637 recipit.

282 1669 390 1706 sensum
407 1651 491 1719 fidei,
511 1668 563 1705 nec
581 1651 653 1706 scire
671 1644 778 1720 divina,
797 1652 871 1722 quod
890 1650 972 1706 nobis
989 1666 1045 1704 non
1065 1648 1112 1702 ad·
1141 1654 1165 1703 b.
1192 1648 1276 1705 Adde
1308 1652 1384 1722 quod
1415 1653 1529 1724 quidam
1562 1671 1597 1708 ex
1622 1653 1791 1710 calvinianis
1819 1653 1975 1724 improbent

283 1745 419 1801 vomatur,
441 1720 689 1808 quilnequnqusm
714 1737 812 1801 talem,
837 1737 891 1791 hoc
916 1741 960 1791 est
986 1741 1043 1789 tam
1069 1750 1114 1788 11·
1141 1733 1209 1790 baso
1227 1735 1400 1808 interrogata
1419 1746 1448 1795 et
1464 1756 1598 1810 responsa
1613 1746 1812 1810 susceptorum.
1843 1738 1888 1794 Sic
1901 1739 1973 1793 enim

284 1822 413 1892 plicatam
432 1831 461 1879 ot
478 1823 636 1879 sensibilem
653 1822 744 1890 tidem,
763 1824 874 1894 qualem
892 1821 980 1876 adulti
1000 1820 1114 1888 habent,
1141 1820 1238 1877 scribit
1262 1822 1416 1879 Chassanio
1441 1825 1489 1880 lib.
1510 1830 1535 1881 2.
1561 1826 1613 1882 loc.
1636 1841 1735 1881 comm.
1758 1831 1843 1881 143.
1866 1833 1932 1881 sset
1953 1834 1974 1881 1.

282 1907 432 1963 infantibus
457 1908 612 1964 tribuimus.
648 1914 671 1964 2.
691 1907 747 1964 Sed
770 1925 827 1963 nou
852 1914 944 1979 potest
961 1923 1013 1962 neo
1032 1906 1116 1962 debet
1141 1924 1168 1977 p.
1194 1912 1258 1963 283:
1286 1910 1499 1966 Perrislicutum
1523 1921 1578 1977 cst,
1602 1915 1680 1980 quod
1697 1914 1733 1965 ab
1752 1913 1862 1966 asabis
1879 1913 1909 1965 in
1927 1914 1974 1965 ba·

282 2011 311 2048 11
329 2011 362 2049 11
383 1995 493 2063 deduci,
510 1997 585 2066 quod
603 1995 723 2050 infantes
741 1995 825 2066 plane
842 2000 955 2049 careant
967 1994 1032 2059 tide,
1050 2010 1113 2048 cum
1136 1993 1243 2060 ptismo
1256 1996 1473 2064 postulabatur,
1501 1998 1534 2051 id
1550 1998 1587 2051 ab
1605 1999 1764 2065 insontibus
1782 1999 1904 2067 ccipere,
1922 1999 1975 2052 sci-

282 2080 425 2152 Scriptura
444 2097 573 2150 expresse
593 2081 648 2135 illis
669 2081 775 2136 tribuat
793 2079 890 2150 fidem,
914 2087 1114 2150 contraquam
1141 2078 1207 2132 licet
1233 2088 1265 2134 ut
1292 2083 1329 2135 dc
1351 2082 1413 2151 fide
1435 2101 1487 2136 aaa
1509 2083 1605 2150 rasati
1627 2085 1831 2152 respondeant,
1860 2102 1922 2136 nim
1940 2100 1974 2136 ne

285 2167 374 2222 nullae
400 2167 516 2222 rationis
545 2167 672 2239 argutiae
697 2167 821 2222 exaudiri
847 2165 958 2221 debent.
994 2171 1018 2221 3.
1037 2165 1114 2220 Chri·
1141 2165 1253 2232 quiriem
1266 2167 1361 2233 sandi
1378 2168 1546 2232 [acritatem
1562 2168 1689 2222 babeant.
1716 2168 1975 2223 Β111111111141.

285 2258 346 2320 stus,
365 2253 414 2324 qui
432 2253 539 2309 ratione
556 2253 730 2309 substantias
747 2253 838 2307 earnis
855 2258 884 2306 et
900 2251 1050 2307 effectuum
1067 2268 1115 2306 no·
1141 2267 1168 2319 p.
1182 2255 1248 2306 634:
1270 2251 1354 2306 Illud
1364 2254 1478 2308 11111111
1497 2256 1599 2322 credo,·
1619 2256 1820 2308 abrenuntiasi
1839 2255 1976 2308 amenum·

285 2337 323 2392 bis
342 2339 443 2394 similis
462 2339 554 2394 tactus
574 2338 660 2394 Hebr.
680 2344 704 2406 2,
722 2356 748 2392 v.
771 2345 811 2394 17.
846 2337 967 2392 naturali
994 2337 1114 2409 quodam
1142 2336 1194 2405 tio,
1225 2338 1260 2389 ab
1290 2339 1463 2418 minutorum·
1484 2340 1622 2408 baptismo
1649 2342 1691 2394 ad
1713 2341 1975 2409 paedabaptismum

285 2441 361 2479 sensu
381 2425 491 2479 dolores
508 2424 680 2496 refugiebat,
699 2426 789 2479 Pater
807 2423 920 2494 (inquit)
937 2423 964 2488 si
979 2423 1115 2492 possibile
1138 2438 1300 2490 perperam,
1318 2425 1346 2477 si
1362 2425 1439 2494 ipsos
1458 2426 1587 2493 infantes
1603 2434 1718 2498 specics,
1735 2426 1908 2480 translatum
1926 2433 1974 2479 eet.

286 2518 334 2574 est,
361 2519 489 2564 transcat
515 2530 534 2564 a
561 2527 604 2564 mc
632 2511 708 2564 catu
734 2510 787 2564 istc
816 2507 915 2563 Matth.
943 2513 988 2578 26,
1017 2525 1044 2565 v.
1072 2515 1113 2565 33.
1142 2506 1287 2572 Quomodo
1315 2510 1401 2581 igitur
1429 2527 1464 2565 ex
1489 2512 1645 2575 ceremonia
1664 2511 1865 2581 ecclesiastica,
1892 2528 1975 2582 quem

284 2598 383 2667 Aspice
401 2612 466 2651 eum
483 2597 659 2667 provolutum
677 2597 707 2650 in
724 2599 878 2665 conspectu
890 2594 944 2648 Dei
964 2610 998 2649 ac
1017 2593 1115 2649 misere
1141 2593 1253 2664 ipsimet
1270 2596 1437 2666 improbant,
1456 2603 1553 2652 111111
1571 2616 1621 2655 nos
1640 2599 1828 2670 argumentari
1839 2596 1976 2669 possunt?

284 2682 481 2754 querulantem,
499 2699 551 2737 neo
567 2683 627 2736 ulla
637 2681 762 2736 veritatis
773 2681 866 2751 specie
881 2696 984 2751 negare
1003 2679 1115 2749 poteris,
1141 2680 1308 2735 ”Ceterum
1330 2683 1557 2752 quod'infantcs
1581 2687 1782 2739 credant'untc
1801 2684 1976 2754 baptismum,

285 2769 422 2824 Christum
444 2786 509 2823 vere
532 2768 635 2824 sentire
658 2768 765 2822 dolores
783 2767 879 2821 mortis
898 2771 927 2821 et
944 2765 1058 2831 inferni,
1082 2782 1115 2821 ac
1142 2773 1279 2822 conantur
1302 2768 1390 2842 aliqui
1419 2785 1453 2824 ox
1477 2787 1510 2825 co
1534 2769 1661 2840 probare.
1696 2776 1720 2824 1.
1739 2770 1843 2824 Preces
1864 2769 1977 2842 piarum

284 2857 401 2926 graviter
419 2855 455 2911 ob
474 2872 520 2911 eos
539 2854 686 2925 conqueri,
711 2852 785 2908 absit
802 2868 868 2908 vero
888 2858 921 2907 ut
938 2852 1114 2923 sacrilegium
1141 2871 1198 2906 non
1215 2862 1280 2907 sunt
1298 2855 1398 2909 irritae
1416 2856 1546 2926 inprimis
1563 2857 1593 2910 in
1612 2874 1700 2911 carisa
1718 2856 1822 2911 salutis
1835 2863 1975 2911 astemus.

283 2949 426 3013 propterea
450 2940 575 2996 Christro
598 2939 761 2994 tribuamus.
797 2946 820 2994 1.
845 2937 972 2994 Infantes
998 2939 1115 2995 circum·
1142 2939 1233 3008 Atqui
1248 2940 1297 3009 pii
1310 2949 1424 3010 petunt,
1441 2949 1505 2995 ante
1523 2942 1690 3011 baptismum
1709 2943 1834 3007 intentes
1845 2945 1909 3011 fide
1926 2944 1976 2995 do·

284 3028 328 3081 eisi
364 3033 511 3082 sensenmt
548 3026 669 3081 dolorem
704 3025 913 3081 acerbissimum
940 3043 974 3080 ae
1003 3032 1116 3097 propter
1142 3026 1218 3083 nari.
1258 3025 1482 3096 Respondemus:
1516 3032 1538 3083 1.
1564 3043 1661 3097 preces
1687 3016 1875 3083 instituendae
1895 3028 1977 3098 juxta
2002 3021 2008 3026 ’

284 3132 342 3168 eum
366 3114 494 3169 1111111111
517 3119 582 3168 sunt
603 3111 819 3180 circumcisioni,
847 3111 934 3166 nihilo
952 3119 1046 3166 tamen
1065 3111 1114 3165 mi-
1142 3110 1195 3165 Dei
1219 3110 1390 3166 voluntatem
1418 3117 1440 3168 1.
1458 3111 1524 3170 Joh.
1542 3118 1572 3181 5,
1596 3130 1622 3166 v.
1643 3118 1682 3169 13.
1706 3112 1819 3168 1111111
1838 3111 1975 3181 voluutas,

284 3217 331 3254 uus
344 3199 522 3255 circumcisio
542 3198 610 3270 ipsis
631 3203 692 3253 erat
707 3199 883 3268 nanucutum
900 3198 1117 3266 juuniaefidci
1142 3197 1217 3269 quod
1234 3197 1312 3252 Deus
1339 3214 1434 3254 omnes
1458 3203 1487 3253 et
1510 3199 1634 3271 singulos
1658 3199 1779 3254 infames
1807 3198 1836 3253 in
1859 3199 1978 3254 ecelesia

283 3271 357 3342 Rom.
377 3293 408 3356 4,
434 3303 460 3339 v.
482 3290 521 3340 11.
558 3291 582 3339 5.
608 3283 636 3338 si
663 3289 753 3337 motus
776 3282 817 3336 illi
839 3283 1008 3338 reluctantes
1027 3283 1056 3337 in
1074 3283 1115 3337 in·
1141 3290 1222 3339 natos
1260 3289 1326 3339 ante
1357 3283 1527 3355 baptismum
1554 3292 1717 3356 perceptum
1742 3284 1839 3340 fideles
1866 3283 1977 3340 efficere

284 3370 405 3426 lantibus
430 3370 585 3441 impediunt
608 3368 707 3447 fidem,
731 3368 885 3439 impedient
901 3369 985 3425 etiam
1002 3384 1116 3440 regeno-
1142 3370 1211 3425 velit
1232 3370 1362 3441 nuspiam
1387 3371 1417 3424 in
1434 3370 1584 3442 Scripturis
1604 3371 1741 3440 revelata:
1769 3375 1793 3427 2.
1812 3387 1909 3440 prsoes
1933 3388 1977 3425 ec·

284 3460 428 3526 rationem,
453 3473 487 3511 ex
514 3471 569 3527 quo
587 3471 759 3526 consequens
778 3455 845 3518 erit,
872 3452 1042 3525 baptismum
1060 3472 1116 3509 non
1143 3455 1245 3512 olesiae
1262 3473 1295 3511 eo
1312 3461 1455 3527 spectant,
1478 3463 1511 3510 ut
1528 3455 1606 3512 Deus
1623 3458 1653 3511 in
1669 3455 1823 3511 infantibus
1840 3473 1891 3527 per
1906 3457 1976 3512 ordi·

284 3545 399 3615 amplius
418 3560 479 3598 esse
497 3543 645 3596 lauacmim
662 3540 893 3609 regenerationis,
927 3541 982 3595 Tit.
1002 3547 1026 3606 3,
1044 3560 1071 3596 v.
1091 3549 1116 3598 5.
1142 3540 1252 3596 nerium
1274 3542 1492 3614 regenerationis
1513 3542 1636 3596 medium
1661 3541 1791 3597 videlicet
1806 3560 1857 3612 pcr
1875 3542 1978 3614 baptis-

284 3636 306 3687 6.
323 3629 399 3696 Quid
423 3645 489 3684 vero
508 3628 630 3682 dicemus
650 3625 686 3681 de
704 3632 791 3680 morte
809 3626 940 3694 hominis,
965 3643 1049 3696 quam
1067 3645 1116 3682 na·
1143 3645 1218 3682 mum
1237 3626 1321 3684 fidem
1340 3629 1456 3695 excitet:
1475 3629 1498 3684 si
1517 3646 1582 3685 voro
1596 3628 1736 3700 baptismo
1754 3629 1905 3700 prirentur,
1922 3645 1977 3683 non
2032 3686 2036 3689 Δ

282 3724 342 3772 tnra
367 3721 479 3770 nostme
505 3714 597 3770 carnis
619 3731 674 3768 non
696 3720 788 3784 potest
805 3731 861 3768 non
877 3715 1018 3770 eversari?
1058 3715 1116 3769 Au·
1143 3714 1316 3783 dubitamus,
1345 3715 1413 3786 quin
1431 3714 1508 3769 Deus
1534 3734 1584 3786 per
1609 3732 1707 3787 preces
1730 3716 1840 3787 piorum
1858 3715 1888 3770 iu
1906 3717 1977 3787 ejus-

282 3803 409 3874 gnstinus
433 3808 467 3855 tr.
489 3807 544 3857 113.
570 3802 598 3855 in
618 3800 697 3856 lob:
724 3801 850 3870 Affectus
868 3800 919 3855 ille
936 3802 1117 3872 ieiunitatis,
1143 3799 1219 3855 modi
1244 3799 1398 3855 infantibus
1421 3799 1504 3856 fidem
1522 3802 1631 3872 operari
1650 3809 1741 3873 queat
1777 3805 1804 3857 2.
1820 3803 1977 3871 Propatres

282 3908 335 3960 qua
364 3906 446 3944 nemo
470 3888 530 3942 cult
559 3887 644 3952 mori,
676 3903 763 3955 sisque
792 3889 865 3941 asico
893 3888 1038 3943 naturalis
1068 3897 1117 3958 est,
1143 3895 1209 3940 ente
1222 3887 1354 3956 baptismi
1365 3886 1574 3957 perceptionem
1585 3889 1756 3956 respondent
1767 3888 1829 3942 loco
1841 3886 1979 3954 infantis:

282 3985 311 4030 ut
334 3994 397 4029 cum
417 3975 503 4028 Petro
525 3990 575 4027 nec
593 3981 719 4026 senectia
737 3973 854 4039 aufere
870 3975 1013 4045 potuerit,
1039 3993 1117 4030 uum·
1144 3971 1241 4028 Credo.
1277 3972 1500 4043 Respondemus:
1533 3979 1555 4026 1.
1575 3977 1770 4044 argumentum
1799 3978 1842 4028 cet
1868 3972 1976 4025 desum·

283 4061 349 4133 qnid
367 4075 434 4116 vero
452 4063 481 4113 et
497 4065 563 4113 tuno
582 4064 673 4114 cessat
691 4057 761 4113 fides
779 4056 893 4112 nostra?
912 4057 993 4114 absit
1143 4064 1205 4113 tum
1228 4075 1246 4112 a
1269 4059 1470 4113 consuetudins
1487 4057 1648 4113 humanitus
1666 4059 1834 4115 introducta.
1869 4056 1912 4110 Ex
1929 4055 1978 4110 ba-

235 4166 254 4196 r-
317 4152 376 4202 232.
419 4151 445 4199 5.
467 4141 613 4214 Ἀναδόχοι
641 4145 699 4198 siue
724 4152 880 4214 propatruo
908 4147 1044 4213 quaesiti:
1071 4149 1119 4200 An
1143 4143 1246 4213 ptismo
1260 4143 1417 4198 adultorum
1429 4149 1628 4199 transsumtum
1640 4149 1689 4199 est.
1716 4141 1979 4198 2.Lioetiormain·

235 4219 270 4304 L,
284 4234 384 4302 infans
402 4232 500 4284 credat
516 4231 549 4284 in
561 4231 654 4284 Dcum
667 4232 791 4299 Patrem,
809 4229 916 4284 Filium
936 4239 962 4284 ct
980 4232 1119 4301 Spiritum
1144 4230 1305 4303 terrogandi
1318 4230 1347 4285 in
1357 4231 1496 4302 praesenti
1510 4231 1546 4285 sit
1557 4230 1683 4296 formata,
1694 4229 1873 4286 nihilominus
1887 4235 1980 4284 tamen

284 4319 432 4373 sanctum!
451 4335 508 4387 pro
533 4317 647 4383 infante
663 4318 832 4387 respoudeat
851 4316 1004 4385 affirmate.
1039 4318 1118 4387 Erpa
1145 4335 1199 4371 non
1223 4315 1413 4388 significatur,
1439 4317 1507 4387 quid
1532 4321 1597 4373 ante
1620 4317 1751 4387 baptismi
1766 4317 1903 4372 actionem
1921 4315 1980 4384 fiat,

235 4425 257 4456 m
283 4407 409 4472 infantes
432 4404 611 4472 baptizantur
635 4403 665 4456 in
691 4404 777 4468 fidem
802 4402 937 4456 ecclesiae
962 4421 997 4457 cc
1011 4422 1119 4474 propa
1145 4404 1195 4458 sed
1221 4409 1329 4459 tantum
1356 4404 1431 4475 quod
1459 4403 1580 4460 infantes
1609 4405 1638 4458 in
1661 4404 1722 4474 ipso
1747 4403 1879 4475 baptismi
1905 4409 1979 4468 actu,

235 4476 258 4505 '⁰‘
284 4501 366 4547 tinem.
401 4490 627 4562 Respondemus:
660 4497 682 4545 1.
700 4488 867 4544 Invertimus
892 4489 945 4543 hoc
970 4506 1119 4561 argumen-
1146 4492 1193 4561 qui
1229 4507 1293 4544 mox
1332 4490 1525 4562 subsequitur,
1563 4491 1678 4547 credaut
1715 4497 1744 4546 et
1774 4496 1979 4562 regenerentur.

283 4586 351 4633 tum.
382 4575 412 4633 Si
431 4574 505 4631 enim
524 4575 653 4643 infantes,
670 4574 718 4646 qui
737 4574 925 4646 baptizantur,
941 4592 997 4630 non
1015 4576 1120 4632 habent
1146 4578 1172 4631 3.
1195 4576 1336 4630 Lutberus
1363 4577 1393 4630 in
1414 4584 1489 4646 post.
1515 4578 1708 4634 1111111111.
1735 4580 1762 4630 3.
1786 4585 1852 4645 post
1876 4578 1980 4643 festum

283 4662 381 4732 fidem,
408 4662 553 4733 quidest,
582 4661 657 4731 quod
679 4659 826 4730 baptisans
845 4661 1007 4715 nominatim
1023 4663 1060 4719 ab
1078 4663 1119 4718 in-
1146 4662 1252 4732 Epipb.
1271 4663 1378 4732 statuit,
1396 4662 1523 4727 infantes
1540 4679 1632 4717 secum
1649 4664 1752 4732 affmc
1769 4664 1855 4727 fidem
1873 4665 1915 4716 ud
1933 4663 1980 4715 ba—

283 4748 357 4804 lante
382 4748 492 4819 quaerit
517 4752 545 4802 et
566 4752 713 4817 susceptor
730 4746 817 4817 ipsius
835 4747 946 4801 nomine
962 4749 1119 4819 respondet,
1140 4749 1284 4818 ptismum.
1301 4748 1524 4819 Respondemus:
1546 4754 1568 4805 1.
1579 4746 1903 4820 disputatexhypotbesi
1915 4763 1979 4800 con·

282 4836 356 4906 quod
375 4833 492 4888 eredat?
518 4832 549 4889 Si
563 4831 633 4887 haec
654 4838 720 4886 sunt
737 4849 809 4886 vana
827 4837 936 4887 tantm
954 4839 1120 4903 spectacula,
1144 4839 1188 4888 tra
1208 4833 1382 4899 Pontificios,
1403 4834 1451 4905 qui
1469 4834 1590 4888 infantes
1610 4833 1639 4886 in
1658 4832 1743 4888 fidem
1763 4833 1896 4890 ecclesiae
1915 4832 1978 4887 abs·

283 4920 422 4991 quomodo
446 4917 550 4973 talibus
574 4895 701 4972 ludibriis
719 4917 797 4971 Deus
816 4918 852 4973 ad
871 4918 1044 4973 iracundiam
1062 4936 1118 4972 non
1145 4937 1200 4991 que
1219 4920 1330 4991 propria
1347 4919 1402 4974 fide
1420 4918 1556 4989 baptizari
1575 4918 1727 4985 docebant,
1744 4920 1794 4974 hos
1811 4935 1846 4975 ex
1859 4917 1979 4989 propriis

282 5005 470 5076 provocatur?
490 5002 666 5076 Augustinus
689 5002 738 5059 lib.
762 5008 784 5057 1.
804 5003 839 5058 dc
857 5009 963 5074 peceat.
982 5005 1070 5060 merit.
1090 5010 1119 5060 et
1145 5005 1297 5076 principiis,
1318 5004 1443 5076 inprimis
1461 5022 1495 5059 ex
1511 5005 1564 5058 hac
1581 5003 1702 5060 formula
1718 5003 1909 5076 interrogandi
1921 5020 1979 5059 cre·

283 5093 442 5148 remissione
468 5107 492 5147 c.
510 5097 555 5147 33:
589 5090 642 5144 Ubi
666 5108 732 5160 erpo
757 5091 895 5159 paruulos
914 5091 1048 5161 ponimus
1072 5093 1120 5145 ba-
1145 5091 1224 5144 disne
1251 5090 1379 5146 confutat
1401 5090 1586 5160 ostendendo,
1611 5091 1635 5146 si
1660 5092 1690 5146 in
1705 5090 1837 5161 baptismi
1856 5098 1921 5144 actu
1940 5089 1980 5142 in·

280 5180 402 5248 pticatos
426 5178 484 5231 nisi
508 5178 583 5231 inter
603 5176 723 5244 fideles!
747 5176 819 5229 sicut
846 5177 993 5230 uniuersae
1019 5178 1119 5246 ubique
1143 5176 1207 5231 fans
1231 5193 1345 5255 prorsus
1369 5183 1464 5233 careat
1489 5177 1601 5248 propria
1618 5177 1688 5247 lide,
1711 5177 1781 5232 falso
1797 5175 1921 5247 patrinos
1939 5175 1979 5231 iu-

284 5265 418 5318 ecclesias
449 5264 554 5318 clamat
579 5261 743 5316 auctoritas.
781 5263 862 5332 Erpa
888 5263 961 5316 inter
979 5280 1042 5332 cos,
1070 5266 1120 5334 qui
1143 5262 1228 5317 fantis
1254 5263 1366 5320 nomine
1391 5262 1570 5335 respondere,
1602 5263 1677 5335 quod
1699 5263 1804 5318 eredat.
1847 5269 1871 5318 2.
1890 5263 1981 5333 Urget

284 5352 477 5414 crastiua-unt,
498 5350 550 5403 boc
575 5350 648 5402 enim
672 5348 713 5402 cis
736 5347 897 5418 acquiritur
916 5366 972 5418 per
990 5350 1117 5404 virtutem
1145 5349 1257 5421 quidem
1279 5349 1431 5415 Lutherus,
1456 5348 1540 5404 fidem
1565 5347 1719 5405 infantibus
1737 5365 1788 5419 per
1807 5347 1979 5419 111111ρί1-

283 5435 457 5490 sucrumenti
482 5443 508 5488 ct
539 5434 715 5506 offerentium
743 5435 957 5504 responsionem.
1003 5440 1027 5492 2.
1054 5435 1118 5492 Sus·
1144 5453 1205 5491 rum
1227 5434 1360 5501 conferri,
1385 5436 1434 5492 sed
1462 5436 1538 5508 quod
1562 5436 1614 5492 hoc
1639 5451 1748 5505 semper
1774 5439 1803 5489 et
1827 5435 1981 5490 necessario

284 5530 409 5592 ceptores
429 5521 515 5592 igitur
532 5524 677 5592 repetunt,
700 5521 775 5591 quod
792 5519 918 5575 Christus
937 5526 1070 5592 tanquam
1088 5540 1119 5576 os
1144 5527 1209 5575 ante
1231 5521 1362 5592 baptismi
1381 5527 1476 5577 actum
1495 5521 1560 5588 liat,
1582 5537 1785 5591 nonexpresse
1804 5520 1981 5587 determinat,
2041 5528 2051 5539 '

286 5608 423 5662 infantum
446 5623 496 5676 pro
520 5606 587 5678 ipsis
608 5606 635 5659 in
653 5605 797 5678 evangelio
816 5613 935 5661 testatus
956 5614 1012 5677 est,
1040 5609 1119 5662 nimi·
1143 5607 1193 5661 sed
1212 5607 1305 5678 potius
1323 5608 1469 5680 adipsum
1489 5607 1618 5680 baptismi
1636 5611 1730 5661 aetum
1747 5607 1858 5678 proprie
1878 5605 1918 5660 sic
1941 5605 1981 5659 di-

284 5712 343 5747 rum
360 5692 492 5763 parrulos
510 5692 630 5762 credere,
647 5692 758 5747 illorum
777 5709 838 5748 esse
849 5709 967 5765 regnum
979 5694 1118 5750 coelorum
1143 5700 1219 5748 ctum
1235 5693 1328 5752 refert.
1373 5702 1397 5750 3.
1415 5695 1507 5761 Quare
1531 5699 1628 5749 eontra
1647 5693 1814 5750 Waldenses
1832 5693 1981 5763 disputans

285 5786 312 5835 et
335 5779 446 5834 adultos
473 5778 573 5833 debere
599 5777 703 5833 similes
729 5777 802 5832 effici
826 5779 959 5848 parvulis.
999 5785 1023 5834 3.
1043 5779 1118 5834 Usus
1142 5780 1182 5834 sic
1204 5780 1358 5835 concludit:
1399 5783 1551 5835 Necessum
1574 5788 1626 5848 cst,
1649 5788 1679 5832 ut
1701 5781 1774 5848 fidas
1793 5781 1821 5833 si
1836 5798 1892 5832 non
1917 5786 1983 5832 unte
