4800 6659
930 514 983 570 DE
1001 513 1123 572 BAOBO
1141 512 1344 570 BAPTISMO.
1920 523 1981 579 275

289 673 396 737 purast,
415 668 453 720 sit
472 666 596 723 minister
612 669 755 738 ecclesiae,
769 669 887 740 proinde
899 671 1056 725 necessitati
1069 671 1122 724 hac
1150 668 1249 724 habuit
1270 668 1504 724 circumcisionem
1530 687 1564 724 ex
1585 669 1718 724 iracundo
1738 673 1766 723 ct
1783 667 1870 723 invito
1889 668 1981 722 animo

229 752 316 806 struis
341 760 424 822 parte
451 754 526 809 cedit
544 755 619 810 ordo.
654 755 820 825 Excipiunt,
845 757 893 827 qui
911 757 992 811 nobis
1010 755 1056 810 hic
1075 756 1123 811 ad·
1149 755 1316 823 profectam,
1342 762 1446 826 quanto
1467 754 1554 825 magis
1573 762 1662 808 ratum
1681 752 1795 809 habebit
1812 753 1981 825 baptismum

229 820 275 899 ff
286 845 445 906 1111111101,
468 841 597 894 uirtutem
628 841 754 894 divinam
779 843 966 910 reperierandi
987 862 1041 896 non
1066 860 1124 896 csse
1150 840 1178 894 in
1197 857 1263 895 vera
1279 842 1381 912 pietate
1399 860 1433 897 ac
1451 841 1506 896 fide
1525 841 1624 896 devota
1641 840 1870 895 administratum.
1902 837 1981 902 Quod

284 933 464 978 mamerto
497 927 629 996 baptismi
652 929 815 996 altipatam,
848 947 909 982 cum
935 932 1015 982 Deus
1039 929 1123 981 etiam
1150 928 1185 981 de
1209 927 1277 982 11011
1304 927 1496 997 singularitate
1525 927 1651 993 additur,
1673 926 1798 996 exemplo
1816 926 1982 981 feminarum

284 1011 389 1080 111οφ11
418 1012 553 1081 baptismo
578 1014 671 1082 possit
693 1015 830 1068 bominem
854 1032 1029 1081 regenerare.
1070 1015 1123 1070 Re-
1150 1013 1179 1066 in
1196 1013 1428 1068 Maccahaeorum
1446 1013 1560 1067 historia
1577 1012 1723 1075 refellitur,
1750 1030 1783 1067 ex
1805 1029 1859 1082 quo
1878 1012 1982 1083 colligi·

284 1098 469 1168 spondemus:
499 1100 691 1155 necessitatem
720 1101 766 1154 hic
796 1101 975 1171 intelligimus
1001 1118 1056 1156 non
1081 1118 1122 1155 re·
1149 1116 1224 1167 mus,
1243 1100 1291 1153 ubi
1310 1100 1407 1153 similis
1427 1116 1507 1154 casus
1525 1099 1710 1162 necessitatis,
1728 1098 1767 1151 ibi
1785 1115 1879 1168 parem
1900 1099 1983 1151 ratio·

284 1192 384 1254 spectu
408 1183 478 1248 Dei,
513 1185 562 1239 sed
592 1194 720 1255 respectu
748 1188 842 1242 nostri.
886 1188 1019 1253 Quamvis
1048 1187 1122 1241 enim
1149 1202 1213 1239 nem
1232 1186 1366 1241 obtinere.
1403 1192 1426 1240 1.
1446 1186 1503 1239 Alii
1522 1185 1575 1241 hac
1593 1192 1710 1241 utuntur
1727 1185 1904 1254 exceptione,
1925 1186 2088 1238 dis-aem

283 1270 364 1325 Deus
380 1289 437 1326 non
455 1270 494 1325 ita
511 1272 547 1325 sit
566 1273 697 1344 alligatus
715 1272 780 1328 hnic
800 1281 989 1343 sacramento,
1016 1274 1121 1344 quemi·
1145 1289 1247 1339 parem
1275 1290 1336 1325 aare
1365 1273 1585 1326 circumcisionis
1620 1281 1645 1326 et
1678 1273 1809 1340 baptismi
1836 1273 1983 1340 rationem,
1996 1251 2111 1341 ffssssss'ffi

284 1375 337 1413 nus
358 1359 442 1414 ctiam
460 1359 530 1413 citra
549 1360 619 1414 illud
639 1362 667 1414 in
687 1379 753 1416 casu
774 1361 945 1416 necessitatis
957 1377 1122 1432 regenerare
1149 1376 1211 1410 cum
1237 1360 1273 1411 de
1303 1360 1356 1412 illa
1383 1360 1491 1412 nultum
1514 1367 1597 1411 castet
1619 1360 1796 1425 scandatum,
1823 1377 1842 1410 a
1860 1375 1914 1426 quo
1931 1361 1984 1411 ad·
1997 1355 2095 1446 3333·

283 1445 390 1514 possit,
409 1450 442 1500 ut
459 1464 508 1501 suo
527 1445 587 1501 loco
606 1446 716 1516 plenius
736 1447 909 1516 docebimus3
930 1448 1010 1503 nobis
1028 1455 1122 1502 tamen
1149 1446 1308 1500 ministrari
1334 1449 1447 1511 debeat,
1477 1447 1561 1515 111111
1586 1463 1652 1499 cero
1676 1446 1860 1499 ministerium
1883 1447 1983 1499 iisdem
1996 1458 2032 1496 1x.
2047 1456 2079 1498 11.

283 1531 422 1585 incumbit
434 1533 583 1588 necessitas
602 1533 695 1589 divino
713 1534 845 1587 mandato
856 1534 891 1587 de
904 1533 1123 1587 administrando
1149 1525 1337 1596 commiserim,
1366 1533 1466 1600 quibus
1493 1541 1519 1585 et
1537 1533 1744 1600 praedicandi.
1753 1533 1887 1595 officium.
1929 1533 1983 1588 Rs·
1996 1509 2082 1610 1111ζῇ

284 1616 441 1688 baptimo,
468 1618 627 1691 ubicunque
656 1620 780 1689 ejusdem
806 1620 1002 1674 substantialis
1027 1619 1123 1674 haberi
1149 1618 1328 1687 spondemus:
1363 1617 1536 1673 circumcisio
1569 1619 1701 1672 mandata
1736 1623 1795 1673 erat
1824 1617 1984 1673 Abrahamo

284 1711 414 1774 ponunt,
445 1704 623 1775 obsequendi.
670 1706 766 1761 Verba
793 1704 896 1760 Christi
925 1710 990 1760 sunt
1021 1705 1123 1759 diserta
1150 1704 1221 1759 Gen.
1243 1710 1282 1769 11,
1298 1722 1324 1760 v.
1349 1710 1388 1759 11.
1424 1705 1472 1775 qui
1489 1704 1545 1757 fuir
1562 1706 1704 1773 propheta
1722 1706 1844 1758 Domini
1858 1704 1929 1759 Gen.
1943 1710 1985 1771 21),

285 1789 351 1847 Joh.
371 1796 400 1859 3,
424 1809 449 1846 v.
467 1799 497 1846 5:
521 1793 588 1845 Nisi
606 1793 669 1860 puis
686 1800 803 1845 renatus
819 1794 910 1855 fuerit
937 1810 970 1846 aa
993 1810 1069 1862 aqua
1095 1801 1122 1846 et
1150 1797 1221 1847 11.
1266 1791 1307 1844 Ex
1333 1808 1388 1862 quo
1413 1791 1596 1860 probabiliter
1614 1791 1787 1861 colligimus,
1812 1792 1985 1846 administra·

288 1875 408 1946 Spiritu,
425 1896 482 1931 non
496 1886 589 1948 potest
606 1880 714 1932 intrare
733 1897 849 1948 repnum
868 1878 934 1932 Dei.
1150 1878 1254 1933 tionem
1275 1877 1358 1948 hujus
1378 1878 1543 1933 sacramenti
1562 1894 1618 1931 una
1643 1896 1706 1932 cum
1724 1878 1786 1932 aliis
1807 1879 1986 1934 ecclesiastici
2060 1942 2063 1950 Ι

229 1976 272 2058 {do
321 1968 364 2018 34.
402 1963 1122 2035 1111οά111111111111,11111111111110011·
1152 1964 1272 2019 muneris
1294 1964 1421 2033 partibus
1445 1964 1600 2019 sacerdotio
1617 1964 1728 2019 levitico
1745 1973 1842 2034 postes
1861 1967 1985 2021 cessisse.

229 2079 257 2108 ιιι
286 2049 356 2118 pari.
404 2048 581 2105 Circumcisio
611 2058 728 2122 urgente
757 2053 921 2107 necessitate
952 2052 1045 2122 potuit
1075 2052 1121 2105 sd·
1151 2050 1224 2106 Vide
1255 2057 1336 2105 tract.
1365 2051 1401 2106 de
1429 2050 1582 2105 circumcis.
1616 2047 1645 2124 ξ.
1678 2057 1702 2105 9.
1733 2068 1784 2121 per
1811 2053 1885 2106 viros
1912 2053 1985 2107 ordi·

229 2122 807 2213 ιι]”,,,11111111111111111110111111111011111111111.
834 2139 910 2210 Ergo
922 2139 1004 2192 etium
1019 2138 1122 2208 baptis·
1150 2137 1227 2192 narie
1252 2137 1305 2192 hoc
1330 2144 1532 2193 sacramentum
1556 2138 1642 2193 tuisse
1665 2138 1886 2194 administratum
1906 2140 1985 2194 dubi·

229 2228 346 2316 :trmus
375 2224 406 2277 in
434 2224 469 2279 N.
487 2224 518 2280 Τ.
551 2232 668 2296 urgente
698 2226 863 2281 necessitate
893 2243 911 2280 a
940 2226 1054 2296 privatis
1074 2225 1122 2279 ad·
1151 2224 1204 2278 tari
1228 2223 1306 2278 nulls
1327 2224 1434 2278 ratione
1455 2229 1553 2294 potest.
1596 2224 1635 2279 Ut
1652 2242 1718 2294 crgo
1735 2225 1792 2280 illic
1810 2226 1839 2280 in
1857 2242 1924 2280 casu
1939 2244 1986 2281 ne·

229 2327 268 2370 111,
288 2309 436 2364 ministrari
453 2310 563 2381 poterit.
599 2311 707 2366 Paritas
725 2313 859 2382 probatur
874 2330 908 2367 ex
925 2328 970 2366 eo:
1010 2319 1032 2368 1.
1049 2311 1122 2374 Quia
1150 2310 1288 2365 cessitstis
1316 2312 1403 2380 major
1428 2310 1482 2364 suit
1509 2310 1605 2365 hahita
1621 2311 1692 2365 ratio
1715 2311 1878 2367 sacramenti
1901 2329 1985 2382 quam

287 2403 434 2469 atrumque
457 2403 499 2451 est
523 2397 686 2452 initiationis
708 2405 925 2468 sacramentum,
951 2399 1122 2454 circumcisio
1149 2398 1268 2466 ordinis,
1292 2397 1333 2451 its
1356 2413 1467 2468 quoque
1493 2396 1568 2451 circa
1590 2396 1757 2467 baptismum
1782 2399 1856 2452 idem
1873 2401 1985 2455 omnino

286 2482 359 2538 inv.
372 2483 528 2553 baptismus
540 2483 568 2535 in
580 2484 614 2539 N.
623 2485 656 2537 T.
688 2485 798 2548 2.Quia
816 2486 970 2556 baptismus
986 2485 1120 2540 inlocum
1149 2483 1289 2539 observari
1316 2483 1412 2551 debet,
1438 2482 1601 2553 pracsertim
1624 2500 1686 2538 cum
1709 2484 1737 2537 in
1765 2485 1798 2540 N.
1823 2485 1855 2538 T.
1873 2485 1984 2540 sublato

286 2568 499 2624 circumcisionis
519 2570 667 2639 successit,
693 2570 753 2630 Col.
771 2579 799 2636 2,
826 2589 851 2628 v.
873 2577 912 2627 11.
949 2577 972 2626 3.
992 2570 1065 2636 Quia
1090 2578 1122 2626 ut
1148 2569 1259 2625 levitico
1278 2585 1459 2640 personarum
1477 2570 1634 2626 discrimine
1653 2571 1908 2626 omnesctnistisni
1928 2573 1985 2627 sint

288 2654 321 2710 de
343 2655 551 2710 circumcisione
578 2655 681 2709 dicitur
704 2657 773 2712 Gen.
795 2664 842 2727 11,
864 2676 891 2714 v.
914 2664 952 2713 14.
994 2658 1123 2712 Masculi
1148 2658 1243 2724 rapula
1262 2658 1453 2711 sacerdotium
1476 2663 1498 2712 1.
1518 2658 1594 2714 Pctr.
1612 2662 1643 2725 2,
1663 2675 1690 2713 v.
1708 2664 1732 2713 9.
1758 2658 1846 2728 Apoc.
1869 2664 1891 2720 1,
1912 2676 1937 2714 v.
1957 2664 1982 2714 6.

286 2760 340 2795 non
363 2743 525 2795 circumcisi
549 2741 646 2793 anima
672 2744 864 2798 eradicabitur
890 2761 905 2798 e
924 2745 1122 2814 1011010000,Ι
1149 2761 1264 2813 eumque
1289 2744 1319 2796 in
1347 2743 1458 2798 Christo
1482 2745 1556 2797 Jcsu
1582 2761 1631 2797 nec
1656 2762 1717 2796 mas
1734 2745 1784 2807 sit,
1809 2762 1857 2798 nco
1874 2747 1984 2809 femina

286 2827 325 2881 ita
363 2844 475 2899 quoque
517 2828 552 2881 de
592 2827 731 2897 baptismo
769 2829 966 2899 pronuntiatur
999 2830 1061 2886 doh.
1098 2836 1122 2896 3,
1149 2829 1213 2885 Gal.
1238 2835 1269 2895 3,
1295 2848 1320 2883 v.
1345 2834 1387 2885 28.
1431 2828 2118 2900 1111111111111111111111111111011

286 2931 310 2971 v.
335 2920 364 2968 5:
402 2915 471 2966 Nisi
511 2915 574 2983 qnia
605 2921 721 2966 renatus
750 2916 840 2977 fucrit
871 2922 921 2971 etc.
963 2913 1036 2980 Quin
1066 2917 1121 2969 imo
1148 2919 1306 2985 Zr'pporam
1327 2923 1479 2986 praesente
1505 2918 1606 2983 Moyse
1628 2916 1770 2984 propheta
1791 2917 1910 2970 Domini
1929 2918 1983 2970 cir·
1996 2897 2117 2991 mim

285 3000 356 3054 inest
394 3006 558 3070 argumento
597 3000 799 3069 quodammodo
835 3019 982 3071 processus
1018 3020 1036 3057 a
1067 3004 1121 3057 101·
1148 3004 1343 3058 crimnisionem
1369 3001 1601 3065 administrasse,
1624 3019 1657 3053 aa
1675 3020 1706 3055 ao
1718 3003 1789 3069 sore
1807 3020 1983 3073 consequens,
1997 2995 2107 3087 {mh

285 3085 355 3140 tiori
393 3085 422 3141 Si
447 3085 520 3140 enim
547 3085 719 3141 circumcisio
741 3087 885 3142 aluminis
906 3105 962 3143 non
980 3089 1121 3144 circumci·
1148 3091 1233 3144 licere
1256 3088 1371 3142 mulieri
1393 3096 1542 3159 praesente
1564 3087 1693 3142 ministro
1718 3089 1853 3142 ccclesiae
1879 3091 1983 3158 baptis·
1996 3099 2094 3138 saniss-

285 3172 322 3226 sis
344 3179 374 3227 et
397 3171 510 3243 quidem
533 3171 562 3226 in
585 3171 646 3226 loco
672 3173 785 3243 pudoris
810 3174 998 3230 administrari
1021 3177 1121 3246 potuit,
1147 3196 1221 3231 mum
1241 3177 1387 3245 conferre,
1405 3177 1482 3245 estod
1499 3182 1591 3228 tamen
1611 3175 1691 3228 nohis
1711 3194 1766 3229 non
1781 3177 1917 3245 probetur
1933 3193 1984 3230 nec
1996 3155 2088 3191 'mm'

285 3265 390 3329 quanto
415 3260 503 3330 magis
526 3259 676 3329 aprivstis
691 3260 876 3315 administrari
896 3264 998 3332 poterit
1018 3263 1120 3333 bsptis-
1143 3265 1266 3332 probari
1288 3264 1374 3317 etiam
1399 3264 1504 3316 1101111.
1538 3262 1764 3333 Respondemus:
1789 3262 1858 3317 haec
1879 3262 1984 3333 Moysis

284 3363 354 3401 mus.
390 3345 554 3400 Assumtum
573 3345 707 3416 probatur
724 3347 812 3404 Exod.
832 3354 856 3417 4,
875 3366 902 3403 v.
920 3354 966 3404 25:
991 3349 1121 3402 Occurrit
1147 3349 1306 3420 praesentia
1342 3348 1472 3404 habenda
1507 3354 1549 3403 cst
1585 3366 1635 3418 pro
1669 3348 1810 3416 absentia,
1847 3349 1983 3420 siquidem

283 3433 365 3485 Deus
392 3432 491 3500 Mopsi
516 3432 546 3484 in
572 3435 619 3485 oia
646 3433 675 3486 in
704 3435 861 3488 diversorio
889 3443 915 3489 et
944 3436 1032 3488 voluit
1060 3451 1121 3487 curn
1147 3436 1258 3506 Moyses
1296 3435 1374 3491 letali
1405 3436 1501 3491 morbo
1524 3452 1672 3506 oppressus
1695 3452 1729 3490 ac
1751 3434 1855 3489 viribus
1878 3435 1984 3491 fractus

284 3519 413 3572 aecirlere
435 3517 557 3584 (letalem
575 3517 615 3571 illi
634 3519 747 3574 immisit
771 3521 898 3575 morbum
916 3526 1030 3591 propter
1041 3521 1121 3575 ornis-
1148 3523 1387 3578 circumcisionem
1412 3522 1604 3578 administrare
1622 3540 1677 3578 non
1694 3522 1791 3592 potuit
1827 3522 1913 3578 Uxori
1932 3523 1983 3593 igi·

283 3621 342 3659 sam
371 3602 451 3658 filioli
474 3605 736 3677 circumcisionem),
758 3608 823 3661 tulit
841 3625 907 3677 erpo
923 3610 1055 3678 Zippora
1079 3609 1121 3662 ta·
1147 3617 1193 3665 tur
1224 3611 1298 3665 vices
1332 3609 1394 3665 11111
1425 3610 1602 3665 sustinendas
1632 3608 1771 3679 imposuit.
1817 3609 1984 3664 invertimus

279 3692 379 3761 pidem
407 3691 540 3759 (cultrum
567 3699 679 3746 acutum
706 3692 765 3750 101.
785 3700 816 3760 6,
842 3711 868 3751 v.
894 3700 918 3750 2.
949 3694 1051 3750 Psalm.
1079 3701 1121 3761 83,
1148 3697 1234 3768 igitur
1253 3704 1456 3768 argumentum.
1497 3697 1526 3753 Si
1545 3697 1604 3751 viro
1621 3696 1761 3766 praesenti
1779 3695 1858 3751 licuit
1875 3696 1985 3752 mulieri

285 3797 309 3834 1.
322 3783 375 3846 44.)
395 3786 422 3832 11
439 3779 615 3833 circumcidit
628 3782 810 3850 praeputium
823 3783 883 3850 filii
901 3783 949 3836 sui
959 3790 1122 3849 actanpcns
1149 3783 1385 3839 circumcisionem
1420 3784 1450 3839 iu
1482 3799 1550 3838 casu
1579 3782 1752 3838 necessitatis
1782 3782 1983 3852 administrare,

280 3868 370 3935 pedes
405 3867 468 3934 eius
504 3868 592 3920 discit:
627 3869 754 3937 Sponsus
787 3869 954 3936 aanpuinum
983 3868 1053 3921 milri
1083 3885 1119 3924 es.
1148 3869 1236 3923 multo
1264 3869 1352 3940 magis
1377 3886 1457 3924 verus
1487 3869 1539 3923 crit
1566 3868 1734 3939 baptismus,
1762 3884 1845 3939 quem
1869 3869 1985 3925 absente

288 3958 310 4009 l.
329 3952 456 4008 Maccab.
477 3958 498 4020 1,
515 3972 540 4009 v.
560 3959 607 4009 63:
638 3954 774 4008 Feminae
795 3971 867 4023 prae
885 3956 1120 4009 circumciderant
1147 3956 1207 4009 viro
1225 3956 1255 4008 in
1272 3962 1410 4011 extremae
1426 3955 1599 4011 necessitatis
1625 3972 1692 4010 casu
1717 3955 1765 4024 pis
1789 3954 1894 4010 femina
1919 3954 1984 4010 suh·

282 4056 387 4109 pueros
405 4057 480 4109 suos,
493 4041 580 4109 juata
594 4041 727 4094 Antiochi
737 4042 899 4094 mandatum
914 4042 1120 4096 occidebantur.
1147 4042 1323 4097 stantialihus
1350 4042 1402 4096 rite
1429 4041 1583 4097 observatis
1611 4040 1725 4097 confert
1770 4041 1851 4107 Quod
1872 4042 1984 4112 Moyses

288 4125 452 4181 11111011).
473 4131 501 4192 6,
524 4142 550 4182 v.
571 4130 617 4181 10:
639 4128 724 4179 Duae
747 4127 879 4181 mulieres
897 4128 1120 4192 adducebantur,
1147 4136 1259 4183 mactus
1278 4127 1414 4199 propheta
1430 4127 1492 4193 fnit,
1510 4144 1544 4182 cx
1561 4144 1594 4184 1ο
1606 4127 1674 4182 nihil
1685 4127 1824 4199 privilegii
1836 4128 1985 4184 iracundae

283 4220 436 4281 propterea
461 4213 538 4280 quod
562 4212 638 4275 filios
668 4230 734 4266 suos
757 4213 997 4267 circumciderant.
1040 4211 1121 4267 Exci·
1146 4213 1266 4270 feminae
1284 4214 1408 4269 accessit.

287 4300 327 4369 pit
353 4304 375 4354 1.
403 4295 537 4351 Bucauus
564 4297 594 4351 in
617 4297 737 4369 theolog.
766 4298 932 4356 111111110οο
953 4307 1039 4370 (17.1).
1061 4305 1120 4356 623.
1183 4309 1224 4358 35.
1261 4308 1286 4356 3.
1314 4300 1372 4356 Ubi
1400 4301 1497 4356 eedem
1529 4300 1616 4367 ratio,
1646 4299 1687 4355 ibi
1717 4300 1791 4354 idem
1816 4301 1873 4370 jus.
1918 4300 2107 4356 1111111111-

288 4384 439 4454 coemptum
462 4383 606 4452 Zipporae
632 4391 727 4453 utpote
751 4387 795 4440 ecl
823 4387 1002 4441 temerarium
1020 4394 1046 4441 et
1063 4387 1121 4441 illi·
1147 4404 1213 4442 vero
1243 4386 1368 4457 aequalis
1397 4393 1439 4442 est
1464 4386 1535 4441 ratio
1558 4386 1631 4441 inter
1654 4386 1872 4457 absolutionem,
1901 4369 2087 4458 (11111111,ῗῶ

289 4472 370 4524 dum
393 4469 498 4524 stultae
523 4477 548 4523 et
572 4470 728 4524 iracundae
757 4474 884 4536 feminac
907 4473 952 4527 vel
977 4474 1122 4542 sinpulare
1148 4475 1274 4545 privatus
1298 4472 1436 4544 quispiam
1460 4473 1588 4528 morienti
1614 4489 1647 4528 ex
1666 4473 1811 4544 evangelio
1829 4474 1984 4540 annuntiat,
1997 4468 2090 4559 iim·

285 4558 393 4623 factum
422 4558 453 4610 in
482 4557 700 4611 consecutionem
729 4560 809 4612 trahi
840 4577 897 4613 non
920 4559 1027 4615 dehere.
1067 4561 1121 4615 Re·
1149 4569 1177 4616 et
1201 4562 1273 4615 iuter
1291 4559 1471 4630 baptismum,
1496 4577 1579 4632 quem
1596 4560 1721 4630 privatus
1738 4561 1768 4614 in
1781 4578 1848 4616 casu
1867 4561 1984 4617 necessi·
1998 4530 2111 4612 miliia.

292 4643 468 4714 spondemus:
496 4642 621 4713 quamvis
641 4643 763 4715 Zippora
786 4660 819 4697 ex
840 4644 986 4700 iracundia
1007 4645 1122 4701 circum-
1149 4647 1215 4702 tatis
1235 4644 1351 4714 confert,
1371 4647 1485 4700 absente
1503 4645 1610 4702 scilicet
1626 4646 1767 4702 ordinario
1785 4648 1919 4703 ecclesiae
1936 4647 1985 4701 mi·

291 4729 418 4785 1111011011
437 4729 656 4799 administraret,
682 4730 737 4784 fuit
753 4737 847 4785 tamen
865 4749 931 4786 vera
950 4731 1122 4787 circumcisio
1150 4733 1244 4786 nistro.
1279 4730 1357 4801 Ergo
1383 4731 1456 4785 idern
1474 4730 1558 4785 ctiam
1572 4732 1620 4801 jus
1637 4732 1753 4788 obtinet
1787 4733 1892 4788 Privati
1911 4739 1987 4789 recte

292 4815 405 4889 abipso
424 4816 487 4871 Deo
507 4816 675 4887 approbata,
702 4817 806 4888 quippe
824 4818 871 4888 qui
891 4823 988 4888 postea
1006 4818 1122 4890 Moysen
1149 4817 1256 4872 faciunt
1285 4816 1430 4871 ecclesiam
1459 4816 1598 4870 ordinario
1628 4825 1740 4888 pastore
1773 4819 1933 4874 destitutam
1958 4824 1988 4874 et

292 4896 403 4971 dimisit,
423 4907 457 4957 ut
473 4901 558 4959 hahet
574 4909 666 4957 textus
683 4902 773 4960 Exod.
787 4910 811 4967 4,
831 4922 857 4957 1.
874 4910 915 4961 26.
933 4904 986 4959 hoc
1003 4911 1045 4960 est
1061 4922 1122 4975 per-
1149 4903 1274 4966 homines
1293 4909 1422 4972 aegrotos
1441 4917 1490 4955 scu
1508 4902 1605 4972 quovis
1623 4906 1706 4959 modo
1725 4904 1843 4960 afflictos
1855 4921 1888 4959 11
1901 4905 1987 4959 verbo
2046 4968 2048 4970 ,

292 4997 349 5044 uta
374 4988 455 5044 filioli
482 4987 691 5045 chaumeisione
718 4989 775 5044 vim
806 4991 899 5045 letalis
923 4990 1051 5046 morbis
1075 5008 1123 5061 pa·
1149 4989 1399 5044 Dei'instituentes
1411 4994 1440 5041 et
1450 4988 1631 5057 consolantes,
1649 4997 1681 5045 ut
1691 4997 1814 5061 tempore
1827 4989 1996 5058 obsidionis,¹

291 5082 363 5132 rente
400 5075 509 5132 1111111.
558 5073 743 5146 Hypocritica
781 5083 810 5132 et
850 5077 938 5132 invita
972 5078 1123 5132 iracundae
1150 5076 1250 5147 pestis,
1277 5074 1476 5147 persecutionis
1507 5081 1559 5131 etc.
1605 5078 1666 5141 Quo
1685 5078 1824 5149 pertinent
1856 5077 1986 5149 quodam·

291 5160 406 5217 feminae
437 5160 596 5216 obedientia
621 5179 679 5217 non
700 5162 755 5217 fuit
776 5163 837 5218 Deo
855 5163 987 5234 probata,
1014 5162 1123 5217 interim
1150 5163 1232 5219 modo
1254 5162 1381 5232 exempla
1404 5160 1641 5232 prophetissarum
1661 5164 1690 5217 in
1709 5162 1743 5219 V.
1763 5164 1796 5220 T.
1816 5169 1912 5234 utpote
1931 5164 1986 5219 De·

290 5252 379 5304 11111011
396 5264 432 5302 01
450 5254 558 5315 eventu,
576 5248 682 5319 Moysis
695 5249 801 5305 scilicet
813 5249 984 5317 liberatione,
996 5254 1123 5320 apparet,
1150 5248 1235 5303 borae
1260 5247 1328 5303 dud.
1347 5255 1372 5303 4.
1409 5245 1522 5301 Hnldae
1543 5253 1566 5302 2.
1583 5248 1653 5319 Reg.
1675 5255 1721 5318 22,
1746 5267 1771 5304 v.
1794 5256 1831 5307 14.
1869 5251 1987 5305 Hennae

290 5332 521 5390 draumcisionem
547 5351 565 5387 1
581 5334 643 5389 Deo
662 5336 845 5407 approbatam
864 5336 964 5405 fuisse,
987 5329 1378 5423 111001ωῇ110.2,1.36.
1415 5334 1657 5404 11101Ρ111011111,
1683 5351 1765 5406 quam
1783 5336 1888 5391 Paulus
1907 5342 1988 5391 vocat

282 5423 343 5489 fuit
360 5420 482 5489 capetus
501 5420 608 5488 (scribit
624 5420 755 5476 Bucanus
779 5421 840 5478 loco
859 5422 954 5490 dicto),
975 5423 1051 5490 quod
1069 5420 1123 5473 cir·
1152 5420 1290 5497 airspyor
1308 5422 1388 5478 Rom.
1410 5427 1454 5485 16,
1473 5439 1498 5475 v.
1518 5426 1542 5478 3.
1562 5423 1666 5492 quippe
1685 5438 1702 5475 a
1721 5439 1778 5492 qua
1795 5423 1902 5492 Apollo
1917 5423 1987 5476 ‹tili-

287 5507 424 5562 cumcr'sm
447 5507 537 5569 suerit
555 5523 643 5576 puer,
667 5526 721 5561 non
740 5510 817 5577 quod
835 5509 890 5562 iila
909 5507 1123 5562 circumciderit.
1151 5507 1262 5576 pendas
1289 5508 1444 5577 expositam
1472 5509 1584 5561 audiuit
1609 5509 1683 5562 uiam
1713 5509 1773 5561 Dei
1779 5546 1785 5571 ,
1821 5507 1916 5564 Actor.
1947 5513 1988 5577 18,

285 5592 460 5657 Rectissime,
478 5591 501 5645 si
519 5609 585 5663 ergo
602 5610 696 5648 coram
709 5595 770 5650 Deo
788 5595 843 5649 fuit
864 5601 926 5648 rata
943 5594 993 5648 illa
1009 5594 1124 5648 circum·
1137 5624 1138 5635 .
1151 5611 1177 5647 v.
1196 5599 1237 5648 26.
1279 5592 1375 5650 Loidis
1396 5599 1425 5649 et
1447 5593 1585 5663 Eunicse,
1610 5611 1681 5664 quae
1705 5599 1834 5663 nepotem
1855 5593 1988 5649 etlilium

286 5681 372 5752 cisio,
400 5679 499 5750 utiquc
518 5680 602 5733 etiam
619 5679 773 5750 baptismus
793 5698 810 5734 a
828 5679 933 5735 femina
951 5681 1124 5735 administra·
1151 5679 1328 5734 Timotheum
1359 5696 1376 5733 a
1400 5680 1495 5750 pneris
1521 5680 1550 5732 in
1576 5679 1661 5732 sacris
1690 5679 1775 5734 literis
1800 5679 1988 5750 instituerunt,

284 5772 339 5838 tus.
375 5763 545 5820 Inssrfimus
561 5764 646 5836 igitur
663 5771 865 5838 argumentum
901 5735 1268 5822 sincerissimam.
1289 5773 1363 5836 1,r.
1383 5773 1407 5823 5.
1433 5783 1456 5821 1.
1475 5770 1500 5834 3,
1520 5781 1545 5821 v.
1568 5770 1607 5819 15.
1644 5764 1735 5829 Quare
1755 5781 1821 5837 ergo
1841 5767 1942 5839 privati
1958 5767 1988 5822 in

1571 5869 1626 5922 18*
