<?xml version="1.0" encoding="UTF-8"?>
<!DOCTYPE html PUBLIC "-//W3C//DTD XHTML 1.0 Transitional//EN"
    "http://www.w3.org/TR/xhtml1/DTD/xhtml1-transitional.dtd">
<html xmlns="http://www.w3.org/1999/xhtml" xml:lang="en" lang="en">
 <head>
  <title>
</title>
<meta http-equiv="Content-Type" content="text/html;charset=utf-8" />
  <meta name='ocr-system' content='tesseract 3.04.00' />
  <meta name='ocr-capabilities' content='ocr_page ocr_carea ocr_par ocr_line ocrx_word'/>
</head>
<body>
  <div class='ocr_page' id='page_1' title='image "./locitheologicit02gerhgoog/locitheologicit02gerhgoog_0322.png"; bbox 0 0 4800 6659; ppageno 0'>
   <div class='ocr_carea' id='block_1_1' title="bbox 930 432 1982 508">
    <p class='ocr_par' dir='ltr' id='par_1_1' title="bbox 930 432 1982 508">
     <span class='ocr_line' id='line_1_1' title="bbox 930 432 1982 508; baseline -0.005 -15"><span class='ocrx_word' id='word_1_1' title='bbox 930 434 983 493; x_wconf 87' lang='grc'><strong>66</strong></span> <span class='ocrx_word' id='word_1_2' title='bbox 999 432 1341 494; x_wconf 77' lang='lat' dir='ltr'><strong>musosnrrreuo.</strong></span> <span class='ocrx_word' id='word_1_3' title='bbox 1920 445 1982 508; x_wconf 63' lang='lat'><strong>313</strong></span> 
     </span>
    </p>
   </div>
   <div class='ocr_carea' id='block_1_2' title="bbox 232 588 2106 4544">
    <p class='ocr_par' dir='ltr' id='par_1_2' title="bbox 232 588 2106 4544">
     <span class='ocr_line' id='line_1_2' title="bbox 287 588 1984 663; baseline 0.002 -16"><span class='ocrx_word' id='word_1_4' title='bbox 287 589 1116 663; x_wconf 63' lang='grc'><strong>66616666666666116666666616616661613616666-</strong></span> <span class='ocrx_word' id='word_1_5' title='bbox 1141 605 1215 648; x_wconf 83' lang='lat' dir='ltr'><strong>nem</strong></span> <span class='ocrx_word' id='word_1_6' title='bbox 1255 588 1763 660; x_wconf 63' lang='lat' dir='ltr'><strong>Posteriorimctnsestreaorutim</strong></span> <span class='ocrx_word' id='word_1_7' title='bbox 1787 589 1984 661; x_wconf 79' lang='lat' dir='ltr'><strong>quaeliceta</strong></span> 
     </span>
     <span class='ocr_line' id='line_1_3' title="bbox 284 674 1983 750; baseline 0.004 -21"><span class='ocrx_word' id='word_1_8' title='bbox 284 677 363 730; x_wconf 75' lang='lat' dir='ltr'><strong>ioum</strong></span> <span class='ocrx_word' id='word_1_9' title='bbox 390 675 470 731; x_wconf 80' lang='lat' dir='ltr'><strong>omni</strong></span> <span class='ocrx_word' id='word_1_10' title='bbox 491 676 631 744; x_wconf 74' lang='grc'><strong>66666661,</strong></span> <span class='ocrx_word' id='word_1_11' title='bbox 655 674 735 733; x_wconf 84' lang='lat' dir='ltr'><strong>Rom.</strong></span> <span class='ocrx_word' id='word_1_12' title='bbox 762 683 791 741; x_wconf 87' lang='lat'><strong>1,</strong></span> <span class='ocrx_word' id='word_1_13' title='bbox 816 695 843 734; x_wconf 84' lang='lat' dir='ltr'><strong>r.</strong></span> <span class='ocrx_word' id='word_1_14' title='bbox 865 684 904 735; x_wconf 90' lang='grc'><strong>16.</strong></span> <span class='ocrx_word' id='word_1_15' title='bbox 940 681 980 733; x_wconf 88' lang='lat' dir='ltr'><strong>Et</strong></span> <span class='ocrx_word' id='word_1_16' title='bbox 1006 678 1116 733; x_wconf 80' lang='lat' dir='ltr'><strong>animas</strong></span> <span class='ocrx_word' id='word_1_17' title='bbox 1143 677 1353 750; x_wconf 62' lang='lat' dir='ltr'><strong>regeneratione</strong></span> <span class='ocrx_word' id='word_1_18' title='bbox 1377 676 1490 749; x_wconf 88' lang='lat' dir='ltr'><strong>proprie</strong></span> <span class='ocrx_word' id='word_1_19' title='bbox 1514 682 1544 733; x_wconf 88' lang='grc'><strong>61</strong></span> <span class='ocrx_word' id='word_1_20' title='bbox 1567 675 1723 749; x_wconf 72' lang='lat' dir='ltr'><strong>specialiter</strong></span> <span class='ocrx_word' id='word_1_21' title='bbox 1747 681 1866 748; x_wconf 84' lang='lat' dir='ltr'><strong>accepta</strong></span> <span class='ocrx_word' id='word_1_22' title='bbox 1884 678 1983 736; x_wconf 88' lang='lat' dir='ltr'><strong>distin·</strong></span> 
     </span>
     <span class='ocr_line' id='line_1_4' title="bbox 282 762 2094 834; baseline 0.003 -17"><span class='ocrx_word' id='word_1_23' title='bbox 282 771 394 817; x_wconf 68' lang='lat' dir='ltr'><strong>murus</strong></span> <span class='ocrx_word' id='word_1_24' title='bbox 417 762 531 816; x_wconf 82' lang='lat' dir='ltr'><strong>sulcare</strong></span> <span class='ocrx_word' id='word_1_25' title='bbox 549 770 653 831; x_wconf 78' lang='lat' dir='ltr'><strong>potest,</strong></span> <span class='ocrx_word' id='word_1_26' title='bbox 677 762 776 820; x_wconf 82' lang='lat' dir='ltr'><strong>Jacob.</strong></span> <span class='ocrx_word' id='word_1_27' title='bbox 798 768 827 832; x_wconf 93' lang='grc'><strong>1,</strong></span> <span class='ocrx_word' id='word_1_28' title='bbox 847 782 873 818; x_wconf 84' lang='lat' dir='ltr'><strong>v.</strong></span> <span class='ocrx_word' id='word_1_29' title='bbox 893 767 953 832; x_wconf 77' lang='grc'><strong>21).</strong></span> <span class='ocrx_word' id='word_1_30' title='bbox 988 765 1116 820; x_wconf 88' lang='lat' dir='ltr'><strong>Secundo</strong></span> <span class='ocrx_word' id='word_1_31' title='bbox 1141 766 1257 834; x_wconf 78' lang='lat' dir='ltr'><strong>giratur,</strong></span> <span class='ocrx_word' id='word_1_32' title='bbox 1277 762 1422 818; x_wconf 84' lang='lat' dir='ltr'><strong>individuo</strong></span> <span class='ocrx_word' id='word_1_33' title='bbox 1445 769 1538 818; x_wconf 82' lang='lat' dir='ltr'><strong>tamen</strong></span> <span class='ocrx_word' id='word_1_34' title='bbox 1561 768 1590 819; x_wconf 89' lang='lat' dir='ltr'><strong>et</strong></span> <span class='ocrx_word' id='word_1_35' title='bbox 1612 769 1746 833; x_wconf 86' lang='lat' dir='ltr'><strong>perpetuo</strong></span> <span class='ocrx_word' id='word_1_36' title='bbox 1769 779 1842 818; x_wconf 86' lang='lat' dir='ltr'><strong>nexu</strong></span> <span class='ocrx_word' id='word_1_37' title='bbox 1866 780 1929 819; x_wconf 88' lang='lat' dir='ltr'><strong>eum</strong></span> <span class='ocrx_word' id='word_1_38' title='bbox 1949 782 1985 822; x_wconf 88' lang='lat' dir='ltr'><strong>ea</strong></span> <span class='ocrx_word' id='word_1_39' title='bbox 1997 768 2094 813; x_wconf 66' lang='lat'>11¹³&amp;</span> 
     </span>
     <span class='ocr_line' id='line_1_5' title="bbox 278 846 1984 922; baseline 0.001 -19"><span class='ocrx_word' id='word_1_40' title='bbox 278 866 310 903; x_wconf 83' lang='lat' dir='ltr'><strong>ex</strong></span> <span class='ocrx_word' id='word_1_41' title='bbox 335 847 453 920; x_wconf 89' lang='lat' dir='ltr'><strong>reliquis</strong></span> <span class='ocrx_word' id='word_1_42' title='bbox 475 846 607 919; x_wconf 88' lang='lat' dir='ltr'><strong>baptismi</strong></span> <span class='ocrx_word' id='word_1_43' title='bbox 631 847 745 903; x_wconf 81' lang='lat' dir='ltr'><strong>effectis.</strong></span> <span class='ocrx_word' id='word_1_44' title='bbox 780 849 946 920; x_wconf 82' lang='lat' dir='ltr'><strong>Baptismus·</strong></span> <span class='ocrx_word' id='word_1_45' title='bbox 965 858 1009 907; x_wconf 90' lang='lat' dir='ltr'><strong>est</strong></span> <span class='ocrx_word' id='word_1_46' title='bbox 1037 854 1115 906; x_wconf 86' lang='lat' dir='ltr'><strong>tuuu-</strong></span> <span class='ocrx_word' id='word_1_47' title='bbox 1143 855 1185 906; x_wconf 90' lang='lat' dir='ltr'><strong>est</strong></span> <span class='ocrx_word' id='word_1_48' title='bbox 1201 851 1368 921; x_wconf 55' lang='lat' dir='ltr'><strong>:conjuncta</strong></span> <span class='ocrx_word' id='word_1_49' title='bbox 1411 850 1520 918; x_wconf 91' lang='grc' dir='ltr'><strong>Τ11.3,</strong></span> <span class='ocrx_word' id='word_1_50' title='bbox 1545 868 1571 904; x_wconf 83' lang='grc'><strong>6.</strong></span> <span class='ocrx_word' id='word_1_51' title='bbox 1590 856 1620 905; x_wconf 81' lang='lat'><strong>5:</strong></span> <span class='ocrx_word' id='word_1_52' title='bbox 1647 849 1748 904; x_wconf 72' lang='grc'><strong>861666</strong></span> <span class='ocrx_word' id='word_1_53' title='bbox 1772 867 1823 904; x_wconf 87' lang='lat' dir='ltr'><strong>nos</strong></span> <span class='ocrx_word' id='word_1_54' title='bbox 1844 852 1914 914; x_wconf 78' lang='lat' dir='ltr'><strong>fecit</strong></span> <span class='ocrx_word' id='word_1_55' title='bbox 1926 871 1984 922; x_wconf 75' lang='lat' dir='ltr'><strong>per</strong></span> 
     </span>
     <span class='ocr_line' id='line_1_6' title="bbox 276 934 1981 1009; baseline 0.004 -21"><span class='ocrx_word' id='word_1_56' title='bbox 276 953 357 988; x_wconf 79' lang='lat' dir='ltr'><strong>crrnn</strong></span> <span class='ocrx_word' id='word_1_57' title='bbox 382 934 612 1002; x_wconf 75' lang='lat' dir='ltr'><strong>reponeretiunis.</strong></span> <span class='ocrx_word' id='word_1_58' title='bbox 647 934 711 988; x_wconf 82' lang='lat' dir='ltr'><strong>Jam</strong></span> <span class='ocrx_word' id='word_1_59' title='bbox 736 951 802 991; x_wconf 83' lang='lat' dir='ltr'><strong>vero</strong></span> <span class='ocrx_word' id='word_1_60' title='bbox 827 937 1000 1008; x_wconf 76' lang='lat' dir='ltr'><strong>regeneratio</strong></span> <span class='ocrx_word' id='word_1_61' title='bbox 1023 937 1057 992; x_wconf 89' lang='grc'><strong>111</strong></span> <span class='ocrx_word' id='word_1_62' title='bbox 1080 938 1115 991; x_wconf 83' lang='lat' dir='ltr'><strong>ad</strong></span> <span class='ocrx_word' id='word_1_63' title='bbox 1144 936 1290 991; x_wconf 83' lang='lat' dir='ltr'><strong>lavacrum</strong></span> <span class='ocrx_word' id='word_1_64' title='bbox 1314 936 1537 1005; x_wconf 64' lang='lat' dir='ltr'><strong>regenerationis</strong></span> <span class='ocrx_word' id='word_1_65' title='bbox 1555 943 1581 987; x_wconf 86' lang='lat' dir='ltr'><strong>et</strong></span> <span class='ocrx_word' id='word_1_66' title='bbox 1600 936 1799 992; x_wconf 85' lang='lat' dir='ltr'><strong>renovationis.</strong></span> <span class='ocrx_word' id='word_1_67' title='bbox 1834 936 1910 1008; x_wconf 84' lang='lat' dir='ltr'><strong>Ergo</strong></span> <span class='ocrx_word' id='word_1_68' title='bbox 1929 955 1981 1009; x_wconf 89' lang='lat' dir='ltr'><strong>per</strong></span> 
     </span>
     <span class='ocr_line' id='line_1_7' title="bbox 274 1019 1980 1094; baseline 0.004 -20"><span class='ocrx_word' id='word_1_69' title='bbox 274 1022 366 1075; x_wconf 81' lang='lat' dir='ltr'><strong>vitam</strong></span> <span class='ocrx_word' id='word_1_70' title='bbox 382 1026 534 1088; x_wconf 78' lang='lat' dir='ltr'><strong>aeternam,</strong></span> <span class='ocrx_word' id='word_1_71' title='bbox 551 1019 649 1075; x_wconf 82' lang='lat' dir='ltr'><strong>Jacob.</strong></span> <span class='ocrx_word' id='word_1_72' title='bbox 670 1025 692 1089; x_wconf 93' lang='grc'><strong>1,</strong></span> <span class='ocrx_word' id='word_1_73' title='bbox 713 1039 740 1078; x_wconf 85' lang='lat' dir='ltr'><strong>v.</strong></span> <span class='ocrx_word' id='word_1_74' title='bbox 752 1027 792 1077; x_wconf 84' lang='grc'><strong>21.</strong></span> <span class='ocrx_word' id='word_1_75' title='bbox 817 1022 899 1094; x_wconf 84' lang='lat' dir='ltr'><strong>Ergo.</strong></span> <span class='ocrx_word' id='word_1_76' title='bbox 924 1022 959 1076; x_wconf 93' lang='grc' dir='ltr'><strong>Ι6</strong></span> <span class='ocrx_word' id='word_1_77' title='bbox 977 1022 1116 1094; x_wconf 88' lang='lat' dir='ltr'><strong>baptismo</strong></span> <span class='ocrx_word' id='word_1_78' title='bbox 1143 1023 1312 1092; x_wconf 89' lang='lat' dir='ltr'><strong>baptismum</strong></span> <span class='ocrx_word' id='word_1_79' title='bbox 1330 1021 1412 1077; x_wconf 88' lang='lat' dir='ltr'><strong>homo</strong></span> <span class='ocrx_word' id='word_1_80' title='bbox 1431 1039 1485 1081; x_wconf 91' lang='lat' dir='ltr'><strong>non</strong></span> <span class='ocrx_word' id='word_1_81' title='bbox 1503 1020 1592 1075; x_wconf 89' lang='lat' dir='ltr'><strong>solum</strong></span> <span class='ocrx_word' id='word_1_82' title='bbox 1605 1021 1767 1089; x_wconf 76' lang='lat' dir='ltr'><strong>renascitur,</strong></span> <span class='ocrx_word' id='word_1_83' title='bbox 1786 1023 1814 1075; x_wconf 94' lang='lat' dir='ltr'><strong>id</strong></span> <span class='ocrx_word' id='word_1_84' title='bbox 1828 1030 1870 1078; x_wconf 87' lang='lat' dir='ltr'><strong>est</strong></span> <span class='ocrx_word' id='word_1_85' title='bbox 1880 1040 1980 1094; x_wconf 90' lang='lat' dir='ltr'><strong>pecca·</strong></span> 
     </span>
     <span class='ocr_line' id='line_1_8' title="bbox 275 1105 1982 1182; baseline 0.004 -21"><span class='ocrx_word' id='word_1_86' title='bbox 275 1108 401 1162; x_wconf 89' lang='lat' dir='ltr'><strong>donatur</strong></span> <span class='ocrx_word' id='word_1_87' title='bbox 417 1106 495 1162; x_wconf 85' lang='lat' dir='ltr'><strong>tides.</strong></span> <span class='ocrx_word' id='word_1_88' title='bbox 529 1105 595 1162; x_wconf 85' lang='lat' dir='ltr'><strong>Jam</strong></span> <span class='ocrx_word' id='word_1_89' title='bbox 614 1121 687 1174; x_wconf 85' lang='lat' dir='ltr'><strong>vcro,</strong></span> <span class='ocrx_word' id='word_1_90' title='bbox 706 1107 757 1176; x_wconf 75' lang='lat' dir='ltr'><strong>qui</strong></span> <span class='ocrx_word' id='word_1_91' title='bbox 773 1109 863 1160; x_wconf 81' lang='lat' dir='ltr'><strong>credit</strong></span> <span class='ocrx_word' id='word_1_92' title='bbox 883 1109 912 1161; x_wconf 88' lang='lat' dir='ltr'><strong>in</strong></span> <span class='ocrx_word' id='word_1_93' title='bbox 925 1109 1032 1162; x_wconf 80' lang='lat' dir='ltr'><strong>Filium</strong></span> <span class='ocrx_word' id='word_1_94' title='bbox 1052 1110 1117 1176; x_wconf 86' lang='lat' dir='ltr'><strong>Dei,</strong></span> <span class='ocrx_word' id='word_1_95' title='bbox 1143 1115 1234 1163; x_wconf 89' lang='lat' dir='ltr'><strong>torum</strong></span> <span class='ocrx_word' id='word_1_96' title='bbox 1252 1110 1440 1164; x_wconf 82' lang='lat' dir='ltr'><strong>remissionem</strong></span> <span class='ocrx_word' id='word_1_97' title='bbox 1458 1107 1644 1178; x_wconf 81' lang='lat' dir='ltr'><strong>consequitur,</strong></span> <span class='ocrx_word' id='word_1_98' title='bbox 1659 1107 1799 1182; x_wconf 78' lang='lat' dir='ltr'><strong>justitiam</strong></span> <span class='ocrx_word' id='word_1_99' title='bbox 1818 1108 1920 1165; x_wconf 80' lang='lat' dir='ltr'><strong>Christi</strong></span> <span class='ocrx_word' id='word_1_100' title='bbox 1940 1111 1982 1167; x_wconf 89' lang='lat' dir='ltr'><strong>in·</strong></span> 
     </span>
     <span class='ocr_line' id='line_1_9' title="bbox 274 1193 1981 1266; baseline 0.005 -19"><span class='ocrx_word' id='word_1_101' title='bbox 274 1195 361 1247; x_wconf 81' lang='lat' dir='ltr'><strong>tabet</strong></span> <span class='ocrx_word' id='word_1_102' title='bbox 384 1194 472 1247; x_wconf 84' lang='lat' dir='ltr'><strong>situm</strong></span> <span class='ocrx_word' id='word_1_103' title='bbox 489 1201 647 1262; x_wconf 75' lang='lat' dir='ltr'><strong>aeteruum,</strong></span> <span class='ocrx_word' id='word_1_104' title='bbox 671 1193 734 1249; x_wconf 84' lang='lat' dir='ltr'><strong>Joh.</strong></span> <span class='ocrx_word' id='word_1_105' title='bbox 752 1200 776 1263; x_wconf 83' lang='lat'><strong>3,</strong></span> <span class='ocrx_word' id='word_1_106' title='bbox 793 1212 818 1247; x_wconf 83' lang='lat' dir='ltr'><strong>v.</strong></span> <span class='ocrx_word' id='word_1_107' title='bbox 837 1199 879 1251; x_wconf 90' lang='grc'><strong>36.</strong></span> <span class='ocrx_word' id='word_1_108' title='bbox 908 1194 991 1266; x_wconf 80' lang='lat' dir='ltr'><strong>Ergo</strong></span> <span class='ocrx_word' id='word_1_109' title='bbox 1023 1194 1055 1248; x_wconf 94' lang='grc'><strong>16</strong></span> <span class='ocrx_word' id='word_1_110' title='bbox 1074 1200 1118 1248; x_wconf 88' lang='lat' dir='ltr'><strong>ba·</strong></span> <span class='ocrx_word' id='word_1_111' title='bbox 1145 1195 1216 1263; x_wconf 89' lang='lat' dir='ltr'><strong>duit,</strong></span> <span class='ocrx_word' id='word_1_112' title='bbox 1232 1195 1307 1250; x_wconf 85' lang='grc'><strong>11116(</strong></span> <span class='ocrx_word' id='word_1_113' title='bbox 1324 1196 1379 1252; x_wconf 87' lang='grc' dir='ltr'><strong>Ι)61</strong></span> <span class='ocrx_word' id='word_1_114' title='bbox 1396 1203 1424 1251; x_wconf 88' lang='grc'><strong>61</strong></span> <span class='ocrx_word' id='word_1_115' title='bbox 1442 1195 1521 1250; x_wconf 88' lang='lat' dir='ltr'><strong>heres</strong></span> <span class='ocrx_word' id='word_1_116' title='bbox 1539 1194 1613 1247; x_wconf 84' lang='lat' dir='ltr'><strong>ritae</strong></span> <span class='ocrx_word' id='word_1_117' title='bbox 1633 1201 1762 1249; x_wconf 81' lang='lat' dir='ltr'><strong>aeternae</strong></span> <span class='ocrx_word' id='word_1_118' title='bbox 1779 1195 1913 1262; x_wconf 76' lang='lat' dir='ltr'><strong>efficitur3</strong></span> <span class='ocrx_word' id='word_1_119' title='bbox 1931 1198 1981 1255; x_wconf 87' lang='lat' dir='ltr'><strong>sed</strong></span> 
     </span>
     <span class='ocr_line' id='line_1_10' title="bbox 274 1279 1983 1353; baseline 0.003 -19"><span class='ocrx_word' id='word_1_120' title='bbox 274 1281 382 1352; x_wconf 82' lang='lat' dir='ltr'><strong>ptismo</strong></span> <span class='ocrx_word' id='word_1_121' title='bbox 412 1279 495 1334; x_wconf 85' lang='lat' dir='ltr'><strong>detur</strong></span> <span class='ocrx_word' id='word_1_122' title='bbox 521 1280 644 1334; x_wconf 88' lang='lat' dir='ltr'><strong>remissio</strong></span> <span class='ocrx_word' id='word_1_123' title='bbox 668 1286 853 1350; x_wconf 88' lang='lat' dir='ltr'><strong>peccatorum.</strong></span> <span class='ocrx_word' id='word_1_124' title='bbox 890 1280 954 1335; x_wconf 85' lang='lat' dir='ltr'><strong>Jam</strong></span> <span class='ocrx_word' id='word_1_125' title='bbox 980 1298 1045 1335; x_wconf 84' lang='lat' dir='ltr'><strong>vcro</strong></span> <span class='ocrx_word' id='word_1_126' title='bbox 1069 1281 1117 1334; x_wconf 92' lang='lat' dir='ltr'><strong>ubi</strong></span> <span class='ocrx_word' id='word_1_127' title='bbox 1145 1280 1983 1353; x_wconf 76' lang='grc'><strong>61166666666166,1666661(161661661661611666666166,</strong></span> 
     </span>
     <span class='ocr_line' id='line_1_11' title="bbox 275 1365 1983 1439; baseline 0.004 -18"><span class='ocrx_word' id='word_1_128' title='bbox 275 1374 319 1421; x_wconf 88' lang='lat' dir='ltr'><strong>est</strong></span> <span class='ocrx_word' id='word_1_129' title='bbox 339 1370 522 1437; x_wconf 87' lang='lat' dir='ltr'><strong>peccatorum</strong></span> <span class='ocrx_word' id='word_1_130' title='bbox 538 1365 672 1435; x_wconf 88' lang='lat' dir='ltr'><strong>remissio,</strong></span> <span class='ocrx_word' id='word_1_131' title='bbox 691 1365 730 1421; x_wconf 89' lang='lat' dir='ltr'><strong>ibi</strong></span> <span class='ocrx_word' id='word_1_132' title='bbox 744 1372 786 1421; x_wconf 87' lang='lat' dir='ltr'><strong>est</strong></span> <span class='ocrx_word' id='word_1_133' title='bbox 799 1367 857 1421; x_wconf 85' lang='lat' dir='ltr'><strong>vita</strong></span> <span class='ocrx_word' id='word_1_134' title='bbox 868 1373 897 1421; x_wconf 92' lang='lat' dir='ltr'><strong>et</strong></span> <span class='ocrx_word' id='word_1_135' title='bbox 909 1367 983 1421; x_wconf 87' lang='lat' dir='ltr'><strong>sulus</strong></span> <span class='ocrx_word' id='word_1_136' title='bbox 997 1372 1117 1435; x_wconf 86' lang='lat' dir='ltr'><strong>aeterua,</strong></span> <span class='ocrx_word' id='word_1_137' title='bbox 1145 1368 1192 1439; x_wconf 88' lang='lat' dir='ltr'><strong>qui</strong></span> <span class='ocrx_word' id='word_1_138' title='bbox 1217 1368 1400 1437; x_wconf 89' lang='lat' dir='ltr'><strong>intellectum,</strong></span> <span class='ocrx_word' id='word_1_139' title='bbox 1426 1368 1598 1422; x_wconf 84' lang='lat' dir='ltr'><strong>voluntatem</strong></span> <span class='ocrx_word' id='word_1_140' title='bbox 1622 1373 1650 1421; x_wconf 89' lang='lat' dir='ltr'><strong>st</strong></span> <span class='ocrx_word' id='word_1_141' title='bbox 1668 1384 1763 1423; x_wconf 88' lang='lat' dir='ltr'><strong>omnes</strong></span> <span class='ocrx_word' id='word_1_142' title='bbox 1782 1370 1891 1426; x_wconf 90' lang='lat' dir='ltr'><strong>animae</strong></span> <span class='ocrx_word' id='word_1_143' title='bbox 1911 1371 1983 1427; x_wconf 80' lang='lat' dir='ltr'><strong>vires</strong></span> 
     </span>
     <span class='ocr_line' id='line_1_12' title="bbox 276 1452 1984 1527; baseline 0.005 -20"><span class='ocrx_word' id='word_1_144' title='bbox 276 1453 385 1507; x_wconf 86' lang='lat' dir='ltr'><strong>Psalm.</strong></span> <span class='ocrx_word' id='word_1_145' title='bbox 412 1457 459 1520; x_wconf 89' lang='grc'><strong>32,</strong></span> <span class='ocrx_word' id='word_1_146' title='bbox 478 1470 503 1505; x_wconf 85' lang='lat' dir='ltr'><strong>v.</strong></span> <span class='ocrx_word' id='word_1_147' title='bbox 526 1457 546 1507; x_wconf 86' lang='lat'><strong>1.</strong></span> <span class='ocrx_word' id='word_1_148' title='bbox 581 1452 665 1523; x_wconf 86' lang='lat' dir='ltr'><strong>Ergo.</strong></span> <span class='ocrx_word' id='word_1_149' title='bbox 700 1452 757 1507; x_wconf 88' lang='lat' dir='ltr'><strong>Per</strong></span> <span class='ocrx_word' id='word_1_150' title='bbox 781 1453 950 1524; x_wconf 89' lang='lat' dir='ltr'><strong>baptismum</strong></span> <span class='ocrx_word' id='word_1_151' title='bbox 969 1453 1119 1523; x_wconf 86' lang='lat' dir='ltr'><strong>recipimur</strong></span> <span class='ocrx_word' id='word_1_152' title='bbox 1144 1470 1278 1509; x_wconf 81' lang='lat' dir='ltr'><strong>renovare</strong></span> <span class='ocrx_word' id='word_1_153' title='bbox 1305 1453 1416 1525; x_wconf 86' lang='lat' dir='ltr'><strong>incipit,</strong></span> <span class='ocrx_word' id='word_1_154' title='bbox 1443 1461 1475 1509; x_wconf 92' lang='lat' dir='ltr'><strong>ut</strong></span> <span class='ocrx_word' id='word_1_155' title='bbox 1496 1455 1598 1509; x_wconf 88' lang='lat' dir='ltr'><strong>amissa</strong></span> <span class='ocrx_word' id='word_1_156' title='bbox 1621 1453 1677 1508; x_wconf 89' lang='lat' dir='ltr'><strong>Dei</strong></span> <span class='ocrx_word' id='word_1_157' title='bbox 1700 1453 1793 1526; x_wconf 86' lang='lat' dir='ltr'><strong>imago</strong></span> <span class='ocrx_word' id='word_1_158' title='bbox 1812 1456 1841 1511; x_wconf 91' lang='lat' dir='ltr'><strong>in</strong></span> <span class='ocrx_word' id='word_1_159' title='bbox 1860 1457 1920 1527; x_wconf 92' lang='lat' dir='ltr'><strong>ipso</strong></span> <span class='ocrx_word' id='word_1_160' title='bbox 1942 1459 1984 1516; x_wconf 91' lang='lat' dir='ltr'><strong>in·</strong></span> 
     </span>
     <span class='ocr_line' id='line_1_13' title="bbox 275 1537 1984 1613; baseline 0.005 -20"><span class='ocrx_word' id='word_1_161' title='bbox 275 1539 305 1593; x_wconf 89' lang='lat' dir='ltr'><strong>in</strong></span> <span class='ocrx_word' id='word_1_162' title='bbox 330 1537 388 1592; x_wconf 89' lang='lat' dir='ltr'><strong>Dei</strong></span> <span class='ocrx_word' id='word_1_163' title='bbox 411 1538 515 1593; x_wconf 84' lang='lat' dir='ltr'><strong>foedus.</strong></span> <span class='ocrx_word' id='word_1_164' title='bbox 549 1538 615 1593; x_wconf 78' lang='lat' dir='ltr'><strong>dam</strong></span> <span class='ocrx_word' id='word_1_165' title='bbox 640 1555 706 1593; x_wconf 80' lang='lat' dir='ltr'><strong>vcro</strong></span> <span class='ocrx_word' id='word_1_166' title='bbox 729 1539 782 1610; x_wconf 85' lang='lat' dir='ltr'><strong>qui</strong></span> <span class='ocrx_word' id='word_1_167' title='bbox 803 1546 845 1594; x_wconf 89' lang='lat' dir='ltr'><strong>est</strong></span> <span class='ocrx_word' id='word_1_168' title='bbox 870 1540 897 1592; x_wconf 91' lang='grc'><strong>16</strong></span> <span class='ocrx_word' id='word_1_169' title='bbox 921 1538 976 1594; x_wconf 89' lang='grc' dir='ltr'><strong>Ι)61</strong></span> <span class='ocrx_word' id='word_1_170' title='bbox 1000 1538 1119 1606; x_wconf 83' lang='lat' dir='ltr'><strong>foedere,</strong></span> <span class='ocrx_word' id='word_1_171' title='bbox 1145 1539 1233 1609; x_wconf 89' lang='lat' dir='ltr'><strong>cipiat</strong></span> <span class='ocrx_word' id='word_1_172' title='bbox 1250 1539 1406 1603; x_wconf 86' lang='lat' dir='ltr'><strong>instaurari,</strong></span> <span class='ocrx_word' id='word_1_173' title='bbox 1423 1547 1455 1594; x_wconf 92' lang='lat' dir='ltr'><strong>ut</strong></span> <span class='ocrx_word' id='word_1_174' title='bbox 1471 1541 1551 1595; x_wconf 90' lang='lat' dir='ltr'><strong>homo</strong></span> <span class='ocrx_word' id='word_1_175' title='bbox 1571 1544 1689 1596; x_wconf 84' lang='lat' dir='ltr'><strong>interior</strong></span> <span class='ocrx_word' id='word_1_176' title='bbox 1705 1551 1862 1613; x_wconf 84' lang='lat' dir='ltr'><strong>renouetur,</strong></span> <span class='ocrx_word' id='word_1_177' title='bbox 1887 1544 1984 1603; x_wconf 70' lang='grc'><strong>2.(166.</strong></span> 
     </span>
     <span class='ocr_line' id='line_1_14' title="bbox 232 1620 1984 1702; baseline 0.003 -22"><span class='ocrx_word' id='word_1_178' title='bbox 232 1620 234 1630; x_wconf 85' lang='lat'>&#39;</span> <span class='ocrx_word' id='word_1_179' title='bbox 276 1630 321 1680; x_wconf 87' lang='lat' dir='ltr'><strong>est</strong></span> <span class='ocrx_word' id='word_1_180' title='bbox 336 1624 418 1679; x_wconf 88' lang='lat' dir='ltr'><strong>heres</strong></span> <span class='ocrx_word' id='word_1_181' title='bbox 438 1624 513 1679; x_wconf 84' lang='lat' dir='ltr'><strong>vitae</strong></span> <span class='ocrx_word' id='word_1_182' title='bbox 530 1629 674 1688; x_wconf 86' lang='lat' dir='ltr'><strong>aeternae,</strong></span> <span class='ocrx_word' id='word_1_183' title='bbox 699 1629 724 1679; x_wconf 85' lang='lat'><strong>2.</strong></span> <span class='ocrx_word' id='word_1_184' title='bbox 745 1623 806 1680; x_wconf 85' lang='lat' dir='ltr'><strong>Cor.</strong></span> <span class='ocrx_word' id='word_1_185' title='bbox 825 1630 856 1695; x_wconf 93' lang='grc'><strong>6,</strong></span> <span class='ocrx_word' id='word_1_186' title='bbox 873 1643 899 1678; x_wconf 85' lang='lat' dir='ltr'><strong>r.</strong></span> <span class='ocrx_word' id='word_1_187' title='bbox 922 1631 962 1681; x_wconf 87' lang='grc'><strong>16.</strong></span> <span class='ocrx_word' id='word_1_188' title='bbox 997 1625 1052 1679; x_wconf 84' lang='grc' dir='ltr'><strong>Ρ66</strong></span> <span class='ocrx_word' id='word_1_189' title='bbox 1071 1624 1118 1679; x_wconf 90' lang='lat' dir='ltr'><strong>ba·</strong></span> <span class='ocrx_word' id='word_1_190' title='bbox 1146 1632 1175 1689; x_wconf 80' lang='grc'><strong>1,</strong></span> <span class='ocrx_word' id='word_1_191' title='bbox 1197 1642 1223 1677; x_wconf 84' lang='lat' dir='ltr'><strong>v.</strong></span> <span class='ocrx_word' id='word_1_192' title='bbox 1242 1631 1280 1681; x_wconf 87' lang='grc'><strong>16.</strong></span> <span class='ocrx_word' id='word_1_193' title='bbox 1304 1633 1337 1680; x_wconf 89' lang='grc'><strong>61</strong></span> <span class='ocrx_word' id='word_1_194' title='bbox 1361 1634 1437 1679; x_wconf 85' lang='lat' dir='ltr'><strong>cetus</strong></span> <span class='ocrx_word' id='word_1_195' title='bbox 1455 1626 1535 1681; x_wconf 80' lang='lat' dir='ltr'><strong>boma</strong></span> <span class='ocrx_word' id='word_1_196' title='bbox 1554 1637 1672 1682; x_wconf 70' lang='lat' dir='ltr'><strong>emautur</strong></span> <span class='ocrx_word' id='word_1_197' title='bbox 1689 1637 1715 1682; x_wconf 87' lang='lat' dir='ltr'><strong>et</strong></span> <span class='ocrx_word' id='word_1_198' title='bbox 1732 1631 1870 1684; x_wconf 83' lang='lat' dir='ltr'><strong>induatur</strong></span> <span class='ocrx_word' id='word_1_199' title='bbox 1888 1649 1984 1702; x_wconf 78' lang='grc'><strong>66666,</strong></span> 
     </span>
     <span class='ocr_line' id='line_1_15' title="bbox 276 1708 1983 1787; baseline 0.006 -24"><span class='ocrx_word' id='word_1_200' title='bbox 276 1711 413 1782; x_wconf 87' lang='lat' dir='ltr'><strong>ptismum</strong></span> <span class='ocrx_word' id='word_1_201' title='bbox 439 1708 579 1763; x_wconf 86' lang='lat' dir='ltr'><strong>induimus</strong></span> <span class='ocrx_word' id='word_1_202' title='bbox 603 1708 751 1766; x_wconf 80' lang='lat' dir='ltr'><strong>Christum.</strong></span> <span class='ocrx_word' id='word_1_203' title='bbox 785 1712 850 1766; x_wconf 84' lang='lat' dir='ltr'><strong>Jam</strong></span> <span class='ocrx_word' id='word_1_204' title='bbox 873 1729 938 1767; x_wconf 84' lang='lat' dir='ltr'><strong>vero</strong></span> <span class='ocrx_word' id='word_1_205' title='bbox 964 1713 1014 1781; x_wconf 74' lang='lat' dir='ltr'><strong>qui</strong></span> <span class='ocrx_word' id='word_1_206' title='bbox 1037 1713 1119 1766; x_wconf 81' lang='lat' dir='ltr'><strong>labet</strong></span> <span class='ocrx_word' id='word_1_207' title='bbox 1146 1712 1205 1767; x_wconf 86' lang='lat' dir='ltr'><strong>Col.</strong></span> <span class='ocrx_word' id='word_1_208' title='bbox 1225 1717 1256 1774; x_wconf 87' lang='grc'><strong>3,</strong></span> <span class='ocrx_word' id='word_1_209' title='bbox 1274 1729 1300 1767; x_wconf 83' lang='lat' dir='ltr'><strong>r.</strong></span> <span class='ocrx_word' id='word_1_210' title='bbox 1323 1718 1361 1767; x_wconf 91' lang='lat'><strong>10.</strong></span> <span class='ocrx_word' id='word_1_211' title='bbox 1392 1718 1423 1765; x_wconf 92' lang='lat' dir='ltr'><strong>ut</strong></span> <span class='ocrx_word' id='word_1_212' title='bbox 1441 1712 1554 1781; x_wconf 88' lang='lat' dir='ltr'><strong>spiritus</strong></span> <span class='ocrx_word' id='word_1_213' title='bbox 1571 1720 1709 1784; x_wconf 76' lang='lat' dir='ltr'><strong>repugnet</strong></span> <span class='ocrx_word' id='word_1_214' title='bbox 1726 1716 1803 1769; x_wconf 88' lang='lat' dir='ltr'><strong>carni</strong></span> <span class='ocrx_word' id='word_1_215' title='bbox 1833 1716 1914 1787; x_wconf 90' lang='lat' dir='ltr'><strong>eique</strong></span> <span class='ocrx_word' id='word_1_216' title='bbox 1935 1719 1983 1774; x_wconf 89' lang='lat' dir='ltr'><strong>do-</strong></span> 
     </span>
     <span class='ocr_line' id='line_1_16' title="bbox 276 1795 1983 1870; baseline 0.006 -21"><span class='ocrx_word' id='word_1_217' title='bbox 276 1798 402 1864; x_wconf 70' lang='lat' dir='ltr'><strong>iitium,</strong></span> <span class='ocrx_word' id='word_1_218' title='bbox 430 1795 512 1849; x_wconf 79' lang='grc'><strong>16661</strong></span> <span class='ocrx_word' id='word_1_219' title='bbox 537 1796 623 1849; x_wconf 64' lang='lat' dir='ltr'><strong>etum</strong></span> <span class='ocrx_word' id='word_1_220' title='bbox 647 1804 797 1852; x_wconf 74' lang='grc'><strong>66666666.</strong></span> <span class='ocrx_word' id='word_1_221' title='bbox 836 1804 858 1853; x_wconf 94' lang='grc'><strong>1.</strong></span> <span class='ocrx_word' id='word_1_222' title='bbox 881 1798 946 1855; x_wconf 86' lang='lat' dir='ltr'><strong>Joh.</strong></span> <span class='ocrx_word' id='word_1_223' title='bbox 972 1805 1001 1865; x_wconf 84' lang='lat'><strong>5,</strong></span> <span class='ocrx_word' id='word_1_224' title='bbox 1028 1816 1053 1853; x_wconf 85' lang='lat' dir='ltr'><strong>v.</strong></span> <span class='ocrx_word' id='word_1_225' title='bbox 1080 1803 1119 1855; x_wconf 89' lang='grc'><strong>12.</strong></span> <span class='ocrx_word' id='word_1_226' title='bbox 1146 1797 1278 1862; x_wconf 89' lang='lat' dir='ltr'><strong>minetur,</strong></span> <span class='ocrx_word' id='word_1_227' title='bbox 1303 1813 1339 1852; x_wconf 89' lang='grc'><strong>66</strong></span> <span class='ocrx_word' id='word_1_228' title='bbox 1363 1802 1509 1868; x_wconf 88' lang='lat' dir='ltr'><strong>peccatum</strong></span> <span class='ocrx_word' id='word_1_229' title='bbox 1529 1797 1558 1850; x_wconf 91' lang='lat' dir='ltr'><strong>in</strong></span> <span class='ocrx_word' id='word_1_230' title='bbox 1577 1813 1692 1867; x_wconf 90' lang='lat' dir='ltr'><strong>corpore</strong></span> <span class='ocrx_word' id='word_1_231' title='bbox 1711 1816 1828 1870; x_wconf 81' lang='lat' dir='ltr'><strong>regnum</strong></span> <span class='ocrx_word' id='word_1_232' title='bbox 1849 1802 1983 1860; x_wconf 87' lang='lat' dir='ltr'><strong>obtineat.</strong></span> 
     </span>
     <span class='ocr_line' id='line_1_17' title="bbox 279 1882 1984 1959; baseline 0.002 -21"><span class='ocrx_word' id='word_1_233' title='bbox 279 1884 366 1955; x_wconf 79' lang='lat' dir='ltr'><strong>Ergo.</strong></span> <span class='ocrx_word' id='word_1_234' title='bbox 415 1883 471 1938; x_wconf 87' lang='lat' dir='ltr'><strong>Per</strong></span> <span class='ocrx_word' id='word_1_235' title='bbox 498 1882 668 1953; x_wconf 88' lang='lat' dir='ltr'><strong>baptismum</strong></span> <span class='ocrx_word' id='word_1_236' title='bbox 695 1884 861 1954; x_wconf 88' lang='lat' dir='ltr'><strong>adoptamur</strong></span> <span class='ocrx_word' id='word_1_237' title='bbox 889 1885 919 1939; x_wconf 91' lang='lat' dir='ltr'><strong>in</strong></span> <span class='ocrx_word' id='word_1_238' title='bbox 951 1885 1005 1940; x_wconf 89' lang='lat' dir='ltr'><strong>Dei</strong></span> <span class='ocrx_word' id='word_1_239' title='bbox 1038 1884 1118 1939; x_wconf 91' lang='lat' dir='ltr'><strong>filios.</strong></span> <span class='ocrx_word' id='word_1_240' title='bbox 1147 1883 1316 1938; x_wconf 85' lang='lat' dir='ltr'><strong>Monendum</strong></span> <span class='ocrx_word' id='word_1_241' title='bbox 1334 1891 1435 1952; x_wconf 80' lang='grc'><strong>161666,</strong></span> <span class='ocrx_word' id='word_1_242' title='bbox 1457 1883 1665 1939; x_wconf 85' lang='lat' dir='ltr'><strong>renovationem</strong></span> <span class='ocrx_word' id='word_1_243' title='bbox 1675 1902 1731 1941; x_wconf 89' lang='lat' dir='ltr'><strong>non</strong></span> <span class='ocrx_word' id='word_1_244' title='bbox 1743 1902 1803 1941; x_wconf 88' lang='lat' dir='ltr'><strong>esse</strong></span> <span class='ocrx_word' id='word_1_245' title='bbox 1816 1889 1910 1942; x_wconf 90' lang='lat' dir='ltr'><strong>statim</strong></span> <span class='ocrx_word' id='word_1_246' title='bbox 1922 1906 1984 1959; x_wconf 85' lang='grc'><strong>666-</strong></span> 
     </span>
     <span class='ocr_line' id='line_1_18' title="bbox 282 1969 1984 2044; baseline 0.005 -20"><span class='ocrx_word' id='word_1_247' title='bbox 282 1969 391 2034; x_wconf 80' lang='lat' dir='ltr'><strong>Quodsi</strong></span> <span class='ocrx_word' id='word_1_248' title='bbox 415 1969 473 2033; x_wconf 77' lang='lat' dir='ltr'><strong>filit</strong></span> <span class='ocrx_word' id='word_1_249' title='bbox 495 1970 555 2023; x_wconf 89' lang='lat' dir='ltr'><strong>Dei</strong></span> <span class='ocrx_word' id='word_1_250' title='bbox 578 1985 687 2038; x_wconf 82' lang='lat' dir='ltr'><strong>sumus,</strong></span> <span class='ocrx_word' id='word_1_251' title='bbox 712 1971 808 2039; x_wconf 79' lang='grc'><strong>(61666</strong></span> <span class='ocrx_word' id='word_1_252' title='bbox 833 1979 858 2025; x_wconf 88' lang='lat' dir='ltr'><strong>et</strong></span> <span class='ocrx_word' id='word_1_253' title='bbox 880 1971 998 2025; x_wconf 78' lang='lat' dir='ltr'><strong>heredes</strong></span> <span class='ocrx_word' id='word_1_254' title='bbox 1004 1993 1015 2040; x_wconf 87' lang='lat'><strong>,-</strong></span> <span class='ocrx_word' id='word_1_255' title='bbox 1039 1973 1120 2025; x_wconf 80' lang='lat' dir='ltr'><strong>lere·</strong></span> <span class='ocrx_word' id='word_1_256' title='bbox 1146 1970 1263 2038; x_wconf 85' lang='lat' dir='ltr'><strong>sectam,</strong></span> <span class='ocrx_word' id='word_1_257' title='bbox 1281 1970 1331 2025; x_wconf 91' lang='lat' dir='ltr'><strong>sed</strong></span> <span class='ocrx_word' id='word_1_258' title='bbox 1351 1970 1386 2025; x_wconf 93' lang='lat' dir='ltr'><strong>de</strong></span> <span class='ocrx_word' id='word_1_259' title='bbox 1404 1971 1450 2024; x_wconf 92' lang='lat' dir='ltr'><strong>die</strong></span> <span class='ocrx_word' id='word_1_260' title='bbox 1471 1970 1499 2024; x_wconf 92' lang='grc'><strong>16</strong></span> <span class='ocrx_word' id='word_1_261' title='bbox 1520 1970 1856 2043; x_wconf 88' lang='lat' dir='ltr'><strong>diemcresoeredcbere,</strong></span> <span class='ocrx_word' id='word_1_262' title='bbox 1875 1978 1984 2044; x_wconf 88' lang='lat' dir='ltr'><strong>quade</strong></span> 
     </span>
     <span class='ocr_line' id='line_1_19' title="bbox 281 2055 1983 2128; baseline 0.004 -17"><span class='ocrx_word' id='word_1_263' title='bbox 281 2060 334 2111; x_wconf 82' lang='lat' dir='ltr'><strong>des</strong></span> <span class='ocrx_word' id='word_1_264' title='bbox 349 2056 463 2125; x_wconf 75' lang='lat' dir='ltr'><strong>quictem</strong></span> <span class='ocrx_word' id='word_1_265' title='bbox 484 2056 556 2119; x_wconf 89' lang='lat' dir='ltr'><strong>Dei,</strong></span> <span class='ocrx_word' id='word_1_266' title='bbox 581 2057 731 2110; x_wconf 77' lang='lat' dir='ltr'><strong>coheredes</strong></span> <span class='ocrx_word' id='word_1_267' title='bbox 748 2066 841 2110; x_wconf 84' lang='lat' dir='ltr'><strong>autem</strong></span> <span class='ocrx_word' id='word_1_268' title='bbox 861 2057 980 2126; x_wconf 74' lang='lat' dir='ltr'><strong>Christi,</strong></span> <span class='ocrx_word' id='word_1_269' title='bbox 997 2057 1076 2111; x_wconf 83' lang='lat' dir='ltr'><strong>Rom.</strong></span> <span class='ocrx_word' id='word_1_270' title='bbox 1095 2063 1120 2122; x_wconf 87' lang='grc'><strong>8,</strong></span> <span class='ocrx_word' id='word_1_271' title='bbox 1146 2070 1176 2110; x_wconf 83' lang='grc'><strong>66</strong></span> <span class='ocrx_word' id='word_1_272' title='bbox 1205 2056 1285 2125; x_wconf 87' lang='lat' dir='ltr'><strong>plura</strong></span> <span class='ocrx_word' id='word_1_273' title='bbox 1310 2073 1360 2110; x_wconf 91' lang='lat' dir='ltr'><strong>suo</strong></span> <span class='ocrx_word' id='word_1_274' title='bbox 1386 2056 1454 2111; x_wconf 91' lang='lat' dir='ltr'><strong>loco.</strong></span> <span class='ocrx_word' id='word_1_275' title='bbox 1496 2055 1540 2110; x_wconf 92' lang='lat' dir='ltr'><strong>Dc</strong></span> <span class='ocrx_word' id='word_1_276' title='bbox 1563 2056 1616 2111; x_wconf 94' lang='lat' dir='ltr'><strong>hoc</strong></span> <span class='ocrx_word' id='word_1_277' title='bbox 1635 2057 1767 2128; x_wconf 83' lang='lat' dir='ltr'><strong>baptismi</strong></span> <span class='ocrx_word' id='word_1_278' title='bbox 1786 2059 1889 2115; x_wconf 84' lang='lat' dir='ltr'><strong>effectu</strong></span> <span class='ocrx_word' id='word_1_279' title='bbox 1908 2080 1983 2118; x_wconf 88' lang='lat' dir='ltr'><strong>cunr·</strong></span> 
     </span>
     <span class='ocr_line' id='line_1_20' title="bbox 280 2142 1984 2215; baseline 0.006 -20"><span class='ocrx_word' id='word_1_280' title='bbox 280 2161 307 2196; x_wconf 86' lang='lat' dir='ltr'><strong>r.</strong></span> <span class='ocrx_word' id='word_1_281' title='bbox 339 2149 377 2197; x_wconf 78' lang='grc'><strong>17.</strong></span> <span class='ocrx_word' id='word_1_282' title='bbox 419 2142 503 2213; x_wconf 84' lang='lat' dir='ltr'><strong>Ergo.</strong></span> <span class='ocrx_word' id='word_1_283' title='bbox 549 2143 645 2197; x_wconf 86' lang='lat' dir='ltr'><strong>Tertio</strong></span> <span class='ocrx_word' id='word_1_284' title='bbox 675 2160 709 2197; x_wconf 86' lang='lat' dir='ltr'><strong>ex</strong></span> <span class='ocrx_word' id='word_1_285' title='bbox 740 2143 775 2199; x_wconf 88' lang='lat' dir='ltr'><strong>V.</strong></span> <span class='ocrx_word' id='word_1_286' title='bbox 802 2143 836 2200; x_wconf 87' lang='lat' dir='ltr'><strong>T.</strong></span> <span class='ocrx_word' id='word_1_287' title='bbox 866 2143 951 2214; x_wconf 84' lang='lat' dir='ltr'><strong>typis.</strong></span> <span class='ocrx_word' id='word_1_288' title='bbox 989 2143 1022 2197; x_wconf 91' lang='lat' dir='ltr'><strong>In</strong></span> <span class='ocrx_word' id='word_1_289' title='bbox 1055 2160 1121 2197; x_wconf 83' lang='grc'><strong>6666</strong></span> <span class='ocrx_word' id='word_1_290' title='bbox 1146 2142 1242 2211; x_wconf 87' lang='lat' dir='ltr'><strong>primis</strong></span> <span class='ocrx_word' id='word_1_291' title='bbox 1264 2148 1383 2196; x_wconf 87' lang='lat' dir='ltr'><strong>testatur</strong></span> <span class='ocrx_word' id='word_1_292' title='bbox 1407 2142 1522 2198; x_wconf 86' lang='lat' dir='ltr'><strong>evidens</strong></span> <span class='ocrx_word' id='word_1_293' title='bbox 1548 2143 1654 2198; x_wconf 89' lang='lat' dir='ltr'><strong>dictum</strong></span> <span class='ocrx_word' id='word_1_294' title='bbox 1680 2145 1861 2215; x_wconf 89' lang='lat' dir='ltr'><strong>apostolicum</strong></span> <span class='ocrx_word' id='word_1_295' title='bbox 1880 2149 1936 2204; x_wconf 84' lang='lat' dir='ltr'><strong>Tit</strong></span> <span class='ocrx_word' id='word_1_296' title='bbox 1957 2155 1984 2213; x_wconf 86' lang='grc'><strong>3,</strong></span> 
     </span>
     <span class='ocr_line' id='line_1_21' title="bbox 279 2228 1983 2299; baseline 0.001 -16"><span class='ocrx_word' id='word_1_297' title='bbox 279 2235 407 2298; x_wconf 91' lang='lat' dir='ltr'><strong>tempore</strong></span> <span class='ocrx_word' id='word_1_298' title='bbox 430 2228 528 2282; x_wconf 78' lang='lat' dir='ltr'><strong>diluvii</strong></span> <span class='ocrx_word' id='word_1_299' title='bbox 553 2235 615 2283; x_wconf 89' lang='lat' dir='ltr'><strong>octo</strong></span> <span class='ocrx_word' id='word_1_300' title='bbox 640 2229 749 2283; x_wconf 85' lang='lat' dir='ltr'><strong>animae</strong></span> <span class='ocrx_word' id='word_1_301' title='bbox 774 2230 957 2284; x_wconf 87' lang='lat' dir='ltr'><strong>servabantur</strong></span> <span class='ocrx_word' id='word_1_302' title='bbox 975 2228 1075 2285; x_wconf 81' lang='lat' dir='ltr'><strong>Gener.</strong></span> <span class='ocrx_word' id='word_1_303' title='bbox 1094 2234 1119 2295; x_wconf 82' lang='grc'><strong>8,</strong></span> <span class='ocrx_word' id='word_1_304' title='bbox 1147 2245 1171 2283; x_wconf 83' lang='lat' dir='ltr'><strong>v.</strong></span> <span class='ocrx_word' id='word_1_305' title='bbox 1192 2234 1221 2282; x_wconf 89' lang='lat'><strong>5:</strong></span> <span class='ocrx_word' id='word_1_306' title='bbox 1250 2229 1416 2298; x_wconf 78' lang='lat' dir='ltr'><strong>Baptismus</strong></span> <span class='ocrx_word' id='word_1_307' title='bbox 1440 2235 1482 2281; x_wconf 90' lang='lat' dir='ltr'><strong>est</strong></span> <span class='ocrx_word' id='word_1_308' title='bbox 1505 2229 1650 2283; x_wconf 83' lang='lat' dir='ltr'><strong>lavacrum</strong></span> <span class='ocrx_word' id='word_1_309' title='bbox 1676 2233 1876 2289; x_wconf 82' lang='lat' dir='ltr'><strong>renovationis.</strong></span> <span class='ocrx_word' id='word_1_310' title='bbox 1917 2235 1983 2299; x_wconf 78' lang='lat' dir='ltr'><strong>Qui-</strong></span> 
     </span>
     <span class='ocr_line' id='line_1_22' title="bbox 280 2313 1983 2388; baseline 0.004 -18"><span class='ocrx_word' id='word_1_311' title='bbox 280 2334 306 2369; x_wconf 82' lang='lat' dir='ltr'><strong>v.</strong></span> <span class='ocrx_word' id='word_1_312' title='bbox 331 2321 370 2370; x_wconf 82' lang='lat'><strong>18.</strong></span> <span class='ocrx_word' id='word_1_313' title='bbox 395 2314 429 2367; x_wconf 97' lang='lat' dir='ltr'><strong>Id</strong></span> <span class='ocrx_word' id='word_1_314' title='bbox 443 2313 544 2368; x_wconf 86' lang='lat' dir='ltr'><strong>Petrus</strong></span> <span class='ocrx_word' id='word_1_315' title='bbox 561 2314 598 2368; x_wconf 88' lang='lat' dir='ltr'><strong>ad</strong></span> <span class='ocrx_word' id='word_1_316' title='bbox 615 2314 755 2384; x_wconf 83' lang='lat' dir='ltr'><strong>baptisma</strong></span> <span class='ocrx_word' id='word_1_317' title='bbox 771 2314 923 2369; x_wconf 76' lang='grc' dir='ltr'><em>ἀντίτυπον</em></span> <span class='ocrx_word' id='word_1_318' title='bbox 936 2332 1017 2371; x_wconf 90' lang='lat' dir='ltr'><strong>arcae</strong></span> <span class='ocrx_word' id='word_1_319' title='bbox 1030 2323 1120 2369; x_wconf 83' lang='grc'><strong>16666-</strong></span> <span class='ocrx_word' id='word_1_320' title='bbox 1147 2314 1211 2366; x_wconf 90' lang='lat' dir='ltr'><strong>dam</strong></span> <span class='ocrx_word' id='word_1_321' title='bbox 1241 2313 1295 2367; x_wconf 91' lang='lat' dir='ltr'><strong>huc</strong></span> <span class='ocrx_word' id='word_1_322' title='bbox 1321 2314 1445 2368; x_wconf 84' lang='lat' dir='ltr'><strong>referunt</strong></span> <span class='ocrx_word' id='word_1_323' title='bbox 1468 2321 1568 2385; x_wconf 90' lang='lat' dir='ltr'><strong>typum</strong></span> <span class='ocrx_word' id='word_1_324' title='bbox 1586 2316 1698 2381; x_wconf 82' lang='lat' dir='ltr'><strong>diluvii,</strong></span> <span class='ocrx_word' id='word_1_325' title='bbox 1724 2335 1779 2388; x_wconf 93' lang='lat' dir='ltr'><strong>quo</strong></span> <span class='ocrx_word' id='word_1_326' title='bbox 1806 2325 1865 2373; x_wconf 91' lang='lat' dir='ltr'><strong>tota</strong></span> <span class='ocrx_word' id='word_1_327' title='bbox 1890 2337 1983 2377; x_wconf 88' lang='lat' dir='ltr'><strong>rerum</strong></span> 
     </span>
     <span class='ocr_line' id='line_1_23' title="bbox 281 2397 1990 2476; baseline 0.005 -22"><span class='ocrx_word' id='word_1_328' title='bbox 281 2400 353 2469; x_wconf 84' lang='lat' dir='ltr'><strong>fert,</strong></span> <span class='ocrx_word' id='word_1_329' title='bbox 384 2405 404 2456; x_wconf 92' lang='grc'><strong>1.</strong></span> <span class='ocrx_word' id='word_1_330' title='bbox 423 2400 503 2470; x_wconf 80' lang='lat' dir='ltr'><strong>epist</strong></span> <span class='ocrx_word' id='word_1_331' title='bbox 523 2404 555 2468; x_wconf 89' lang='grc'><strong>3,</strong></span> <span class='ocrx_word' id='word_1_332' title='bbox 579 2416 604 2452; x_wconf 84' lang='lat' dir='ltr'><strong>v.</strong></span> <span class='ocrx_word' id='word_1_333' title='bbox 625 2406 671 2468; x_wconf 87' lang='lat'><strong>20,</strong></span> <span class='ocrx_word' id='word_1_334' title='bbox 700 2401 729 2455; x_wconf 92' lang='grc'><strong>16</strong></span> <span class='ocrx_word' id='word_1_335' title='bbox 749 2418 803 2472; x_wconf 90' lang='lat' dir='ltr'><strong>quo</strong></span> <span class='ocrx_word' id='word_1_336' title='bbox 823 2402 860 2455; x_wconf 87' lang='lat' dir='ltr'><strong>ad</strong></span> <span class='ocrx_word' id='word_1_337' title='bbox 877 2401 964 2457; x_wconf 82' lang='lat' dir='ltr'><strong>vitam</strong></span> <span class='ocrx_word' id='word_1_338' title='bbox 980 2408 1120 2457; x_wconf 84' lang='lat' dir='ltr'><strong>aeternam</strong></span> <span class='ocrx_word' id='word_1_339' title='bbox 1147 2400 1311 2454; x_wconf 86' lang='lat' dir='ltr'><strong>universitas</strong></span> <span class='ocrx_word' id='word_1_340' title='bbox 1336 2401 1413 2456; x_wconf 87' lang='lat' dir='ltr'><strong>velut</strong></span> <span class='ocrx_word' id='word_1_341' title='bbox 1436 2409 1569 2456; x_wconf 86' lang='lat' dir='ltr'><strong>renovata</strong></span> <span class='ocrx_word' id='word_1_342' title='bbox 1590 2402 1645 2456; x_wconf 85' lang='lat' dir='ltr'><strong>fuit</strong></span> <span class='ocrx_word' id='word_1_343' title='bbox 1662 2410 1690 2458; x_wconf 89' lang='lat' dir='ltr'><strong>et</strong></span> <span class='ocrx_word' id='word_1_344' title='bbox 1707 2404 1866 2476; x_wconf 85' lang='lat' dir='ltr'><strong>immutata,</strong></span> <span class='ocrx_word' id='word_1_345' title='bbox 1890 2425 1923 2462; x_wconf 90' lang='lat' dir='ltr'><strong>sc</strong></span> <span class='ocrx_word' id='word_1_346' title='bbox 1942 2397 1990 2462; x_wconf 75' lang='lat' dir='ltr'><strong>‹ii-⁸</strong></span> 
     </span>
     <span class='ocr_line' id='line_1_24' title="bbox 279 2486 1981 2563; baseline 0.004 -22"><span class='ocrx_word' id='word_1_347' title='bbox 279 2502 479 2541; x_wconf 80' lang='lat' dir='ltr'><strong>conservamur</strong></span> <span class='ocrx_word' id='word_1_348' title='bbox 494 2491 522 2540; x_wconf 89' lang='grc'><strong>61</strong></span> <span class='ocrx_word' id='word_1_349' title='bbox 540 2503 558 2540; x_wconf 86' lang='grc'><strong>6</strong></span> <span class='ocrx_word' id='word_1_350' title='bbox 577 2486 681 2542; x_wconf 87' lang='lat' dir='ltr'><strong>diluvio</strong></span> <span class='ocrx_word' id='word_1_351' title='bbox 699 2487 757 2542; x_wconf 90' lang='lat' dir='ltr'><strong>irae</strong></span> <span class='ocrx_word' id='word_1_352' title='bbox 776 2488 887 2542; x_wconf 85' lang='lat' dir='ltr'><strong>divinae</strong></span> <span class='ocrx_word' id='word_1_353' title='bbox 905 2505 1121 2558; x_wconf 85' lang='lat' dir='ltr'><strong>praeservsmur.</strong></span> <span class='ocrx_word' id='word_1_354' title='bbox 1147 2492 1222 2540; x_wconf 91' lang='lat' dir='ltr'><strong>etum</strong></span> <span class='ocrx_word' id='word_1_355' title='bbox 1247 2486 1351 2545; x_wconf 83' lang='lat' dir='ltr'><strong>Psalm.</strong></span> <span class='ocrx_word' id='word_1_356' title='bbox 1372 2493 1435 2551; x_wconf 84' lang='grc'><strong>103,</strong></span> <span class='ocrx_word' id='word_1_357' title='bbox 1452 2506 1478 2541; x_wconf 88' lang='lat' dir='ltr'><strong>v.</strong></span> <span class='ocrx_word' id='word_1_358' title='bbox 1497 2496 1525 2544; x_wconf 85' lang='lat'><strong>5:</strong></span> <span class='ocrx_word' id='word_1_359' title='bbox 1549 2490 1740 2543; x_wconf 82' lang='lat' dir='ltr'><strong>Renouabitur</strong></span> <span class='ocrx_word' id='word_1_360' title='bbox 1756 2499 1787 2543; x_wconf 85' lang='lat' dir='ltr'><strong>ut</strong></span> <span class='ocrx_word' id='word_1_361' title='bbox 1805 2494 1919 2560; x_wconf 73' lang='lat' dir='ltr'><strong>aquilae</strong></span> <span class='ocrx_word' id='word_1_362' title='bbox 1931 2496 1981 2563; x_wconf 80' lang='lat' dir='ltr'><strong>ju·</strong></span> 
     </span>
     <span class='ocr_line' id='line_1_25' title="bbox 280 2572 1984 2651; baseline 0.004 -24"><span class='ocrx_word' id='word_1_363' title='bbox 280 2572 385 2627; x_wconf 82' lang='lat' dir='ltr'><strong>Erech.</strong></span> <span class='ocrx_word' id='word_1_364' title='bbox 405 2579 453 2641; x_wconf 82' lang='grc'><strong>47,</strong></span> <span class='ocrx_word' id='word_1_365' title='bbox 478 2590 503 2625; x_wconf 84' lang='grc'><strong>6.</strong></span> <span class='ocrx_word' id='word_1_366' title='bbox 524 2579 552 2627; x_wconf 86' lang='lat'><strong>9:</strong></span> <span class='ocrx_word' id='word_1_367' title='bbox 579 2572 680 2626; x_wconf 79' lang='lat' dir='ltr'><strong>subter</strong></span> <span class='ocrx_word' id='word_1_368' title='bbox 703 2575 788 2627; x_wconf 87' lang='lat' dir='ltr'><strong>limen</strong></span> <span class='ocrx_word' id='word_1_369' title='bbox 813 2574 912 2643; x_wconf 87' lang='lat' dir='ltr'><strong>tempii</strong></span> <span class='ocrx_word' id='word_1_370' title='bbox 937 2576 1119 2642; x_wconf 80' lang='lat' dir='ltr'><strong>epredinntur</strong></span> <span class='ocrx_word' id='word_1_371' title='bbox 1145 2580 1242 2625; x_wconf 80' lang='lat' dir='ltr'><strong>uentus</strong></span> <span class='ocrx_word' id='word_1_372' title='bbox 1266 2580 1324 2627; x_wconf 87' lang='lat' dir='ltr'><strong>tua.</strong></span> <span class='ocrx_word' id='word_1_373' title='bbox 1364 2573 1481 2629; x_wconf 87' lang='lat' dir='ltr'><strong>Veteres</strong></span> <span class='ocrx_word' id='word_1_374' title='bbox 1507 2574 1562 2629; x_wconf 91' lang='lat' dir='ltr'><strong>huc</strong></span> <span class='ocrx_word' id='word_1_375' title='bbox 1585 2576 1797 2631; x_wconf 86' lang='lat' dir='ltr'><strong>accommodant</strong></span> <span class='ocrx_word' id='word_1_376' title='bbox 1814 2578 1900 2634; x_wconf 83' lang='lat' dir='ltr'><strong>verba</strong></span> <span class='ocrx_word' id='word_1_377' title='bbox 1917 2597 1984 2651; x_wconf 86' lang='lat' dir='ltr'><strong>apo·</strong></span> 
     </span>
     <span class='ocr_line' id='line_1_26' title="bbox 277 2657 1984 2729; baseline 0.005 -16"><span class='ocrx_word' id='word_1_378' title='bbox 277 2677 374 2729; x_wconf 71' lang='lat' dir='ltr'><strong>aquae</strong></span> <span class='ocrx_word' id='word_1_379' title='bbox 394 2667 531 2713; x_wconf 83' lang='lat' dir='ltr'><strong>sanantes</strong></span> <span class='ocrx_word' id='word_1_380' title='bbox 550 2667 576 2712; x_wconf 88' lang='lat' dir='ltr'><strong>et</strong></span> <span class='ocrx_word' id='word_1_381' title='bbox 594 2660 862 2729; x_wconf 75' lang='lat' dir='ltr'><strong>uioiyicantesomne,</strong></span> <span class='ocrx_word' id='word_1_382' title='bbox 882 2662 1022 2729; x_wconf 74' lang='grc'><strong>6616166161</strong></span> <span class='ocrx_word' id='word_1_383' title='bbox 1033 2661 1119 2714; x_wconf 86' lang='lat' dir='ltr'><strong>conti·</strong></span> <span class='ocrx_word' id='word_1_384' title='bbox 1146 2658 1209 2711; x_wconf 90' lang='lat' dir='ltr'><strong>stoli</strong></span> <span class='ocrx_word' id='word_1_385' title='bbox 1228 2657 1291 2714; x_wconf 86' lang='lat' dir='ltr'><strong>Gal.</strong></span> <span class='ocrx_word' id='word_1_386' title='bbox 1313 2664 1343 2724; x_wconf 89' lang='grc'><strong>6,</strong></span> <span class='ocrx_word' id='word_1_387' title='bbox 1360 2676 1386 2712; x_wconf 84' lang='lat' dir='ltr'><strong>v.</strong></span> <span class='ocrx_word' id='word_1_388' title='bbox 1411 2665 1454 2715; x_wconf 84' lang='lat'><strong>15:</strong></span> <span class='ocrx_word' id='word_1_389' title='bbox 1479 2661 1516 2713; x_wconf 91' lang='lat' dir='ltr'><strong>In</strong></span> <span class='ocrx_word' id='word_1_390' title='bbox 1535 2659 1647 2715; x_wconf 72' lang='lat' dir='ltr'><strong>Christo</strong></span> <span class='ocrx_word' id='word_1_391' title='bbox 1666 2678 1716 2716; x_wconf 86' lang='lat' dir='ltr'><strong>nec</strong></span> <span class='ocrx_word' id='word_1_392' title='bbox 1735 2663 1911 2718; x_wconf 84' lang='lat' dir='ltr'><strong>circumcisio</strong></span> <span class='ocrx_word' id='word_1_393' title='bbox 1930 2667 1984 2721; x_wconf 86' lang='lat' dir='ltr'><strong>uli·</strong></span> 
     </span>
     <span class='ocr_line' id='line_1_27' title="bbox 276 2744 1983 2818; baseline 0.005 -19"><span class='ocrx_word' id='word_1_394' title='bbox 276 2748 382 2818; x_wconf 65' lang='lat' dir='ltr'><strong>pariat.</strong></span> <span class='ocrx_word' id='word_1_395' title='bbox 418 2744 525 2809; x_wconf 80' lang='lat' dir='ltr'><strong>Quarto</strong></span> <span class='ocrx_word' id='word_1_396' title='bbox 548 2763 580 2801; x_wconf 86' lang='lat' dir='ltr'><strong>ex</strong></span> <span class='ocrx_word' id='word_1_397' title='bbox 603 2747 747 2816; x_wconf 87' lang='lat' dir='ltr'><strong>apertione</strong></span> <span class='ocrx_word' id='word_1_398' title='bbox 774 2746 913 2802; x_wconf 90' lang='lat' dir='ltr'><strong>coelorum</strong></span> <span class='ocrx_word' id='word_1_399' title='bbox 931 2746 1053 2802; x_wconf 84' lang='grc'><strong>1661616</strong></span> <span class='ocrx_word' id='word_1_400' title='bbox 1071 2748 1120 2803; x_wconf 85' lang='lat' dir='ltr'><strong>bo·</strong></span> <span class='ocrx_word' id='word_1_401' title='bbox 1147 2745 1218 2811; x_wconf 76' lang='lat' dir='ltr'><strong>quid</strong></span> <span class='ocrx_word' id='word_1_402' title='bbox 1245 2745 1328 2813; x_wconf 87' lang='lat' dir='ltr'><strong>valet,</strong></span> <span class='ocrx_word' id='word_1_403' title='bbox 1358 2762 1408 2798; x_wconf 88' lang='lat' dir='ltr'><strong>nec</strong></span> <span class='ocrx_word' id='word_1_404' title='bbox 1437 2747 1634 2815; x_wconf 83' lang='lat' dir='ltr'><strong>praeputium,</strong></span> <span class='ocrx_word' id='word_1_405' title='bbox 1661 2750 1714 2801; x_wconf 85' lang='lat' dir='ltr'><strong>scd</strong></span> <span class='ocrx_word' id='word_1_406' title='bbox 1741 2767 1813 2802; x_wconf 86' lang='lat' dir='ltr'><strong>nucu</strong></span> <span class='ocrx_word' id='word_1_407' title='bbox 1841 2761 1983 2808; x_wconf 87' lang='lat' dir='ltr'><strong>creatura.</strong></span> 
     </span>
     <span class='ocr_line' id='line_1_28' title="bbox 276 2830 1984 2907; baseline 0.001 -20"><span class='ocrx_word' id='word_1_408' title='bbox 276 2834 383 2903; x_wconf 79' lang='lat' dir='ltr'><strong>ptlsmo</strong></span> <span class='ocrx_word' id='word_1_409' title='bbox 409 2831 527 2898; x_wconf 82' lang='lat' dir='ltr'><strong>Christi,</strong></span> <span class='ocrx_word' id='word_1_410' title='bbox 552 2830 653 2886; x_wconf 77' lang='lat' dir='ltr'><strong>March.</strong></span> <span class='ocrx_word' id='word_1_411' title='bbox 683 2838 713 2901; x_wconf 84' lang='lat'><strong>³,</strong></span> <span class='ocrx_word' id='word_1_412' title='bbox 739 2850 763 2885; x_wconf 83' lang='lat' dir='ltr'><strong>v.</strong></span> <span class='ocrx_word' id='word_1_413' title='bbox 792 2838 829 2887; x_wconf 83' lang='grc'><strong>16.</strong></span> <span class='ocrx_word' id='word_1_414' title='bbox 865 2833 950 2887; x_wconf 81' lang='lat' dir='ltr'><strong>Mare.</strong></span> <span class='ocrx_word' id='word_1_415' title='bbox 973 2839 999 2896; x_wconf 88' lang='grc'><strong>1,</strong></span> <span class='ocrx_word' id='word_1_416' title='bbox 1027 2851 1052 2888; x_wconf 83' lang='lat' dir='ltr'><strong>v.</strong></span> <span class='ocrx_word' id='word_1_417' title='bbox 1080 2839 1119 2888; x_wconf 86' lang='grc'><strong>10.</strong></span> <span class='ocrx_word' id='word_1_418' title='bbox 1145 2830 1230 2885; x_wconf 85' lang='lat' dir='ltr'><strong>Hebr.</strong></span> <span class='ocrx_word' id='word_1_419' title='bbox 1250 2836 1274 2897; x_wconf 87' lang='grc'><strong>6,</strong></span> <span class='ocrx_word' id='word_1_420' title='bbox 1292 2847 1318 2885; x_wconf 82' lang='lat' dir='ltr'><strong>v.</strong></span> <span class='ocrx_word' id='word_1_421' title='bbox 1336 2836 1360 2884; x_wconf 84' lang='lat' dir='ltr'><strong>u.</strong></span> <span class='ocrx_word' id='word_1_422' title='bbox 1380 2830 1476 2885; x_wconf 83' lang='lat' dir='ltr'><strong>itidem</strong></span> <span class='ocrx_word' id='word_1_423' title='bbox 1492 2830 1525 2883; x_wconf 82' lang='lat' dir='ltr'><strong>fit</strong></span> <span class='ocrx_word' id='word_1_424' title='bbox 1542 2831 1645 2886; x_wconf 85' lang='lat' dir='ltr'><strong>mentio</strong></span> <span class='ocrx_word' id='word_1_425' title='bbox 1664 2832 1868 2907; x_wconf 77' lang='grc' dir='ltr'><strong><em>ἀνακαινισμοῦ</em></strong></span> <span class='ocrx_word' id='word_1_426' title='bbox 1882 2840 1984 2902; x_wconf 71' lang='lat' dir='ltr'><strong>slepe-</strong></span> 
     </span>
     <span class='ocr_line' id='line_1_29' title="bbox 277 2916 1983 2992; baseline 0.002 -18"><span class='ocrx_word' id='word_1_427' title='bbox 277 2919 350 2974; x_wconf 89' lang='lat' dir='ltr'><strong>Luc.</strong></span> <span class='ocrx_word' id='word_1_428' title='bbox 364 2924 390 2987; x_wconf 87' lang='grc'><strong>3,</strong></span> <span class='ocrx_word' id='word_1_429' title='bbox 402 2936 428 2974; x_wconf 85' lang='lat' dir='ltr'><strong>v.</strong></span> <span class='ocrx_word' id='word_1_430' title='bbox 444 2924 484 2973; x_wconf 86' lang='grc'><strong>21.</strong></span> <span class='ocrx_word' id='word_1_431' title='bbox 520 2917 582 2981; x_wconf 86' lang='lat' dir='ltr'><strong>Qua</strong></span> <span class='ocrx_word' id='word_1_432' title='bbox 599 2918 786 2988; x_wconf 84' lang='lat' dir='ltr'><strong>significatum</strong></span> <span class='ocrx_word' id='word_1_433' title='bbox 804 2919 866 2987; x_wconf 86' lang='lat' dir='ltr'><strong>fuir,</strong></span> <span class='ocrx_word' id='word_1_434' title='bbox 883 2919 910 2973; x_wconf 94' lang='grc'><strong>16</strong></span> <span class='ocrx_word' id='word_1_435' title='bbox 929 2925 1023 2974; x_wconf 87' lang='grc'><strong>666166</strong></span> <span class='ocrx_word' id='word_1_436' title='bbox 1036 2920 1119 2975; x_wconf 86' lang='lat' dir='ltr'><strong>etiam</strong></span> <span class='ocrx_word' id='word_1_437' title='bbox 1146 2916 1267 2984; x_wconf 75' lang='grc'><strong>61166166,</strong></span> <span class='ocrx_word' id='word_1_438' title='bbox 1285 2917 1361 2988; x_wconf 91' lang='lat' dir='ltr'><strong>quod</strong></span> <span class='ocrx_word' id='word_1_439' title='bbox 1380 2916 1414 2970; x_wconf 91' lang='lat' dir='ltr'><strong>de</strong></span> <span class='ocrx_word' id='word_1_440' title='bbox 1431 2916 1608 2971; x_wconf 84' lang='lat' dir='ltr'><strong>renovatione</strong></span> <span class='ocrx_word' id='word_1_441' title='bbox 1625 2933 1676 2985; x_wconf 88' lang='lat' dir='ltr'><strong>per</strong></span> <span class='ocrx_word' id='word_1_442' title='bbox 1687 2917 1856 2987; x_wconf 89' lang='lat' dir='ltr'><strong>baptismum</strong></span> <span class='ocrx_word' id='word_1_443' title='bbox 1868 2922 1983 2992; x_wconf 88' lang='lat' dir='ltr'><strong>quidam</strong></span> 
     </span>
     <span class='ocr_line' id='line_1_30' title="bbox 275 3001 1984 3076; baseline 0.003 -17"><span class='ocrx_word' id='word_1_444' title='bbox 275 3004 436 3075; x_wconf 88' lang='lat' dir='ltr'><strong>baptismo,</strong></span> <span class='ocrx_word' id='word_1_445' title='bbox 463 3020 514 3074; x_wconf 90' lang='lat' dir='ltr'><strong>per</strong></span> <span class='ocrx_word' id='word_1_446' title='bbox 538 3020 620 3074; x_wconf 88' lang='lat' dir='ltr'><strong>quem</strong></span> <span class='ocrx_word' id='word_1_447' title='bbox 638 3003 748 3058; x_wconf 85' lang='lat' dir='ltr'><strong>Christo</strong></span> <span class='ocrx_word' id='word_1_448' title='bbox 768 3004 990 3074; x_wconf 90' lang='lat' dir='ltr'><strong>incorporamur,</strong></span> <span class='ocrx_word' id='word_1_449' title='bbox 1011 3006 1119 3062; x_wconf 88' lang='grc'><strong>6166666</strong></span> <span class='ocrx_word' id='word_1_450' title='bbox 1145 3002 1294 3073; x_wconf 82' lang='lat' dir='ltr'><strong>accipiunt</strong></span> <span class='ocrx_word' id='word_1_451' title='bbox 1341 3002 1506 3057; x_wconf 89' lang='lat' dir='ltr'><strong>Ambrosius</strong></span> <span class='ocrx_word' id='word_1_452' title='bbox 1536 3001 1565 3055; x_wconf 90' lang='lat' dir='ltr'><strong>in</strong></span> <span class='ocrx_word' id='word_1_453' title='bbox 1592 3019 1616 3056; x_wconf 91' lang='grc'><strong>6.</strong></span> <span class='ocrx_word' id='word_1_454' title='bbox 1644 3008 1667 3059; x_wconf 91' lang='grc'><strong>6.</strong></span> <span class='ocrx_word' id='word_1_455' title='bbox 1695 3003 1789 3058; x_wconf 84' lang='lat' dir='ltr'><strong>Rom:</strong></span> <span class='ocrx_word' id='word_1_456' title='bbox 1818 3008 1984 3076; x_wconf 81' lang='lat' dir='ltr'><strong>Baptismus</strong></span> 
     </span>
     <span class='ocr_line' id='line_1_31' title="bbox 277 3088 1984 3165; baseline 0.004 -20"><span class='ocrx_word' id='word_1_457' title='bbox 277 3091 352 3145; x_wconf 85' lang='lat' dir='ltr'><strong>coeli</strong></span> <span class='ocrx_word' id='word_1_458' title='bbox 376 3090 451 3145; x_wconf 83' lang='lat' dir='ltr'><strong>iores</strong></span> <span class='ocrx_word' id='word_1_459' title='bbox 470 3091 549 3147; x_wconf 91' lang='lat' dir='ltr'><strong>nobis</strong></span> <span class='ocrx_word' id='word_1_460' title='bbox 568 3090 684 3161; x_wconf 90' lang='lat' dir='ltr'><strong>aperiri,</strong></span> <span class='ocrx_word' id='word_1_461' title='bbox 714 3108 819 3161; x_wconf 90' lang='lat' dir='ltr'><strong>uosque</strong></span> <span class='ocrx_word' id='word_1_462' title='bbox 839 3108 872 3146; x_wconf 86' lang='lat' dir='ltr'><strong>ex</strong></span> <span class='ocrx_word' id='word_1_463' title='bbox 891 3090 955 3145; x_wconf 88' lang='lat' dir='ltr'><strong>filiis</strong></span> <span class='ocrx_word' id='word_1_464' title='bbox 974 3092 1031 3147; x_wconf 90' lang='lat' dir='ltr'><strong>irae</strong></span> <span class='ocrx_word' id='word_1_465' title='bbox 1048 3092 1119 3147; x_wconf 87' lang='lat' dir='ltr'><strong>filios</strong></span> <span class='ocrx_word' id='word_1_466' title='bbox 1145 3107 1221 3142; x_wconf 83' lang='lat' dir='ltr'><strong>mors</strong></span> <span class='ocrx_word' id='word_1_467' title='bbox 1241 3090 1355 3157; x_wconf 88' lang='lat' dir='ltr'><strong>peccati</strong></span> <span class='ocrx_word' id='word_1_468' title='bbox 1380 3096 1433 3157; x_wconf 84' lang='lat' dir='ltr'><strong>est,</strong></span> <span class='ocrx_word' id='word_1_469' title='bbox 1458 3096 1490 3141; x_wconf 85' lang='lat' dir='ltr'><strong>at</strong></span> <span class='ocrx_word' id='word_1_470' title='bbox 1512 3088 1575 3141; x_wconf 85' lang='lat' dir='ltr'><strong>ulia</strong></span> <span class='ocrx_word' id='word_1_471' title='bbox 1593 3096 1725 3157; x_wconf 79' lang='lat' dir='ltr'><strong>sequatur</strong></span> <span class='ocrx_word' id='word_1_472' title='bbox 1745 3090 1893 3163; x_wconf 79' lang='lat' dir='ltr'><strong>nativitus,</strong></span> <span class='ocrx_word' id='word_1_473' title='bbox 1912 3113 1984 3165; x_wconf 81' lang='lat' dir='ltr'><strong>puae</strong></span> 
     </span>
     <span class='ocr_line' id='line_1_32' title="bbox 277 3176 1983 3249; baseline 0.004 -18"><span class='ocrx_word' id='word_1_474' title='bbox 277 3177 391 3249; x_wconf 79' lang='lat' dir='ltr'><strong>gratiae</strong></span> <span class='ocrx_word' id='word_1_475' title='bbox 414 3180 443 3231; x_wconf 91' lang='grc'><strong>61</strong></span> <span class='ocrx_word' id='word_1_476' title='bbox 464 3176 580 3231; x_wconf 89' lang='lat' dir='ltr'><strong>heredes</strong></span> <span class='ocrx_word' id='word_1_477' title='bbox 606 3177 680 3231; x_wconf 85' lang='lat' dir='ltr'><strong>vitae</strong></span> <span class='ocrx_word' id='word_1_478' title='bbox 702 3182 832 3231; x_wconf 88' lang='lat' dir='ltr'><strong>aeternae</strong></span> <span class='ocrx_word' id='word_1_479' title='bbox 856 3176 929 3245; x_wconf 88' lang='lat' dir='ltr'><strong>fieri,</strong></span> <span class='ocrx_word' id='word_1_480' title='bbox 957 3196 1011 3249; x_wconf 88' lang='lat' dir='ltr'><strong>qua</strong></span> <span class='ocrx_word' id='word_1_481' title='bbox 1036 3180 1071 3233; x_wconf 90' lang='lat' dir='ltr'><strong>de</strong></span> <span class='ocrx_word' id='word_1_482' title='bbox 1089 3196 1120 3233; x_wconf 90' lang='lat' dir='ltr'><strong>re</strong></span> <span class='ocrx_word' id='word_1_483' title='bbox 1146 3177 1275 3243; x_wconf 70' lang='lat' dir='ltr'><strong>corporis</strong></span> <span class='ocrx_word' id='word_1_484' title='bbox 1292 3183 1421 3228; x_wconf 86' lang='lat' dir='ltr'><strong>monente</strong></span> <span class='ocrx_word' id='word_1_485' title='bbox 1445 3176 1610 3245; x_wconf 75' lang='lat' dir='ltr'><strong>cornpupr&#39;ne</strong></span> <span class='ocrx_word' id='word_1_486' title='bbox 1633 3176 1770 3230; x_wconf 77' lang='lat' dir='ltr'><strong>bominem</strong></span> <span class='ocrx_word' id='word_1_487' title='bbox 1792 3189 1879 3234; x_wconf 86' lang='lat' dir='ltr'><strong>mente</strong></span> <span class='ocrx_word' id='word_1_488' title='bbox 1903 3183 1983 3238; x_wconf 90' lang='lat' dir='ltr'><strong>inno·</strong></span> 
     </span>
     <span class='ocr_line' id='line_1_33' title="bbox 277 3262 1983 3334; baseline 0.004 -19"><span class='ocrx_word' id='word_1_489' title='bbox 277 3264 347 3317; x_wconf 82' lang='lat' dir='ltr'><strong>vide</strong></span> <span class='ocrx_word' id='word_1_490' title='bbox 374 3262 486 3318; x_wconf 89' lang='lat' dir='ltr'><strong>omnino</strong></span> <span class='ocrx_word' id='word_1_491' title='bbox 513 3262 704 3318; x_wconf 88' lang='lat' dir='ltr'><strong>Chemnicinm</strong></span> <span class='ocrx_word' id='word_1_492' title='bbox 730 3262 759 3317; x_wconf 91' lang='grc'><strong>16</strong></span> <span class='ocrx_word' id='word_1_493' title='bbox 786 3263 873 3317; x_wconf 89' lang='lat' dir='ltr'><strong>harm.</strong></span> <span class='ocrx_word' id='word_1_494' title='bbox 899 3279 996 3334; x_wconf 82' lang='lat' dir='ltr'><strong>evang.</strong></span> <span class='ocrx_word' id='word_1_495' title='bbox 1025 3282 1050 3319; x_wconf 89' lang='lat' dir='ltr'><strong>c.</strong></span> <span class='ocrx_word' id='word_1_496' title='bbox 1079 3271 1118 3319; x_wconf 80' lang='lat'><strong>17.</strong></span> <span class='ocrx_word' id='word_1_497' title='bbox 1145 3271 1191 3315; x_wconf 81' lang='lat' dir='ltr'><strong>rut</strong></span> <span class='ocrx_word' id='word_1_498' title='bbox 1227 3263 1339 3331; x_wconf 83' lang='lat' dir='ltr'><strong>sepulta</strong></span> <span class='ocrx_word' id='word_1_499' title='bbox 1375 3263 1497 3316; x_wconf 85' lang='lat' dir='ltr'><strong>omniurn</strong></span> <span class='ocrx_word' id='word_1_500' title='bbox 1533 3263 1672 3316; x_wconf 83' lang='lat' dir='ltr'><strong>mutorum</strong></span> <span class='ocrx_word' id='word_1_501' title='bbox 1704 3271 1815 3318; x_wconf 84' lang='lat' dir='ltr'><strong>actuum</strong></span> <span class='ocrx_word' id='word_1_502' title='bbox 1842 3274 1983 3327; x_wconf 86' lang='lat' dir='ltr'><strong>uetustate.</strong></span> 
     </span>
     <span class='ocr_line' id='line_1_34' title="bbox 277 3346 1984 3423; baseline 0.001 -18"><span class='ocrx_word' id='word_1_503' title='bbox 277 3347 347 3405; x_wconf 90' lang='grc' dir='ltr'><strong>Η66</strong></span> <span class='ocrx_word' id='word_1_504' title='bbox 365 3349 515 3405; x_wconf 85' lang='lat' dir='ltr'><strong>referenda</strong></span> <span class='ocrx_word' id='word_1_505' title='bbox 527 3349 603 3404; x_wconf 89' lang='lat' dir='ltr'><strong>dicta</strong></span> <span class='ocrx_word' id='word_1_506' title='bbox 613 3355 752 3404; x_wconf 79' lang='lat' dir='ltr'><strong>veterum:</strong></span> <span class='ocrx_word' id='word_1_507' title='bbox 775 3349 924 3405; x_wconf 82' lang='lat' dir='ltr'><strong>Clementis</strong></span> <span class='ocrx_word' id='word_1_508' title='bbox 937 3350 1120 3406; x_wconf 83' lang='lat' dir='ltr'><strong>Alexandrini</strong></span> <span class='ocrx_word' id='word_1_509' title='bbox 1146 3348 1340 3405; x_wconf 84' lang='lat' dir='ltr'><strong>Nazianzenus</strong></span> <span class='ocrx_word' id='word_1_510' title='bbox 1358 3352 1396 3407; x_wconf 75' lang='lat' dir='ltr'><strong>ele</strong></span> <span class='ocrx_word' id='word_1_511' title='bbox 1413 3346 1443 3402; x_wconf 80' lang='lat' dir='ltr'><strong>ni</strong></span> <span class='ocrx_word' id='word_1_512' title='bbox 1459 3347 1540 3419; x_wconf 75' lang='grc' dir='ltr'>ἅγιον</span> <span class='ocrx_word' id='word_1_513' title='bbox 1552 3348 1711 3422; x_wconf 71' lang='lat' dir='ltr'><strong>piurimis:</strong></span> <span class='ocrx_word' id='word_1_514' title='bbox 1724 3347 1837 3423; x_wconf 75' lang='grc' dir='ltr'><em>ἄγωμεν</em></span> <span class='ocrx_word' id='word_1_515' title='bbox 1853 3351 1984 3410; x_wconf 69' lang='lat' dir='ltr'><strong>turries»</strong></span> 
     </span>
     <span class='ocr_line' id='line_1_35' title="bbox 277 3432 1983 3510; baseline 0.001 -21"><span class='ocrx_word' id='word_1_516' title='bbox 277 3436 328 3491; x_wconf 93' lang='lat' dir='ltr'><strong>lib.</strong></span> <span class='ocrx_word' id='word_1_517' title='bbox 353 3443 375 3492; x_wconf 91' lang='lat' dir='ltr'><strong>l.</strong></span> <span class='ocrx_word' id='word_1_518' title='bbox 395 3437 514 3508; x_wconf 79' lang='lat' dir='ltr'><strong>paedag.</strong></span> <span class='ocrx_word' id='word_1_519' title='bbox 529 3452 552 3491; x_wconf 93' lang='lat' dir='ltr'><strong>c.</strong></span> <span class='ocrx_word' id='word_1_520' title='bbox 571 3443 602 3491; x_wconf 86' lang='lat'><strong>6:</strong></span> <span class='ocrx_word' id='word_1_521' title='bbox 631 3436 724 3488; x_wconf 84' lang='lat' dir='ltr'><strong>Tincti</strong></span> <span class='ocrx_word' id='word_1_522' title='bbox 738 3436 945 3504; x_wconf 83' lang='lat' dir='ltr'><strong>illuminamur,</strong></span> <span class='ocrx_word' id='word_1_523' title='bbox 964 3437 1121 3491; x_wconf 85' lang='lat' dir='ltr'><strong>illuminati</strong></span> <span class='ocrx_word' id='word_1_524' title='bbox 1147 3438 1270 3506; x_wconf 70' lang='grc' dir='ltr'><em>λαμπροὶ</em></span> <span class='ocrx_word' id='word_1_525' title='bbox 1288 3435 1422 3504; x_wconf 71' lang='grc' dir='ltr'><em>λαμπρῶς</em></span> <span class='ocrx_word' id='word_1_526' title='bbox 1441 3432 1510 3506; x_wconf 66' lang='grc' dir='ltr'><strong>ὑπὲρ</strong></span> <span class='ocrx_word' id='word_1_527' title='bbox 1526 3433 1611 3503; x_wconf 66' lang='lat' dir='ltr'><strong>pam</strong></span> <span class='ocrx_word' id='word_1_528' title='bbox 1631 3434 1800 3508; x_wconf 67' lang='lat' dir='ltr'><strong>lipparim,</strong></span> <span class='ocrx_word' id='word_1_529' title='bbox 1822 3436 1891 3510; x_wconf 75' lang='grc' dir='ltr'><strong>ὑπὲρ</strong></span> <span class='ocrx_word' id='word_1_530' title='bbox 1910 3439 1983 3509; x_wconf 68' lang='grc' dir='ltr'><strong>γάλα</strong></span> 
     </span>
     <span class='ocr_line' id='line_1_36' title="bbox 279 3515 1983 3594; baseline 0.002 -20"><span class='ocrx_word' id='word_1_531' title='bbox 279 3524 311 3575; x_wconf 81' lang='lat' dir='ltr'><strong>in</strong></span> <span class='ocrx_word' id='word_1_532' title='bbox 335 3523 412 3587; x_wconf 78' lang='lat' dir='ltr'><strong>filios</strong></span> <span class='ocrx_word' id='word_1_533' title='bbox 437 3515 623 3591; x_wconf 79' lang='lat' dir='ltr'><strong>adoptamur,</strong></span> <span class='ocrx_word' id='word_1_534' title='bbox 651 3523 783 3590; x_wconf 82' lang='lat' dir='ltr'><strong>adoptati</strong></span> <span class='ocrx_word' id='word_1_535' title='bbox 797 3523 974 3591; x_wconf 79' lang='lat' dir='ltr'><strong>perficimur,</strong></span> <span class='ocrx_word' id='word_1_536' title='bbox 994 3526 1121 3592; x_wconf 68' lang='lat' dir='ltr'><strong>perfecti</strong></span> <span class='ocrx_word' id='word_1_537' title='bbox 1144 3525 1320 3594; x_wconf 70' lang='grc'><strong>6666316666,</strong></span> <span class='ocrx_word' id='word_1_538' title='bbox 1336 3521 1404 3589; x_wconf 70' lang='grc' dir='ltr'><strong>ὑπὲρ</strong></span> <span class='ocrx_word' id='word_1_539' title='bbox 1421 3524 1505 3574; x_wconf 75' lang='grc' dir='ltr'><em>λίθον</em></span> <span class='ocrx_word' id='word_1_540' title='bbox 1517 3519 1672 3594; x_wconf 76' lang='grc' dir='ltr'><strong><em>σάπφειρον</em></strong></span> <span class='ocrx_word' id='word_1_541' title='bbox 1686 3520 1880 3591; x_wconf 62' lang='grc'><strong>6166631666.</strong></span> <span class='ocrx_word' id='word_1_542' title='bbox 1900 3525 1983 3581; x_wconf 88' lang='lat' dir='ltr'><strong>Lom-</strong></span> 
     </span>
     <span class='ocr_line' id='line_1_37' title="bbox 280 3607 1984 3679; baseline 0.004 -18"><span class='ocrx_word' id='word_1_543' title='bbox 280 3610 456 3663; x_wconf 87' lang='lat' dir='ltr'><strong>immortules</strong></span> <span class='ocrx_word' id='word_1_544' title='bbox 484 3610 643 3672; x_wconf 81' lang='lat' dir='ltr'><strong>reddimur,</strong></span> <span class='ocrx_word' id='word_1_545' title='bbox 679 3608 776 3662; x_wconf 88' lang='lat' dir='ltr'><strong>Basilii</strong></span> <span class='ocrx_word' id='word_1_546' title='bbox 808 3609 837 3662; x_wconf 93' lang='grc'><strong>16</strong></span> <span class='ocrx_word' id='word_1_547' title='bbox 861 3627 881 3664; x_wconf 90' lang='lat' dir='ltr'><strong>s.</strong></span> <span class='ocrx_word' id='word_1_548' title='bbox 908 3608 985 3679; x_wconf 88' lang='lat' dir='ltr'><strong>bapt.</strong></span> <span class='ocrx_word' id='word_1_549' title='bbox 1011 3615 1038 3663; x_wconf 89' lang='lat' dir='ltr'><strong>et</strong></span> <span class='ocrx_word' id='word_1_550' title='bbox 1064 3609 1118 3679; x_wconf 88' lang='lat' dir='ltr'><strong>Cy·</strong></span> <span class='ocrx_word' id='word_1_551' title='bbox 1145 3609 1249 3662; x_wconf 90' lang='lat' dir='ltr'><strong>bardus</strong></span> <span class='ocrx_word' id='word_1_552' title='bbox 1270 3608 1318 3663; x_wconf 90' lang='lat' dir='ltr'><strong>lib.</strong></span> <span class='ocrx_word' id='word_1_553' title='bbox 1337 3614 1361 3662; x_wconf 82' lang='lat'><strong>4.</strong></span> <span class='ocrx_word' id='word_1_554' title='bbox 1383 3607 1578 3663; x_wconf 75' lang='grc'><strong>666111613.</strong></span> <span class='ocrx_word' id='word_1_555' title='bbox 1601 3608 1670 3662; x_wconf 90' lang='lat' dir='ltr'><strong>liter.</strong></span> <span class='ocrx_word' id='word_1_556' title='bbox 1689 3609 1737 3664; x_wconf 89' lang='lat' dir='ltr'><strong>L.:</strong></span> <span class='ocrx_word' id='word_1_557' title='bbox 1767 3607 1857 3664; x_wconf 81' lang='lat' dir='ltr'><strong>Causa</strong></span> <span class='ocrx_word' id='word_1_558' title='bbox 1876 3612 1984 3667; x_wconf 81' lang='lat' dir='ltr'><strong>institu-</strong></span> 
     </span>
     <span class='ocr_line' id='line_1_38' title="bbox 281 3694 1984 3767; baseline 0.001 -18"><span class='ocrx_word' id='word_1_559' title='bbox 281 3695 337 3749; x_wconf 89' lang='lat' dir='ltr'><strong>rilli</strong></span> <span class='ocrx_word' id='word_1_560' title='bbox 369 3694 618 3766; x_wconf 82' lang='lat' dir='ltr'><strong>Hierosolymitani</strong></span> <span class='ocrx_word' id='word_1_561' title='bbox 656 3694 772 3765; x_wconf 85' lang='lat' dir='ltr'><strong>praefat.</strong></span> <span class='ocrx_word' id='word_1_562' title='bbox 807 3695 925 3750; x_wconf 71' lang='grc'><strong>66166166</strong></span> <span class='ocrx_word' id='word_1_563' title='bbox 963 3694 1119 3767; x_wconf 77' lang='grc' dir='ltr'><em>βαπτισμός</em></span> <span class='ocrx_word' id='word_1_564' title='bbox 1144 3697 1229 3749; x_wconf 87' lang='lat' dir='ltr'><strong>tionis</strong></span> <span class='ocrx_word' id='word_1_565' title='bbox 1252 3695 1383 3763; x_wconf 76' lang='lat' dir='ltr'><strong>baptismt</strong></span> <span class='ocrx_word' id='word_1_566' title='bbox 1406 3703 1445 3748; x_wconf 84' lang='lat' dir='ltr'><strong>est</strong></span> <span class='ocrx_word' id='word_1_567' title='bbox 1471 3694 1613 3747; x_wconf 84' lang='lat' dir='ltr'><strong>innovatio</strong></span> <span class='ocrx_word' id='word_1_568' title='bbox 1631 3696 1747 3761; x_wconf 83' lang='lat' dir='ltr'><strong>mentis,</strong></span> <span class='ocrx_word' id='word_1_569' title='bbox 1772 3704 1802 3747; x_wconf 90' lang='lat' dir='ltr'><strong>ut</strong></span> <span class='ocrx_word' id='word_1_570' title='bbox 1821 3697 1916 3764; x_wconf 79' lang='lat' dir='ltr'><strong>bomo,</strong></span> <span class='ocrx_word' id='word_1_571' title='bbox 1935 3701 1984 3767; x_wconf 80' lang='lat' dir='ltr'><strong>qui</strong></span> 
     </span>
     <span class='ocr_line' id='line_1_39' title="bbox 283 3780 1982 3855; baseline 0.002 -20"><span class='ocrx_word' id='word_1_572' title='bbox 283 3783 359 3838; x_wconf 74' lang='lat' dir='ltr'><strong>tumr</strong></span> <span class='ocrx_word' id='word_1_573' title='bbox 377 3780 468 3855; x_wconf 73' lang='grc' dir='ltr'><em>ὄχημα</em></span> <span class='ocrx_word' id='word_1_574' title='bbox 485 3783 555 3855; x_wconf 83' lang='grc' dir='ltr'><em>πρὸς</em></span> <span class='ocrx_word' id='word_1_575' title='bbox 567 3781 696 3851; x_wconf 74' lang='grc' dir='ltr'><strong>οὐρανὸν,</strong></span> <span class='ocrx_word' id='word_1_576' title='bbox 715 3786 856 3850; x_wconf 75' lang='grc' dir='ltr'><strong><em>βασιλείας</em></strong></span> <span class='ocrx_word' id='word_1_577' title='bbox 868 3782 1014 3849; x_wconf 77' lang='grc' dir='ltr'><strong><em>πρόξενος;</em></strong></span> <span class='ocrx_word' id='word_1_578' title='bbox 1034 3782 1118 3838; x_wconf 87' lang='lat' dir='ltr'><strong>Chre·</strong></span> <span class='ocrx_word' id='word_1_579' title='bbox 1140 3800 1196 3852; x_wconf 87' lang='lat' dir='ltr'><strong>per</strong></span> <span class='ocrx_word' id='word_1_580' title='bbox 1210 3790 1358 3853; x_wconf 85' lang='lat' dir='ltr'><strong>peccatum</strong></span> <span class='ocrx_word' id='word_1_581' title='bbox 1375 3789 1451 3835; x_wconf 77' lang='lat' dir='ltr'><strong>vetris</strong></span> <span class='ocrx_word' id='word_1_582' title='bbox 1461 3783 1574 3847; x_wconf 82' lang='lat' dir='ltr'><strong>fuerat,</strong></span> <span class='ocrx_word' id='word_1_583' title='bbox 1583 3798 1640 3849; x_wconf 87' lang='lat' dir='ltr'><strong>per</strong></span> <span class='ocrx_word' id='word_1_584' title='bbox 1657 3782 1782 3848; x_wconf 78' lang='lat' dir='ltr'><strong>pretium</strong></span> <span class='ocrx_word' id='word_1_585' title='bbox 1794 3784 1982 3850; x_wconf 74' lang='grc'><strong>6661166166-</strong></span> 
     </span>
     <span class='ocr_line' id='line_1_40' title="bbox 283 3868 1982 3937; baseline 0.001 -14"><span class='ocrx_word' id='word_1_586' title='bbox 283 3868 361 3923; x_wconf 89' lang='lat' dir='ltr'><strong>matii</strong></span> <span class='ocrx_word' id='word_1_587' title='bbox 378 3869 408 3922; x_wconf 93' lang='lat' dir='ltr'><strong>in</strong></span> <span class='ocrx_word' id='word_1_588' title='bbox 428 3868 526 3923; x_wconf 86' lang='lat' dir='ltr'><strong>Matth.</strong></span> <span class='ocrx_word' id='word_1_589' title='bbox 540 3885 565 3925; x_wconf 92' lang='lat' dir='ltr'><strong>c.</strong></span> <span class='ocrx_word' id='word_1_590' title='bbox 584 3875 615 3923; x_wconf 84' lang='lat'><strong>5:</strong></span> <span class='ocrx_word' id='word_1_591' title='bbox 640 3868 760 3922; x_wconf 79' lang='lat' dir='ltr'><strong>Benutir</strong></span> <span class='ocrx_word' id='word_1_592' title='bbox 778 3869 808 3921; x_wconf 92' lang='lat' dir='ltr'><strong>in</strong></span> <span class='ocrx_word' id='word_1_593' title='bbox 830 3869 967 3937; x_wconf 79' lang='lat' dir='ltr'><strong>baptismo</strong></span> <span class='ocrx_word' id='word_1_594' title='bbox 978 3871 1118 3924; x_wconf 87' lang='lat' dir='ltr'><strong>coelorum</strong></span> <span class='ocrx_word' id='word_1_595' title='bbox 1144 3876 1272 3934; x_wconf 77' lang='grc'><strong>6666166,</strong></span> <span class='ocrx_word' id='word_1_596' title='bbox 1299 3868 1982 3937; x_wconf 69' lang='grc'><strong>6666116(16666161666661166666616611661666</strong></span> 
     </span>
     <span class='ocr_line' id='line_1_41' title="bbox 283 3954 1981 4025; baseline 0.002 -16"><span class='ocrx_word' id='word_1_597' title='bbox 283 3974 369 4025; x_wconf 76' lang='grc'><strong>66666</strong></span> <span class='ocrx_word' id='word_1_598' title='bbox 383 3964 498 4025; x_wconf 84' lang='lat' dir='ltr'><strong>putent,</strong></span> <span class='ocrx_word' id='word_1_599' title='bbox 522 3972 592 4023; x_wconf 77' lang='grc'><strong>6666</strong></span> <span class='ocrx_word' id='word_1_600' title='bbox 611 3955 690 4008; x_wconf 82' lang='lat' dir='ltr'><strong>nohis</strong></span> <span class='ocrx_word' id='word_1_601' title='bbox 711 3955 804 4008; x_wconf 85' lang='lat' dir='ltr'><strong>Filius</strong></span> <span class='ocrx_word' id='word_1_602' title='bbox 823 3956 882 4008; x_wconf 87' lang='lat' dir='ltr'><strong>Dei</strong></span> <span class='ocrx_word' id='word_1_603' title='bbox 898 3955 928 4007; x_wconf 90' lang='lat' dir='ltr'><strong>in</strong></span> <span class='ocrx_word' id='word_1_604' title='bbox 942 3972 1060 4022; x_wconf 77' lang='lat' dir='ltr'><strong>corpore</strong></span> <span class='ocrx_word' id='word_1_605' title='bbox 1078 3958 1119 4009; x_wconf 80' lang='lat' dir='ltr'><strong>ud</strong></span> <span class='ocrx_word' id='word_1_606' title='bbox 1146 3956 1286 4009; x_wconf 83' lang='lat' dir='ltr'><strong>uirtutum.</strong></span> <span class='ocrx_word' id='word_1_607' title='bbox 1332 3955 1380 4008; x_wconf 84' lang='lat' dir='ltr'><strong>Sic</strong></span> <span class='ocrx_word' id='word_1_608' title='bbox 1407 3956 1479 4008; x_wconf 85' lang='lat' dir='ltr'><strong>enirn</strong></span> <span class='ocrx_word' id='word_1_609' title='bbox 1502 3956 1533 4019; x_wconf 74' lang='lat' dir='ltr'><strong>fit</strong></span> <span class='ocrx_word' id='word_1_610' title='bbox 1559 3954 1675 4023; x_wconf 74' lang='lat' dir='ltr'><strong>quisquc</strong></span> <span class='ocrx_word' id='word_1_611' title='bbox 1694 3972 1780 4007; x_wconf 83' lang='lat' dir='ltr'><strong>noous</strong></span> <span class='ocrx_word' id='word_1_612' title='bbox 1798 3955 1893 4025; x_wconf 77' lang='lat' dir='ltr'><strong>bomo,</strong></span> <span class='ocrx_word' id='word_1_613' title='bbox 1919 3976 1981 4014; x_wconf 86' lang='lat' dir='ltr'><strong>cnm</strong></span> 
     </span>
     <span class='ocr_line' id='line_1_42' title="bbox 284 4040 1982 4113; baseline 0.002 -18"><span class='ocrx_word' id='word_1_614' title='bbox 284 4044 390 4096; x_wconf 83' lang='lat' dir='ltr'><strong>eoelum</strong></span> <span class='ocrx_word' id='word_1_615' title='bbox 421 4043 574 4094; x_wconf 82' lang='lat' dir='ltr'><strong>ascendens</strong></span> <span class='ocrx_word' id='word_1_616' title='bbox 592 4042 705 4109; x_wconf 85' lang='lat' dir='ltr'><strong>primus</strong></span> <span class='ocrx_word' id='word_1_617' title='bbox 729 4042 856 4109; x_wconf 74' lang='lat' dir='ltr'><strong>operuit3</strong></span> <span class='ocrx_word' id='word_1_618' title='bbox 892 4040 1045 4111; x_wconf 85' lang='lat' dir='ltr'><strong>Augustini</strong></span> <span class='ocrx_word' id='word_1_619' title='bbox 1069 4042 1117 4096; x_wconf 90' lang='lat' dir='ltr'><strong>lib.</strong></span> <span class='ocrx_word' id='word_1_620' title='bbox 1145 4043 1260 4096; x_wconf 80' lang='lat' dir='ltr'><strong>abolitis</strong></span> <span class='ocrx_word' id='word_1_621' title='bbox 1283 4042 1409 4110; x_wconf 87' lang='lat' dir='ltr'><strong>peccatis</strong></span> <span class='ocrx_word' id='word_1_622' title='bbox 1432 4048 1551 4094; x_wconf 86' lang='lat' dir='ltr'><strong>ornatur</strong></span> <span class='ocrx_word' id='word_1_623' title='bbox 1566 4040 1730 4094; x_wconf 66' lang='lat' dir='ltr'><strong>uirtutibus:</strong></span> <span class='ocrx_word' id='word_1_624' title='bbox 1748 4041 1864 4096; x_wconf 76' lang='lat' dir='ltr'><strong>abolitio</strong></span> <span class='ocrx_word' id='word_1_625' title='bbox 1879 4061 1982 4113; x_wconf 86' lang='lat' dir='ltr'><strong>peccu-</strong></span> 
     </span>
     <span class='ocr_line' id='line_1_43' title="bbox 284 4126 1982 4200; baseline 0.001 -16"><span class='ocrx_word' id='word_1_626' title='bbox 284 4134 306 4184; x_wconf 88' lang='grc'><strong>2.</strong></span> <span class='ocrx_word' id='word_1_627' title='bbox 324 4132 421 4182; x_wconf 91' lang='lat' dir='ltr'><strong>contra</strong></span> <span class='ocrx_word' id='word_1_628' title='bbox 438 4126 565 4181; x_wconf 86' lang='lat' dir='ltr'><strong>Crescon.</strong></span> <span class='ocrx_word' id='word_1_629' title='bbox 585 4143 700 4197; x_wconf 84' lang='lat' dir='ltr'><strong>gramm.</strong></span> <span class='ocrx_word' id='word_1_630' title='bbox 725 4143 749 4180; x_wconf 92' lang='lat' dir='ltr'><strong>c.</strong></span> <span class='ocrx_word' id='word_1_631' title='bbox 773 4132 817 4181; x_wconf 81' lang='lat'><strong>13:</strong></span> <span class='ocrx_word' id='word_1_632' title='bbox 846 4130 900 4181; x_wconf 81' lang='lat' dir='ltr'><strong>Bet</strong></span> <span class='ocrx_word' id='word_1_633' title='bbox 913 4137 1117 4182; x_wconf 87' lang='lat' dir='ltr'><strong>sacramentnm</strong></span> <span class='ocrx_word' id='word_1_634' title='bbox 1144 4138 1236 4182; x_wconf 83' lang='lat' dir='ltr'><strong>torrem</strong></span> <span class='ocrx_word' id='word_1_635' title='bbox 1260 4126 1347 4196; x_wconf 85' lang='lat' dir='ltr'><strong>pellit</strong></span> <span class='ocrx_word' id='word_1_636' title='bbox 1364 4127 1551 4195; x_wconf 85' lang='lat' dir='ltr'><strong>foeditatem,</strong></span> <span class='ocrx_word' id='word_1_637' title='bbox 1578 4126 1721 4195; x_wconf 90' lang='lat' dir='ltr'><strong>appositio</strong></span> <span class='ocrx_word' id='word_1_638' title='bbox 1746 4128 1879 4181; x_wconf 83' lang='lat' dir='ltr'><strong>uirtutum</strong></span> <span class='ocrx_word' id='word_1_639' title='bbox 1897 4132 1982 4200; x_wconf 83' lang='lat' dir='ltr'><strong>affert</strong></span> 
     </span>
     <span class='ocr_line' id='line_1_44' title="bbox 283 4213 1283 4285; baseline 0 -18"><span class='ocrx_word' id='word_1_640' title='bbox 283 4231 370 4267; x_wconf 84' lang='grc'><strong>66666</strong></span> <span class='ocrx_word' id='word_1_641' title='bbox 398 4214 473 4266; x_wconf 88' lang='lat' dir='ltr'><strong>uitae</strong></span> <span class='ocrx_word' id='word_1_642' title='bbox 497 4230 532 4265; x_wconf 90' lang='lat' dir='ltr'><strong>ac</strong></span> <span class='ocrx_word' id='word_1_643' title='bbox 557 4213 658 4265; x_wconf 76' lang='lat' dir='ltr'><strong>solvitis</strong></span> <span class='ocrx_word' id='word_1_644' title='bbox 676 4220 808 4265; x_wconf 86' lang='lat' dir='ltr'><strong>aeternae</strong></span> <span class='ocrx_word' id='word_1_645' title='bbox 815 4232 826 4278; x_wconf 90' lang='grc'><strong>,·</strong></span> <span class='ocrx_word' id='word_1_646' title='bbox 846 4213 1012 4267; x_wconf 86' lang='lat' dir='ltr'><strong>Theodoreti</strong></span> <span class='ocrx_word' id='word_1_647' title='bbox 1031 4232 1057 4285; x_wconf 92' lang='lat' dir='ltr'><strong>q.</strong></span> <span class='ocrx_word' id='word_1_648' title='bbox 1076 4221 1117 4270; x_wconf 89' lang='grc'><strong>26.</strong></span> <span class='ocrx_word' id='word_1_649' title='bbox 1146 4215 1283 4268; x_wconf 82' lang='lat' dir='ltr'><strong>decorem</strong></span> 
     </span>
     <span class='ocr_line' id='line_1_45' title="bbox 283 4296 2098 4397; baseline 0.002 -43"><span class='ocrx_word' id='word_1_650' title='bbox 283 4301 310 4354; x_wconf 91' lang='grc'><strong>16</strong></span> <span class='ocrx_word' id='word_1_651' title='bbox 331 4299 448 4355; x_wconf 77' lang='lat' dir='ltr'><strong>Genea:</strong></span> <span class='ocrx_word' id='word_1_652' title='bbox 473 4300 636 4368; x_wconf 80' lang='lat' dir='ltr'><strong>Baptismus</strong></span> <span class='ocrx_word' id='word_1_653' title='bbox 655 4299 760 4351; x_wconf 84' lang='lat' dir='ltr'><strong>dicitnr</strong></span> <span class='ocrx_word' id='word_1_654' title='bbox 778 4316 853 4368; x_wconf 76' lang='lat' dir='ltr'><strong>uquu</strong></span> <span class='ocrx_word' id='word_1_655' title='bbox 874 4300 950 4367; x_wconf 84' lang='lat' dir='ltr'><strong>uiua,</strong></span> <span class='ocrx_word' id='word_1_656' title='bbox 971 4317 1025 4353; x_wconf 85' lang='lat' dir='ltr'><strong>non</strong></span> <span class='ocrx_word' id='word_1_657' title='bbox 1043 4303 1120 4369; x_wconf 80' lang='lat' dir='ltr'><strong>quod</strong></span> <span class='ocrx_word' id='word_1_658' title='bbox 1183 4306 1239 4356; x_wconf 87' lang='grc'><strong>113.</strong></span> <span class='ocrx_word' id='word_1_659' title='bbox 1273 4299 1320 4352; x_wconf 88' lang='lat' dir='ltr'><strong>Ad</strong></span> <span class='ocrx_word' id='word_1_660' title='bbox 1339 4297 1412 4352; x_wconf 91' lang='lat' dir='ltr'><strong>hunc</strong></span> <span class='ocrx_word' id='word_1_661' title='bbox 1429 4296 1561 4368; x_wconf 89' lang='lat' dir='ltr'><strong>baptismi</strong></span> <span class='ocrx_word' id='word_1_662' title='bbox 1575 4298 1695 4353; x_wconf 84' lang='lat' dir='ltr'><strong>fructum</strong></span> <span class='ocrx_word' id='word_1_663' title='bbox 1708 4299 1842 4368; x_wconf 85' lang='lat' dir='ltr'><strong>pertinet:</strong></span> <span class='ocrx_word' id='word_1_664' title='bbox 1864 4306 1887 4357; x_wconf 90' lang='lat'><strong>1.</strong></span> <span class='ocrx_word' id='word_1_665' title='bbox 1900 4302 1981 4367; x_wconf 83' lang='lat' dir='ltr'><strong>Quod</strong></span> <span class='ocrx_word' id='word_1_666' title='bbox 1995 4306 2098 4397; x_wconf 47' lang='lat' dir='ltr'><strong>Pdtssw</strong></span> 
     </span>
     <span class='ocr_line' id='line_1_46' title="bbox 282 4368 2106 4459; baseline 0.005 -20"><span class='ocrx_word' id='word_1_667' title='bbox 282 4405 358 4456; x_wconf 76' lang='lat' dir='ltr'><strong>apua</strong></span> <span class='ocrx_word' id='word_1_668' title='bbox 376 4386 552 4455; x_wconf 83' lang='lat' dir='ltr'><strong>baptismatis</strong></span> <span class='ocrx_word' id='word_1_669' title='bbox 569 4402 630 4438; x_wconf 90' lang='lat' dir='ltr'><strong>eam</strong></span> <span class='ocrx_word' id='word_1_670' title='bbox 648 4384 971 4449; x_wconf 69' lang='lat' dir='ltr'><strong>uehementissimum</strong></span> <span class='ocrx_word' id='word_1_671' title='bbox 987 4388 1119 4456; x_wconf 78' lang='lat' dir='ltr'><strong>quiaper</strong></span> <span class='ocrx_word' id='word_1_672' title='bbox 1144 4406 1195 4458; x_wconf 90' lang='grc'><strong>666</strong></span> <span class='ocrx_word' id='word_1_673' title='bbox 1219 4385 1388 4456; x_wconf 87' lang='lat' dir='ltr'><strong>baptismum</strong></span> <span class='ocrx_word' id='word_1_674' title='bbox 1417 4401 1529 4437; x_wconf 86' lang='lat' dir='ltr'><strong>curnem</strong></span> <span class='ocrx_word' id='word_1_675' title='bbox 1554 4386 1664 4454; x_wconf 86' lang='lat' dir='ltr'><strong>peccati</strong></span> <span class='ocrx_word' id='word_1_676' title='bbox 1692 4387 1833 4454; x_wconf 85' lang='lat' dir='ltr'><strong>deponere</strong></span> <span class='ocrx_word' id='word_1_677' title='bbox 1857 4387 1981 4459; x_wconf 88' lang='lat' dir='ltr'><strong>dicimur,</strong></span> <span class='ocrx_word' id='word_1_678' title='bbox 1994 4368 2106 4447; x_wconf 54' lang='grc' dir='ltr'><strong>16161ῃῖ6-</strong></span> 
     </span>
     <span class='ocr_line' id='line_1_47' title="bbox 282 4460 2100 4544; baseline 0.001 -16"><span class='ocrx_word' id='word_1_679' title='bbox 282 4475 364 4528; x_wconf 81' lang='lat' dir='ltr'><strong>t&#39;ilam</strong></span> <span class='ocrx_word' id='word_1_680' title='bbox 389 4489 492 4541; x_wconf 77' lang='grc'><strong>666666</strong></span> <span class='ocrx_word' id='word_1_681' title='bbox 515 4473 613 4526; x_wconf 85' lang='lat' dir='ltr'><strong>diuina</strong></span> <span class='ocrx_word' id='word_1_682' title='bbox 637 4472 733 4540; x_wconf 80' lang='lat' dir='ltr'><strong>pratia</strong></span> <span class='ocrx_word' id='word_1_683' title='bbox 746 4474 834 4525; x_wconf 85' lang='lat' dir='ltr'><strong>donat</strong></span> <span class='ocrx_word' id='word_1_684' title='bbox 850 4473 936 4526; x_wconf 84' lang='lat' dir='ltr'><strong>uitam</strong></span> <span class='ocrx_word' id='word_1_685' title='bbox 955 4481 1117 4544; x_wconf 86' lang='lat' dir='ltr'><strong>ueternum;</strong></span> <span class='ocrx_word' id='word_1_686' title='bbox 1144 4474 1202 4530; x_wconf 85' lang='lat' dir='ltr'><strong>Col.</strong></span> <span class='ocrx_word' id='word_1_687' title='bbox 1227 4479 1258 4540; x_wconf 92' lang='grc'><strong>2,</strong></span> <span class='ocrx_word' id='word_1_688' title='bbox 1280 4489 1306 4526; x_wconf 82' lang='lat' dir='ltr'><strong>v.</strong></span> <span class='ocrx_word' id='word_1_689' title='bbox 1333 4476 1380 4526; x_wconf 90' lang='lat'><strong>11:</strong></span> <span class='ocrx_word' id='word_1_690' title='bbox 1406 4472 1442 4524; x_wconf 89' lang='lat' dir='ltr'><strong>In</strong></span> <span class='ocrx_word' id='word_1_691' title='bbox 1471 4470 1582 4524; x_wconf 70' lang='lat' dir='ltr'><strong>Christo</strong></span> <span class='ocrx_word' id='word_1_692' title='bbox 1601 4471 1760 4524; x_wconf 73' lang='lat' dir='ltr'><strong>circumcisi</strong></span> <span class='ocrx_word' id='word_1_693' title='bbox 1776 4474 1842 4527; x_wconf 85' lang='lat' dir='ltr'><strong>estis</strong></span> <span class='ocrx_word' id='word_1_694' title='bbox 1865 4476 1981 4528; x_wconf 83' lang='lat' dir='ltr'><strong>circum·</strong></span> <span class='ocrx_word' id='word_1_695' title='bbox 1994 4460 2100 4499; x_wconf 42' lang='grc' dir='ltr'><strong>ΜΨ</strong></span> 
     </span>
    </p>
   </div>
   <div class='ocr_carea' id='block_1_3' title="bbox 279 4510 2094 4654">
    <p class='ocr_par' dir='ltr' id='par_1_3' title="bbox 279 4510 2094 4654">
     <span class='ocr_line' id='line_1_48' title="bbox 279 4510 2094 4654; baseline -0.001 -39"><span class='ocrx_word' id='word_1_696' title='bbox 279 4560 377 4615; x_wconf 86' lang='lat' dir='ltr'><strong>Bcdae</strong></span> <span class='ocrx_word' id='word_1_697' title='bbox 406 4558 436 4611; x_wconf 89' lang='lat' dir='ltr'><strong>in</strong></span> <span class='ocrx_word' id='word_1_698' title='bbox 459 4557 546 4612; x_wconf 86' lang='lat' dir='ltr'><strong>Marc.</strong></span> <span class='ocrx_word' id='word_1_699' title='bbox 574 4557 622 4612; x_wconf 91' lang='lat' dir='ltr'><strong>lib.</strong></span> <span class='ocrx_word' id='word_1_700' title='bbox 644 4563 665 4612; x_wconf 92' lang='grc'><strong>1.</strong></span> <span class='ocrx_word' id='word_1_701' title='bbox 695 4574 718 4611; x_wconf 89' lang='lat' dir='ltr'><strong>c.</strong></span> <span class='ocrx_word' id='word_1_702' title='bbox 742 4564 766 4612; x_wconf 87' lang='lat' dir='ltr'><strong>l:</strong></span> <span class='ocrx_word' id='word_1_703' title='bbox 797 4559 879 4620; x_wconf 81' lang='lat' dir='ltr'><strong>Quod</strong></span> <span class='ocrx_word' id='word_1_704' title='bbox 898 4558 1024 4611; x_wconf 72' lang='lat' dir='ltr'><strong>Christus</strong></span> <span class='ocrx_word' id='word_1_705' title='bbox 1046 4561 1118 4612; x_wconf 87' lang='lat' dir='ltr'><strong>uidit</strong></span> <span class='ocrx_word' id='word_1_706' title='bbox 1145 4560 1250 4612; x_wconf 85' lang='lat' dir='ltr'><strong>cisione</strong></span> <span class='ocrx_word' id='word_1_707' title='bbox 1273 4576 1332 4614; x_wconf 84' lang='lat' dir='ltr'><strong>non</strong></span> <span class='ocrx_word' id='word_1_708' title='bbox 1346 4574 1431 4610; x_wconf 76' lang='lat' dir='ltr'><strong>muru</strong></span> <span class='ocrx_word' id='word_1_709' title='bbox 1442 4557 1531 4623; x_wconf 87' lang='lat' dir='ltr'><strong>suctu</strong></span> <span class='ocrx_word' id='word_1_710' title='bbox 1547 4555 1578 4608; x_wconf 73' lang='grc' dir='ltr'><strong>ἐν</strong></span> <span class='ocrx_word' id='word_1_711' title='bbox 1594 4557 1628 4629; x_wconf 77' lang='grc' dir='ltr'><strong>τῇ</strong></span> <span class='ocrx_word' id='word_1_712' title='bbox 1646 4554 1798 4612; x_wconf 71' lang='grc' dir='ltr'><em>ἀπεκδύσει</em></span> <span class='ocrx_word' id='word_1_713' title='bbox 1816 4561 1867 4614; x_wconf 82' lang='grc' dir='ltr'><strong>τοῦ</strong></span> <span class='ocrx_word' id='word_1_714' title='bbox 1883 4510 2094 4654; x_wconf 49' lang='grc' dir='ltr'><strong>σῶμα-1211101</strong></span> 
     </span>
    </p>
   </div>
   <div class='ocr_carea' id='block_1_4' title="bbox 218 4615 2103 5495">
    <p class='ocr_par' dir='ltr' id='par_1_4' title="bbox 218 4615 2103 5495">
     <span class='ocr_line' id='line_1_49' title="bbox 279 4615 2103 4716; baseline 0.002 -18"><span class='ocrx_word' id='word_1_715' title='bbox 279 4645 374 4698; x_wconf 87' lang='lat' dir='ltr'><strong>coelos</strong></span> <span class='ocrx_word' id='word_1_716' title='bbox 399 4652 514 4713; x_wconf 85' lang='lat' dir='ltr'><strong>apertos</strong></span> <span class='ocrx_word' id='word_1_717' title='bbox 536 4651 601 4712; x_wconf 83' lang='lat' dir='ltr'><strong>pust</strong></span> <span class='ocrx_word' id='word_1_718' title='bbox 624 4644 776 4711; x_wconf 80' lang='lat' dir='ltr'><strong>baptisma,</strong></span> <span class='ocrx_word' id='word_1_719' title='bbox 800 4645 892 4697; x_wconf 83' lang='lat' dir='ltr'><strong>nostri</strong></span> <span class='ocrx_word' id='word_1_720' title='bbox 910 4646 1003 4714; x_wconf 76' lang='grc'><strong>661666</strong></span> <span class='ocrx_word' id='word_1_721' title='bbox 1021 4647 1117 4712; x_wconf 78' lang='lat' dir='ltr'><strong>pratia</strong></span> <span class='ocrx_word' id='word_1_722' title='bbox 1144 4666 1189 4705; x_wconf 81' lang='grc' dir='ltr'><strong>τος</strong></span> <span class='ocrx_word' id='word_1_723' title='bbox 1213 4649 1269 4699; x_wconf 81' lang='lat' dir='ltr'><strong>ruir</strong></span> <span class='ocrx_word' id='word_1_724' title='bbox 1291 4643 1434 4715; x_wconf 78' lang='grc' dir='ltr'><strong>ἁμαρτιῶν</strong></span> <span class='ocrx_word' id='word_1_725' title='bbox 1453 4644 1500 4708; x_wconf 77' lang='grc' dir='ltr'><strong>τῆς</strong></span> <span class='ocrx_word' id='word_1_726' title='bbox 1519 4640 1627 4713; x_wconf 83' lang='grc' dir='ltr'><strong>σαρκός,</strong></span> <span class='ocrx_word' id='word_1_727' title='bbox 1646 4642 1678 4695; x_wconf 85' lang='lat' dir='ltr'><strong>in</strong></span> <span class='ocrx_word' id='word_1_728' title='bbox 1696 4645 1834 4699; x_wconf 75' lang='grc'><strong>6666111666</strong></span> <span class='ocrx_word' id='word_1_729' title='bbox 1853 4647 1982 4716; x_wconf 81' lang='lat' dir='ltr'><strong>corporis</strong></span> <span class='ocrx_word' id='word_1_730' title='bbox 1993 4615 2103 4713; x_wconf 50' lang='grc'><strong>1611116</strong></span> 
     </span>
     <span class='ocr_line' id='line_1_50' title="bbox 274 4718 2086 4808; baseline 0.001 -24"><span class='ocrx_word' id='word_1_731' title='bbox 274 4733 389 4800; x_wconf 76' lang='lat' dir='ltr'><strong>sactum</strong></span> <span class='ocrx_word' id='word_1_732' title='bbox 409 4738 458 4798; x_wconf 89' lang='lat' dir='ltr'><strong>est,</strong></span> <span class='ocrx_word' id='word_1_733' title='bbox 476 4730 575 4799; x_wconf 71' lang='lat' dir='ltr'><strong>quidm</strong></span> <span class='ocrx_word' id='word_1_734' title='bbox 591 4747 646 4799; x_wconf 89' lang='lat' dir='ltr'><strong>per</strong></span> <span class='ocrx_word' id='word_1_735' title='bbox 664 4730 808 4782; x_wconf 86' lang='lat' dir='ltr'><strong>lavacrum</strong></span> <span class='ocrx_word' id='word_1_736' title='bbox 826 4732 921 4783; x_wconf 84' lang='lat' dir='ltr'><strong>undae</strong></span> <span class='ocrx_word' id='word_1_737' title='bbox 932 4734 1119 4801; x_wconf 76' lang='lat' dir='ltr'><strong>repenarutri·</strong></span> <span class='ocrx_word' id='word_1_738' title='bbox 1141 4738 1322 4801; x_wconf 84' lang='lat' dir='ltr'><strong>peccatorum</strong></span> <span class='ocrx_word' id='word_1_739' title='bbox 1340 4728 1443 4792; x_wconf 86' lang='lat' dir='ltr'><strong>curnis,</strong></span> <span class='ocrx_word' id='word_1_740' title='bbox 1462 4728 1492 4780; x_wconf 88' lang='lat' dir='ltr'><strong>in</strong></span> <span class='ocrx_word' id='word_1_741' title='bbox 1503 4727 1713 4781; x_wconf 88' lang='lat' dir='ltr'><strong>circumcisione</strong></span> <span class='ocrx_word' id='word_1_742' title='bbox 1726 4728 1838 4785; x_wconf 77' lang='lat' dir='ltr'><strong>Christi.</strong></span> <span class='ocrx_word' id='word_1_743' title='bbox 1858 4718 2086 4808; x_wconf 60' lang='grc' dir='ltr'><strong>(Ρ616.1.ξ,ξξζζ’,ξ“ι</strong></span> 
     </span>
     <span class='ocr_line' id='line_1_51' title="bbox 276 4812 2089 4890; baseline -0.002 -18"><span class='ocrx_word' id='word_1_744' title='bbox 276 4819 321 4872; x_wconf 83' lang='lat' dir='ltr'><strong>es&#39;s</strong></span> <span class='ocrx_word' id='word_1_745' title='bbox 348 4818 445 4886; x_wconf 82' lang='lat' dir='ltr'><strong>janua</strong></span> <span class='ocrx_word' id='word_1_746' title='bbox 473 4818 615 4884; x_wconf 74' lang='lat' dir='ltr'><strong>panditu-</strong></span> <span class='ocrx_word' id='word_1_747' title='bbox 638 4816 721 4885; x_wconf 73' lang='lat' dir='ltr'><strong>requi</strong></span> <span class='ocrx_word' id='word_1_748' title='bbox 747 4816 883 4873; x_wconf 76' lang='lat' dir='ltr'><strong>caelenis.</strong></span> <span class='ocrx_word' id='word_1_749' title='bbox 927 4817 1008 4882; x_wconf 86' lang='lat' dir='ltr'><strong>Quod</strong></span> <span class='ocrx_word' id='word_1_750' title='bbox 1032 4818 1118 4890; x_wconf 83' lang='lat' dir='ltr'><strong>igitur</strong></span> <span class='ocrx_word' id='word_1_751' title='bbox 1144 4819 1224 4887; x_wconf 88' lang='lat' dir='ltr'><strong>epist.</strong></span> <span class='ocrx_word' id='word_1_752' title='bbox 1243 4822 1267 4884; x_wconf 88' lang='grc'><strong>3,</strong></span> <span class='ocrx_word' id='word_1_753' title='bbox 1286 4821 1367 4870; x_wconf 71' lang='lat' dir='ltr'><strong>ait.</strong></span> <span class='ocrx_word' id='word_1_754' title='bbox 1387 4831 1502 4885; x_wconf 83' lang='lat' dir='ltr'><strong>negans,</strong></span> <span class='ocrx_word' id='word_1_755' title='bbox 1523 4812 1692 4883; x_wconf 87' lang='lat' dir='ltr'><strong>baptismum</strong></span> <span class='ocrx_word' id='word_1_756' title='bbox 1706 4830 1767 4871; x_wconf 89' lang='lat' dir='ltr'><strong>esse</strong></span> <span class='ocrx_word' id='word_1_757' title='bbox 1780 4816 1979 4886; x_wconf 89' lang='lat' dir='ltr'><strong>depositionem</strong></span> <span class='ocrx_word' id='word_1_758' title='bbox 1993 4820 2089 4868; x_wconf 68' lang='lat' dir='ltr'><strong>ussoni-</strong></span> 
     </span>
     <span class='ocr_line' id='line_1_52' title="bbox 275 4882 2053 4976; baseline -0.002 -13"><span class='ocrx_word' id='word_1_759' title='bbox 275 4903 456 4963; x_wconf 87' lang='lat' dir='ltr'><strong>Lombardus</strong></span> <span class='ocrx_word' id='word_1_760' title='bbox 480 4903 541 4958; x_wconf 91' lang='lat' dir='ltr'><strong>libr.</strong></span> <span class='ocrx_word' id='word_1_761' title='bbox 559 4911 585 4960; x_wconf 81' lang='lat' dir='ltr'><strong>t.</strong></span> <span class='ocrx_word' id='word_1_762' title='bbox 611 4908 681 4958; x_wconf 90' lang='lat' dir='ltr'><strong>sent.</strong></span> <span class='ocrx_word' id='word_1_763' title='bbox 709 4902 1045 4976; x_wconf 74' lang='grc' dir='ltr'><strong>(11613.’.111.Μ.66[ς61</strong></span> <span class='ocrx_word' id='word_1_764' title='bbox 1070 4906 1116 4959; x_wconf 86' lang='lat' dir='ltr'><strong>bu·</strong></span> <span class='ocrx_word' id='word_1_765' title='bbox 1145 4903 1267 4957; x_wconf 89' lang='lat' dir='ltr'><strong>sordium</strong></span> <span class='ocrx_word' id='word_1_766' title='bbox 1290 4901 1395 4969; x_wconf 86' lang='grc'><strong>666616,</strong></span> <span class='ocrx_word' id='word_1_767' title='bbox 1429 4899 1552 4971; x_wconf 88' lang='lat' dir='ltr'><strong>loquitur</strong></span> <span class='ocrx_word' id='word_1_768' title='bbox 1579 4900 1614 4954; x_wconf 87' lang='lat' dir='ltr'><strong>de</strong></span> <span class='ocrx_word' id='word_1_769' title='bbox 1643 4907 1756 4956; x_wconf 85' lang='lat' dir='ltr'><strong>externa</strong></span> <span class='ocrx_word' id='word_1_770' title='bbox 1783 4903 1904 4972; x_wconf 88' lang='lat' dir='ltr'><strong>corporis</strong></span> <span class='ocrx_word' id='word_1_771' title='bbox 1930 4882 2053 4960; x_wconf 62' lang='lat' dir='ltr'><strong>imm</strong></span> 
     </span>
     <span class='ocr_line' id='line_1_53' title="bbox 269 4985 1981 5064; baseline 0 -19"><span class='ocrx_word' id='word_1_772' title='bbox 269 4992 411 5064; x_wconf 81' lang='lat' dir='ltr'><strong>ptismum</strong></span> <span class='ocrx_word' id='word_1_773' title='bbox 440 4990 585 5059; x_wconf 84' lang='lat' dir='ltr'><strong>apernisse</strong></span> <span class='ocrx_word' id='word_1_774' title='bbox 610 4990 719 5041; x_wconf 81' lang='lat' dir='ltr'><strong>aditum</strong></span> <span class='ocrx_word' id='word_1_775' title='bbox 744 4989 827 5056; x_wconf 81' lang='lat' dir='ltr'><strong>rapui</strong></span> <span class='ocrx_word' id='word_1_776' title='bbox 854 4991 996 5060; x_wconf 73' lang='lat' dir='ltr'><strong>coelestis,</strong></span> <span class='ocrx_word' id='word_1_777' title='bbox 1020 4992 1050 5045; x_wconf 95' lang='lat' dir='ltr'><strong>id</strong></span> <span class='ocrx_word' id='word_1_778' title='bbox 1076 4993 1118 5047; x_wconf 90' lang='grc'><strong>16-</strong></span> <span class='ocrx_word' id='word_1_779' title='bbox 1144 4990 1299 5058; x_wconf 73' lang='lat' dir='ltr'><strong>mundicia,</strong></span> <span class='ocrx_word' id='word_1_780' title='bbox 1324 4988 1428 5043; x_wconf 88' lang='lat' dir='ltr'><strong>Paulus</strong></span> <span class='ocrx_word' id='word_1_781' title='bbox 1452 5002 1518 5041; x_wconf 85' lang='lat' dir='ltr'><strong>vero</strong></span> <span class='ocrx_word' id='word_1_782' title='bbox 1536 4986 1571 5040; x_wconf 90' lang='lat' dir='ltr'><strong>de</strong></span> <span class='ocrx_word' id='word_1_783' title='bbox 1588 4985 1696 5041; x_wconf 86' lang='lat' dir='ltr'><strong>interna</strong></span> <span class='ocrx_word' id='word_1_784' title='bbox 1713 5003 1747 5042; x_wconf 91' lang='lat' dir='ltr'><strong>ac</strong></span> <span class='ocrx_word' id='word_1_785' title='bbox 1765 4987 1902 5057; x_wconf 88' lang='lat' dir='ltr'><strong>spirituali</strong></span> <span class='ocrx_word' id='word_1_786' title='bbox 1922 5007 1981 5045; x_wconf 89' lang='lat' dir='ltr'><strong>cor·</strong></span> 
     </span>
     <span class='ocr_line' id='line_1_54' title="bbox 274 5071 1981 5148; baseline -0.002 -14"><span class='ocrx_word' id='word_1_787' title='bbox 274 5077 462 5147; x_wconf 82' lang='lat' dir='ltr'><strong>telligeudum</strong></span> <span class='ocrx_word' id='word_1_788' title='bbox 486 5077 521 5131; x_wconf 91' lang='lat' dir='ltr'><strong>de</strong></span> <span class='ocrx_word' id='word_1_789' title='bbox 547 5076 724 5146; x_wconf 89' lang='lat' dir='ltr'><strong>adspersione</strong></span> <span class='ocrx_word' id='word_1_790' title='bbox 749 5074 777 5127; x_wconf 91' lang='grc'><strong>16</strong></span> <span class='ocrx_word' id='word_1_791' title='bbox 805 5075 893 5130; x_wconf 89' lang='lat' dir='ltr'><strong>classe</strong></span> <span class='ocrx_word' id='word_1_792' title='bbox 918 5093 1020 5133; x_wconf 90' lang='lat' dir='ltr'><strong>causae</strong></span> <span class='ocrx_word' id='word_1_793' title='bbox 1039 5080 1118 5133; x_wconf 87' lang='lat' dir='ltr'><strong>meri·</strong></span> <span class='ocrx_word' id='word_1_794' title='bbox 1143 5078 1218 5148; x_wconf 90' lang='lat' dir='ltr'><strong>poris</strong></span> <span class='ocrx_word' id='word_1_795' title='bbox 1242 5083 1271 5130; x_wconf 90' lang='lat' dir='ltr'><strong>st</strong></span> <span class='ocrx_word' id='word_1_796' title='bbox 1295 5075 1404 5129; x_wconf 79' lang='grc'><strong>6616666</strong></span> <span class='ocrx_word' id='word_1_797' title='bbox 1428 5071 1605 5127; x_wconf 89' lang='lat' dir='ltr'><strong>immundicie</strong></span> <span class='ocrx_word' id='word_1_798' title='bbox 1632 5072 1768 5143; x_wconf 84' lang='lat' dir='ltr'><strong>loquitur,</strong></span> <span class='ocrx_word' id='word_1_799' title='bbox 1799 5075 1981 5146; x_wconf 89' lang='lat' dir='ltr'><strong>quandoper</strong></span> 
     </span>
     <span class='ocr_line' id='line_1_55' title="bbox 274 5158 1982 5234; baseline -0.001 -16"><span class='ocrx_word' id='word_1_800' title='bbox 274 5162 380 5229; x_wconf 88' lang='lat' dir='ltr'><strong>toriae,</strong></span> <span class='ocrx_word' id='word_1_801' title='bbox 407 5181 463 5218; x_wconf 90' lang='lat' dir='ltr'><strong>non</strong></span> <span class='ocrx_word' id='word_1_802' title='bbox 486 5168 579 5217; x_wconf 88' lang='lat' dir='ltr'><strong>autem</strong></span> <span class='ocrx_word' id='word_1_803' title='bbox 605 5163 634 5216; x_wconf 91' lang='lat' dir='ltr'><strong>in</strong></span> <span class='ocrx_word' id='word_1_804' title='bbox 659 5161 747 5216; x_wconf 87' lang='lat' dir='ltr'><strong>classe</strong></span> <span class='ocrx_word' id='word_1_805' title='bbox 772 5178 872 5217; x_wconf 87' lang='lat' dir='ltr'><strong>causac</strong></span> <span class='ocrx_word' id='word_1_806' title='bbox 891 5163 1117 5233; x_wconf 87' lang='lat' dir='ltr'><strong>instrumentalis,</strong></span> <span class='ocrx_word' id='word_1_807' title='bbox 1144 5164 1311 5234; x_wconf 88' lang='lat' dir='ltr'><strong>baptismum</strong></span> <span class='ocrx_word' id='word_1_808' title='bbox 1341 5177 1441 5230; x_wconf 88' lang='lat' dir='ltr'><strong>corpus</strong></span> <span class='ocrx_word' id='word_1_809' title='bbox 1467 5165 1643 5228; x_wconf 86' lang='lat' dir='ltr'><strong>peccatorum</strong></span> <span class='ocrx_word' id='word_1_810' title='bbox 1673 5159 1764 5214; x_wconf 90' lang='lat' dir='ltr'><strong>carnis</strong></span> <span class='ocrx_word' id='word_1_811' title='bbox 1790 5158 1854 5212; x_wconf 85' lang='lat' dir='ltr'><strong>exui</strong></span> <span class='ocrx_word' id='word_1_812' title='bbox 1881 5160 1982 5230; x_wconf 90' lang='lat' dir='ltr'><strong>docet.)</strong></span> 
     </span>
     <span class='ocr_line' id='line_1_56' title="bbox 275 5244 1982 5320; baseline -0.001 -17"><span class='ocrx_word' id='word_1_813' title='bbox 275 5256 312 5303; x_wconf 91' lang='lat' dir='ltr'><strong>ut</strong></span> <span class='ocrx_word' id='word_1_814' title='bbox 331 5265 364 5302; x_wconf 86' lang='lat' dir='ltr'><strong>ex</strong></span> <span class='ocrx_word' id='word_1_815' title='bbox 383 5253 513 5304; x_wconf 82' lang='lat' dir='ltr'><strong>contextu</strong></span> <span class='ocrx_word' id='word_1_816' title='bbox 531 5253 617 5320; x_wconf 88' lang='lat' dir='ltr'><strong>patet.</strong></span> <span class='ocrx_word' id='word_1_817' title='bbox 1143 5251 1207 5305; x_wconf 91' lang='lat' dir='ltr'><strong>Huc</strong></span> <span class='ocrx_word' id='word_1_818' title='bbox 1227 5249 1368 5319; x_wconf 87' lang='lat' dir='ltr'><strong>pertinent</strong></span> <span class='ocrx_word' id='word_1_819' title='bbox 1383 5246 1446 5316; x_wconf 90' lang='lat' dir='ltr'><strong>typi</strong></span> <span class='ocrx_word' id='word_1_820' title='bbox 1466 5244 1502 5302; x_wconf 88' lang='lat' dir='ltr'><strong>V.</strong></span> <span class='ocrx_word' id='word_1_821' title='bbox 1522 5245 1570 5301; x_wconf 86' lang='lat' dir='ltr'><strong>T.:</strong></span> <span class='ocrx_word' id='word_1_822' title='bbox 1596 5247 1747 5312; x_wconf 82' lang='lat' dir='ltr'><strong>dilucium,</strong></span> <span class='ocrx_word' id='word_1_823' title='bbox 1765 5260 1815 5313; x_wconf 89' lang='lat' dir='ltr'><strong>per</strong></span> <span class='ocrx_word' id='word_1_824' title='bbox 1831 5247 1906 5315; x_wconf 89' lang='lat' dir='ltr'><strong>quod</strong></span> <span class='ocrx_word' id='word_1_825' title='bbox 1925 5263 1982 5302; x_wconf 92' lang='lat' dir='ltr'><strong>om·</strong></span> 
     </span>
     <span class='ocr_line' id='line_1_57' title="bbox 218 5329 1980 5406; baseline -0.001 -16"><span class='ocrx_word' id='word_1_826' title='bbox 218 5374 248 5404; x_wconf 59' lang='lat'><strong>2.</strong></span> <span class='ocrx_word' id='word_1_827' title='bbox 318 5340 375 5390; x_wconf 81' lang='grc'><strong>112.</strong></span> <span class='ocrx_word' id='word_1_828' title='bbox 410 5333 491 5389; x_wconf 90' lang='lat' dir='ltr'><strong>Prior</strong></span> <span class='ocrx_word' id='word_1_829' title='bbox 510 5352 576 5406; x_wconf 79' lang='lat' dir='ltr'><strong>ergo</strong></span> <span class='ocrx_word' id='word_1_830' title='bbox 596 5334 726 5405; x_wconf 88' lang='lat' dir='ltr'><strong>baptismi</strong></span> <span class='ocrx_word' id='word_1_831' title='bbox 743 5333 851 5388; x_wconf 87' lang='lat' dir='ltr'><strong>fructus</strong></span> <span class='ocrx_word' id='word_1_832' title='bbox 871 5341 914 5389; x_wconf 90' lang='lat' dir='ltr'><strong>cst</strong></span> <span class='ocrx_word' id='word_1_833' title='bbox 933 5338 1118 5401; x_wconf 78' lang='lat' dir='ltr'><strong>repcnerutio,</strong></span> <span class='ocrx_word' id='word_1_834' title='bbox 1143 5337 1187 5390; x_wconf 88' lang='lat' dir='ltr'><strong>nis</strong></span> <span class='ocrx_word' id='word_1_835' title='bbox 1214 5352 1278 5389; x_wconf 91' lang='lat' dir='ltr'><strong>caro</strong></span> <span class='ocrx_word' id='word_1_836' title='bbox 1305 5333 1427 5404; x_wconf 89' lang='grc'><strong>66666116</strong></span> <span class='ocrx_word' id='word_1_837' title='bbox 1460 5340 1591 5403; x_wconf 77' lang='lat' dir='ltr'><strong>conopia</strong></span> <span class='ocrx_word' id='word_1_838' title='bbox 1615 5332 1670 5386; x_wconf 84' lang='grc'><strong>1611</strong></span> <span class='ocrx_word' id='word_1_839' title='bbox 1693 5329 1837 5383; x_wconf 87' lang='lat' dir='ltr'><strong>submersa</strong></span> <span class='ocrx_word' id='word_1_840' title='bbox 1860 5330 1930 5388; x_wconf 86' lang='lat' dir='ltr'><strong>Gen.</strong></span> <span class='ocrx_word' id='word_1_841' title='bbox 1957 5341 1980 5401; x_wconf 82' lang='grc'><strong>’6,</strong></span> 
     </span>
     <span class='ocr_line' id='line_1_58' title="bbox 218 5415 1980 5495; baseline -0.001 -20"><span class='ocrx_word' id='word_1_842' title='bbox 218 5426 227 5457; x_wconf 82' lang='lat'>¹</span> <span class='ocrx_word' id='word_1_843' title='bbox 277 5436 356 5495; x_wconf 89' lang='lat' dir='ltr'><strong>quae</strong></span> <span class='ocrx_word' id='word_1_844' title='bbox 374 5420 567 5491; x_wconf 88' lang='lat' dir='ltr'><strong>complectitur</strong></span> <span class='ocrx_word' id='word_1_845' title='bbox 585 5420 651 5476; x_wconf 86' lang='lat' dir='ltr'><strong>fidei</strong></span> <span class='ocrx_word' id='word_1_846' title='bbox 671 5420 861 5483; x_wconf 89' lang='lat' dir='ltr'><strong>donationem,</strong></span> <span class='ocrx_word' id='word_1_847' title='bbox 880 5428 1057 5491; x_wconf 87' lang='lat' dir='ltr'><strong>peccatorum</strong></span> <span class='ocrx_word' id='word_1_848' title='bbox 1077 5440 1117 5477; x_wconf 88' lang='lat' dir='ltr'><strong>re·</strong></span> <span class='ocrx_word' id='word_1_849' title='bbox 1144 5441 1169 5474; x_wconf 89' lang='lat' dir='ltr'><strong>v.</strong></span> <span class='ocrx_word' id='word_1_850' title='bbox 1196 5427 1238 5477; x_wconf 92' lang='grc'><strong>21,</strong></span> <span class='ocrx_word' id='word_1_851' title='bbox 1274 5419 1465 5486; x_wconf 84' lang='lat' dir='ltr'><strong>circumcisio,</strong></span> <span class='ocrx_word' id='word_1_852' title='bbox 1496 5435 1547 5488; x_wconf 90' lang='lat' dir='ltr'><strong>per</strong></span> <span class='ocrx_word' id='word_1_853' title='bbox 1579 5434 1661 5487; x_wconf 90' lang='lat' dir='ltr'><strong>quam</strong></span> <span class='ocrx_word' id='word_1_854' title='bbox 1687 5415 1864 5486; x_wconf 90' lang='lat' dir='ltr'><strong>praeputium</strong></span> <span class='ocrx_word' id='word_1_855' title='bbox 1890 5418 1980 5473; x_wconf 88' lang='lat' dir='ltr'><strong>cordis</strong></span> 
     </span>
    </p>
   </div>
   <div class='ocr_carea' id='block_1_5' title="bbox 218 5473 2116 5582">
    <p class='ocr_par' dir='ltr' id='par_1_5' title="bbox 218 5473 2116 5582">
     <span class='ocr_line' id='line_1_59' title="bbox 218 5473 2116 5582; baseline 0.002 -22"><span class='ocrx_word' id='word_1_856' title='bbox 218 5528 239 5560; x_wconf 87' lang='grc' dir='ltr'>ι</span> <span class='ocrx_word' id='word_1_857' title='bbox 278 5506 449 5577; x_wconf 86' lang='lat' dir='ltr'><strong>missionem,</strong></span> <span class='ocrx_word' id='word_1_858' title='bbox 467 5506 495 5560; x_wconf 89' lang='lat' dir='ltr'><strong>in</strong></span> <span class='ocrx_word' id='word_1_859' title='bbox 515 5501 614 5582; x_wconf 80' lang='lat' dir='ltr'><strong>foedus</strong></span> <span class='ocrx_word' id='word_1_860' title='bbox 631 5508 738 5578; x_wconf 81' lang='lat' dir='ltr'><strong>gratiae</strong></span> <span class='ocrx_word' id='word_1_861' title='bbox 751 5505 944 5576; x_wconf 89' lang='lat' dir='ltr'><strong>receptionem,</strong></span> <span class='ocrx_word' id='word_1_862' title='bbox 965 5505 1066 5562; x_wconf 87' lang='lat' dir='ltr'><strong>Christi</strong></span> <span class='ocrx_word' id='word_1_863' title='bbox 1077 5508 1119 5561; x_wconf 89' lang='lat' dir='ltr'><strong>in·</strong></span> <span class='ocrx_word' id='word_1_864' title='bbox 1142 5507 1198 5561; x_wconf 83' lang='lat' dir='ltr'><strong>suit</strong></span> <span class='ocrx_word' id='word_1_865' title='bbox 1215 5506 1347 5569; x_wconf 88' lang='lat' dir='ltr'><strong>ablatum,</strong></span> <span class='ocrx_word' id='word_1_866' title='bbox 1366 5504 1466 5560; x_wconf 81' lang='lat' dir='ltr'><strong>Genea</strong></span> <span class='ocrx_word' id='word_1_867' title='bbox 1486 5512 1525 5570; x_wconf 83' lang='lat' dir='ltr'><strong>lt,</strong></span> <span class='ocrx_word' id='word_1_868' title='bbox 1543 5522 1569 5558; x_wconf 84' lang='lat' dir='ltr'><strong>v.</strong></span> <span class='ocrx_word' id='word_1_869' title='bbox 1588 5510 1629 5559; x_wconf 82' lang='grc'><strong>27.</strong></span> <span class='ocrx_word' id='word_1_870' title='bbox 1656 5508 1679 5557; x_wconf 82' lang='lat'><strong>2.</strong></span> <span class='ocrx_word' id='word_1_871' title='bbox 1699 5501 1779 5566; x_wconf 84' lang='lat' dir='ltr'><strong>Quod</strong></span> <span class='ocrx_word' id='word_1_872' title='bbox 1797 5520 1860 5557; x_wconf 90' lang='lat' dir='ltr'><strong>cum</strong></span> <span class='ocrx_word' id='word_1_873' title='bbox 1870 5504 1980 5560; x_wconf 85' lang='lat' dir='ltr'><strong>Christo</strong></span> <span class='ocrx_word' id='word_1_874' title='bbox 1991 5473 2116 5567; x_wconf 57' lang='grc'><strong>161111111-</strong></span> 
     </span>
    </p>
   </div>
   <div class='ocr_carea' id='block_1_6' title="bbox 218 5570 2090 5669">
    <p class='ocr_par' dir='ltr' id='par_1_6' title="bbox 218 5570 2090 5669">
     <span class='ocr_line' id='line_1_60' title="bbox 218 5570 2090 5669; baseline -0.006 -18"><span class='ocrx_word' id='word_1_875' title='bbox 218 5570 449 5664; x_wconf 58' lang='lat' dir='ltr'><strong>sslduitioucm,</strong></span> <span class='ocrx_word' id='word_1_876' title='bbox 478 5592 506 5645; x_wconf 87' lang='lat' dir='ltr'><strong>in</strong></span> <span class='ocrx_word' id='word_1_877' title='bbox 531 5584 604 5640; x_wconf 60' lang='lat' dir='ltr'><strong>filim</strong></span> <span class='ocrx_word' id='word_1_878' title='bbox 626 5591 680 5648; x_wconf 90' lang='lat' dir='ltr'><strong>Dei</strong></span> <span class='ocrx_word' id='word_1_879' title='bbox 706 5594 895 5667; x_wconf 88' lang='lat' dir='ltr'><strong>adoptionem,</strong></span> <span class='ocrx_word' id='word_1_880' title='bbox 923 5609 956 5648; x_wconf 85' lang='lat' dir='ltr'><strong>ex</strong></span> <span class='ocrx_word' id='word_1_881' title='bbox 982 5600 1119 5662; x_wconf 88' lang='lat' dir='ltr'><strong>potestate</strong></span> <span class='ocrx_word' id='word_1_882' title='bbox 1144 5612 1194 5666; x_wconf 90' lang='lat' dir='ltr'><strong>per</strong></span> <span class='ocrx_word' id='word_1_883' title='bbox 1219 5593 1395 5664; x_wconf 83' lang='lat' dir='ltr'><strong>baptismum</strong></span> <span class='ocrx_word' id='word_1_884' title='bbox 1412 5592 1442 5643; x_wconf 89' lang='lat' dir='ltr'><strong>in</strong></span> <span class='ocrx_word' id='word_1_885' title='bbox 1470 5598 1584 5644; x_wconf 89' lang='lat' dir='ltr'><strong>mortem</strong></span> <span class='ocrx_word' id='word_1_886' title='bbox 1613 5589 1829 5658; x_wconf 66' lang='lat' dir='ltr'><strong>cooperimur,</strong></span> <span class='ocrx_word' id='word_1_887' title='bbox 1858 5590 1911 5644; x_wconf 92' lang='lat' dir='ltr'><strong>hoc</strong></span> <span class='ocrx_word' id='word_1_888' title='bbox 1938 5578 2090 5669; x_wconf 57' lang='lat' dir='ltr'><strong>milirilm</strong></span> 
     </span>
    </p>
   </div>
   <div class='ocr_carea' id='block_1_7' title="bbox 276 5658 2124 5754">
    <p class='ocr_par' dir='ltr' id='par_1_7' title="bbox 276 5658 2124 5754">
     <span class='ocr_line' id='line_1_61' title="bbox 276 5658 2124 5754; baseline -0.002 -15"><span class='ocrx_word' id='word_1_889' title='bbox 276 5682 404 5739; x_wconf 83' lang='lat' dir='ltr'><strong>Satanae</strong></span> <span class='ocrx_word' id='word_1_890' title='bbox 427 5670 620 5734; x_wconf 68' lang='lat' dir='ltr'><strong>liberationem</strong></span> <span class='ocrx_word' id='word_1_891' title='bbox 643 5682 673 5730; x_wconf 84' lang='lat' dir='ltr'><strong>et</strong></span> <span class='ocrx_word' id='word_1_892' title='bbox 696 5690 823 5738; x_wconf 81' lang='lat' dir='ltr'><strong>aeternae</strong></span> <span class='ocrx_word' id='word_1_893' title='bbox 853 5680 951 5735; x_wconf 89' lang='lat' dir='ltr'><strong>salutis</strong></span> <span class='ocrx_word' id='word_1_894' title='bbox 969 5681 1118 5751; x_wconf 84' lang='grc'><strong>666666616-</strong></span> <span class='ocrx_word' id='word_1_895' title='bbox 1130 5658 1133 5743; x_wconf 81' lang='lat' dir='ltr'><strong>l</strong></span> <span class='ocrx_word' id='word_1_896' title='bbox 1144 5681 1220 5754; x_wconf 91' lang='lat' dir='ltr'><strong>quod</strong></span> <span class='ocrx_word' id='word_1_897' title='bbox 1246 5686 1325 5735; x_wconf 86' lang='lat' dir='ltr'><strong>vetus</strong></span> <span class='ocrx_word' id='word_1_898' title='bbox 1344 5686 1438 5734; x_wconf 88' lang='lat' dir='ltr'><strong>noster</strong></span> <span class='ocrx_word' id='word_1_899' title='bbox 1455 5678 1536 5733; x_wconf 89' lang='lat' dir='ltr'><strong>bomo</strong></span> <span class='ocrx_word' id='word_1_900' title='bbox 1555 5676 1584 5729; x_wconf 89' lang='lat' dir='ltr'><strong>in</strong></span> <span class='ocrx_word' id='word_1_901' title='bbox 1602 5675 1739 5746; x_wconf 89' lang='lat' dir='ltr'><strong>baptismo</strong></span> <span class='ocrx_word' id='word_1_902' title='bbox 1760 5684 1789 5731; x_wconf 88' lang='lat' dir='ltr'><strong>et</strong></span> <span class='ocrx_word' id='word_1_903' title='bbox 1805 5694 1856 5749; x_wconf 89' lang='lat' dir='ltr'><strong>per</strong></span> <span class='ocrx_word' id='word_1_904' title='bbox 1872 5677 1979 5750; x_wconf 84' lang='lat' dir='ltr'><strong>baptis·</strong></span> <span class='ocrx_word' id='word_1_905' title='bbox 1992 5680 2124 5735; x_wconf 72' lang='lat' dir='ltr'><strong>seponunt.</strong></span> 
     </span>
    </p>
   </div>
   <div class='ocr_carea' id='block_1_8' title="bbox 0 0 2409 6659">
    <p class='ocr_par' dir='ltr' id='par_1_8' title="bbox 0 0 2409 6659">
     <span class='ocr_line' id='line_1_62' title="bbox 0 0 2409 6659; baseline 0 0"><span class='ocrx_word' id='word_1_906' title='bbox 0 0 2409 6659; x_wconf 95' lang='lat' dir='ltr'><strong> </strong></span> 
     </span>
    </p>
   </div>
  </div>
 </body>
</html>
