4800 6659
776 618 828 675 ΒΕ
846 615 1143 677 cmcunclslortn
1164 614 1216 672 ΕΤ
1233 615 1341 675 AGNO
1359 616 1560 678 PASOEALI·
1978 622 2039 681 243

341 770 407 834 feeit
434 778 462 825 st
485 772 611 841 populus
634 774 782 829 universus
804 775 1004 845 apprecatione
1020 775 1099 828 laeta
1115 788 1178 827 eam
1206 778 1334 841 usurpat,
1361 789 1413 843 pro
1438 774 1536 846 quovis
1558 788 1654 831 merse
1677 773 1718 832 rei
1735 771 1817 844 signo
1833 771 1886 841 (its
1901 769 1975 826 enim
1992 767 2040 826 di·

288 854 289 859 ’
342 857 546 926 comprobavit,
571 859 622 929 qui
643 862 724 929 opud
740 878 791 914 nos
809 870 944 914 eocanasr
961 860 1077 912 diaconi
1093 867 1178 928 atque
1202 857 1265 911 finit
1290 859 1370 929 epist.
1395 867 1420 913 3.
1449 860 1485 914 ad
1513 857 1636 915 Marcell.
1661 865 1690 916 et
1709 859 1757 916 lib.
1778 865 1818 914 10.
1838 857 1874 912 de
1891 857 1965 912 civit.
1985 854 2041 911 Dei

342 942 469 1011 miniari,
488 945 659 999 diatribam
678 946 826 1016 unicunque
843 947 1045 1015 praesentium,
1063 953 1094 998 ut
1106 962 1176 1013 por·
1203 960 1229 999 c.
1248 946 1284 1011 t.)
1303 945 1361 1001 sire
1380 945 1409 998 id
1428 947 1590 1001 mandatum
1607 944 1645 1001 slt
1662 962 1680 1003 a
1699 944 1810 1001 Christo
1828 944 1858 998 in
1874 942 1909 999 N.
1928 942 1962 997 Τ.
1981 942 2041 998 sire

340 1028 433 1097 timpet
451 1045 520 1097 nunu,
539 1031 570 1083 in
584 1049 640 1100 quo
657 1034 858 1100 proticeoctae
870 1041 942 1101 sunt,
956 1048 1069 1102 panem,
1082 1032 1176 1083 cinrsm
1202 1048 1236 1084 ex
1255 1030 1290 1086 V.
1307 1030 1341 1087 Τ.
1362 1031 1534 1100 desumtum,
1558 1032 1603 1087 sel
1623 1030 1724 1087 ariris
1741 1029 1936 1086 ecclesiasticis
1953 1028 2040 1084 intro·

340 1121 363 1167 et
382 1130 489 1183 aquam
506 1123 532 1169 ct
550 1118 592 1170 od
608 1118 733 1172 obssmes
746 1120 905 1188 perferunt.
941 1119 1035 1173 Porro
1060 1118 1176 1169 obmer-
1204 1116 1333 1185 ductum;
1360 1116 1419 1171 sive
1443 1118 1535 1188 gratia
1555 1134 1608 1187 per
1630 1117 1700 1171 lllud
1724 1118 1834 1188 signum
1859 1116 1954 1183 detur,
1981 1115 2041 1170 sire

272 1205 395 1254 llll-tum
414 1201 468 1255 hoe
485 1204 567 1271 opssd
582 1222 634 1257 nos
650 1213 766 1258 vocatur
785 1205 957 1258 euchars'stia
976 1212 1028 1260 stc.
1064 1202 1174 1257 Tertul·
1202 1208 1311 1255 tantum
1335 1202 1515 1274 significetur.
1551 1203 1622 1257 ltem
1640 1203 1699 1257 sire
1716 1202 1753 1256 sit
1770 1200 1862 1272 gratis
1879 1200 2041 1256 reconcilia·

341 1286 432 1340 lienus
455 1286 503 1341 lib.
524 1294 546 1343 1.
574 1289 637 1343 adr.
661 1289 830 1345 Marcionem
854 1306 878 1343 c.
900 1295 924 1344 3.
948 1307 977 1359 p.
1000 1296 1055 1345 114.
1079 1288 1175 1343 itidem
1201 1286 1292 1354 tionis,
1312 1288 1371 1341 sire
1389 1288 1466 1342 aliud
1482 1289 1596 1360 aliquod
1606 1288 1709 1343 donum
1719 1288 1847 1358 Spiritus,
1864 1285 2040 1342 utexvariis

340 1372 393 1427 duo
417 1378 527 1428 tantum
551 1382 725 1431 scemmenta
748 1381 887 1429 numerat:
917 1375 977 1429 Sed
994 1375 1044 1429 ille
1063 1377 1175 1444 quidem
1202 1372 1270 1426 locis
1286 1381 1418 1444 apparet,
1447 1373 1495 1429 ubi
1516 1373 1669 1441 chrismati,
1696 1374 1778 1445 signo
1798 1373 1901 1441 crucis,
1925 1373 2035 1427 ordina·

340 1458 453 1529 (inquit)
471 1477 559 1530 sssqsse
576 1479 649 1515 euna
666 1479 716 1516 uec
734 1480 839 1531 aquam
855 1462 1016 1530 reprobavit
1029 1462 1175 1528 creatoris,
1202 1458 1269 1512 tioni
1295 1465 1323 1515 et
1348 1459 1411 1514 aliis
1433 1459 1533 1514 ritibus
1556 1459 1720 1514 sacramenti
1738 1475 1838 1515 nomen
1857 1460 1967 1527 tribuit3
1996 1459 2038 1514 in·

340 1561 396 1614 cua
419 1562 488 1598 suos
509 1545 614 1615 aaut,
639 1564 689 1601 nec
708 1548 810 1611 oleum,
840 1564 895 1617 pua
918 1565 984 1600 suos
1006 1549 1101 1615 unm't,
1126 1564 1176 1600 nec
1201 1544 1281 1599 terim
1300 1552 1393 1600 tamen
1412 1546 1452 1601 ita
1469 1552 1598 1601 numerat
1608 1546 1690 1615 plura
1702 1552 1884 1614 sacramenta,
1897 1549 1930 1598 ut
1941 1544 2039 1615 primo,

340 1629 432 1684 mellis
452 1638 481 1685 et
503 1631 586 1685 lactis
609 1634 781 1701 societatum,
804 1651 861 1703 qua
878 1651 943 1687 suos
962 1634 1103 1698 infantat,
1126 1650 1176 1686 nec
1201 1629 1316 1694 illustri,
1339 1632 1504 1702 praecipuo,
1522 1632 1656 1701 peculiari
1676 1637 1705 1685 et
1722 1631 1854 1686 distincto
1872 1631 1935 1686 loco
1953 1638 2041 1701 ponet

337 1732 450 1785 panorm
468 1733 523 1785 quo
539 1719 631 1787 ipsum
648 1737 753 1789 corpus
770 1738 850 1775 suum
866 1720 1175 1789 repraesentaturam
1202 1715 1370 1786 baptismum
1394 1722 1423 1772 et
1449 1717 1654 1773 eucharistiam.
1688 1717 1777 1790 Epist.
1799 1723 1855 1774 118.
1878 1718 1915 1772 ad
1934 1717 2039 1774 Janua·

340 1803 368 1855 in
387 1805 575 1858 meramms's
588 1808 731 1876 propriis,
751 1824 834 1875 opens
852 1806 1079 1859 mendicitatibus
1098 1822 1174 1858 crea·
1201 1801 1287 1854 rium:
1315 1804 1445 1857 Primum
1464 1813 1558 1858 lenm
1577 1813 1604 1858 ts
1620 1805 1700 1873 colo,
1725 1806 1803 1872 meod
1819 1812 1860 1858 est
1879 1805 1963 1874 hujus
1981 1805 2039 1859 dis-
2138 1832 2145 1840 ¹

338 1888 416 1945 toris.
453 1888 520 1956 (Per
536 1892 628 1946 oleum
645 1909 679 1947 ac
696 1893 777 1947 lactis
795 1893 940 1963 mellisque
958 1892 1120 1947 societatem
1133 1892 1174 1946 in·
1199 1889 1356 1954 putationis
1368 1898 1461 1957 caput,
1476 1892 1630 1945 Dominum
1640 1899 1766 1945 nostrum
1777 1891 1876 1944 lesum
1889 1889 2039 1955 th'stum,

338 1974 439 2046 telligit
456 1977 627 2031 ceremonias
644 1984 712 2033 tunc
731 1980 894 2049 conjunctas
911 1978 1173 2048 actionihsptismi,
1200 1973 1272 2025 sicut
1291 1973 1352 2042 ipse
1370 1976 1400 2027 in
1418 1976 1564 2045 cuanpslio
1584 1976 1722 2046 loquutur,
1742 1977 1802 2030 leni
1814 1978 1888 2047 jupo
1907 1995 1959 2031 nos
1977 1979 2039 2031 sub·

338 2075 392 2113 non
419 2066 514 2117 entem
545 2062 698 2132 peculiaria
728 2070 903 2119 sacramenti
926 2080 945 2119 a
967 2064 1105 2134 baptismo
1133 2064 1173 2118 di.
1200 2058 1310 2111 didisse
1328 2068 1355 2112 et
1372 2062 1505 2114 sarcinae
1520 2062 1589 2125 leci,
1613 2063 1688 2115 unde
1710 2064 1897 2116 mammis
1920 2080 2038 2120 numero

338 2145 462 2218 stincta)
497 2146 544 2202 lib
562 2154 588 2204 4.
612 2149 675 2203 adv.
702 2150 873 2205 Marcionem
897 2167 921 2206 c.
940 2157 980 2205 sl.
1001 2168 1029 2220 p.
1048 2154 1113 2206 313:
1141 2150 1175 2204 Si
1195 2145 1391 2214 paucissimis,
1415 2148 1606 2201 obseruatione
1633 2149 1798 2217 facillimis,
1832 2149 2039 2219 marmorum

339 2232 451 2287 omniuo
468 2248 564 2303 nepas,
580 2236 708 2302 pennoti
725 2236 876 2290 dicamim
890 2254 910 2290 a
923 2236 1044 2303 Christo,
1057 2238 1173 2305 quando
1196 2233 1460 2300 praestamissimis,
1490 2234 1650 2287 societatem
1675 2235 1742 2288 noui
1761 2235 1866 2303 populi
1884 2236 2037 2305 colliqorit,

338 2325 367 2371 tu
390 2320 508 2387 nuptias
528 2321 653 2385 dirimis,
677 2339 728 2375 nac
752 2324 924 2393 conjungam
949 2340 1056 2376 maram
1078 2331 1104 2376 ot
1123 2324 1172 2389 ss·
1199 2317 1271 2369 saus
1288 2326 1330 2370 est
1347 2319 1501 2388 baptismus
1521 2320 1672 2372 Trinitame
1689 2320 1800 2372 nomine
1818 2330 1997 2374 consecratus
2012 2330 2039 2375 et

337 2404 457 2473 numm,
481 2421 532 2458 nec
558 2406 631 2461 alibi
656 2409 818 2477 coujunctos
842 2411 884 2463 ad
901 2417 1107 2464 sacramentum
1125 2410 1173 2462 ba-
1200 2404 1355 2457 communia
1373 2405 1502 2472 corporis
1520 2405 1787 2475 etsanpuinisejus,
1806 2407 1859 2459 etsi
1870 2406 1942 2475 quid
1953 2407 2038 2460 aliud

334 2490 435 2560 ptisnu¹
452 2498 479 2543 ct
496 2493 681 2548 eucharistias
700 2496 864 2566 admittens,
887 2497 945 2549 nisi
967 2496 1041 2548 inter
1061 2510 1091 2547 ss
1109 2512 1173 2548 con-
1200 2490 1230 2541 in
1255 2488 1412 2559 Scriptus-is
1440 2491 1584 2545 canocicis
1616 2494 1834 2546 commendatur.
1876 2491 1924 2547 lib.
1949 2498 1974 2548 3.
1999 2492 2036 2547 ds

332 2576 498 2645 juraverint
520 2580 656 2633 adcernss
676 2582 802 2645 fructum
820 2583 997 2650 meptiarum,
1020 2588 1052 2635 ut
1073 2584 1174 2635 adoer-
1200 2575 1288 2632 doctr.
1315 2575 1415 2632 Christ
1442 2594 1465 2632 c.
1490 2583 1515 2634 9.
1539 2577 1575 2632 de
1597 2577 1778 2632 eaemmmtis
1799 2578 1833 2634 N.
1851 2578 1885 2635 T.
1905 2577 2034 2650 loquens:

339 2679 386 2715 sus
409 2663 503 2732 ipsum
527 2673 682 2720 creatorem
702 2666 761 2733 (ubi
781 2667 813 2721 B.
833 2668 984 2722 Rhenanus
1002 2668 1032 2721 in
1050 2668 1175 2738 margine
1199 2662 1301 2715 Pauca
1321 2680 1380 2732 pro
1403 2664 1511 2728 mclii&
1538 2680 1626 2734 ‘⁰4¹⁴‘
1641 2665 1729 2732 sm
1741 2665 1893 2731 swalma
1911 2666 2035 2719 61411164·

266 2767 272 2782 .
337 2749 461 2803 mtaritz
496 2749 642 2821 Baptismus
667 2758 696 2808 et
721 2753 891 2809 eucharistia
919 2755 975 2809 duo
1001 2759 1175 2809 sacramenta
1199 2748 1273 2802 lectu
1300 2750 1499 2817 aupustissima
1526 2757 1552 2803 et
1580 2751 1771 2805 ammaim
1794 2752 1954 2805 castium
1977 2753 2038 2822 ipss

338 2834 494 2905 primitivae
520 2837 676 2904 eeclesiae.)
712 2838 760 2894 lib.
781 2840 817 2895 de
834 2856 936 2895 corona
953 2837 1048 2894 militie
1067 2858 1094 2910 p.
1111 2845 1173 2895 519:
1202 2835 1342 2888 Dominus
1357 2844 1383 2890 ct
1400 2837 1559 2906 apostolica
1576 2837 1701 2893 tradidit
1720 2837 1889 2906 disciplina,
1908 2838 1981 2891 siem
1998 2845 2039 2891 est

337 2922 450 2991 aarum
472 2923 584 2977 adituri
608 2924 726 2991 ibidem,
755 2925 808 2978 sed
830 2931 858 2977 et
880 2925 1027 2993 aliquanto
1041 2926 1126 2995 prinu
1143 2926 1174 2979 in
1200 2921 1333 2988 baptismi
1349 2931 1555 2976 sacramentum
1574 2930 1601 2976 ct
1618 2922 1770 2977 celebratio
1789 2924 1920 2994 corporis
1936 2932 2038 2977 etsan-

336 3007 469 3073 eeclesia,
493 3010 545 3062 suh
566 3010 703 3063 aututitis
726 3028 813 3063 manu
835 3019 1037 3078 contestamur,
1062 3029 1113 3066 nos
1131 3028 1173 3065 re·
1199 3008 1293 3073 amau
1312 3008 1440 3065 Domini.
1475 3007 1589 3064 “Vide
1609 3008 1693 3063 etiam
1715 3008 1795 3079 epist.
1809 3015 1867 3066 15⁷.
1887 3009 1917 3063 in
1935 3009 2037 3066 enchir

336 3094 469 3147 suatim
494 3096 609 3149 diabolo
637 3104 666 3149 et
687 3113 810 3166 pompae
833 3106 859 3151 et
883 3097 993 3167 aepulis
1016 3098 1096 3167 cjus,·
1126 3100 1173 3152 da-
1199 3092 1236 3146 ad
1257 3092 1389 3148 [ament
1413 3110 1437 3149 c.
1458 3100 1514 3149 120.
1538 3093 1586 3148 lib.
1604 3100 1630 3151 4.
1651 3111 1698 3165 qq.
1723 3112 1807 3164 super
1826 3094 1909 3151 Num.
1929 3112 1975 3167 qu.
1995 3101 2037 3153 33.

336 3180 400 3234 binc
418 3188 462 3235 te·
482 3183 677 3249 meraitamur,
703 3185 826 3253 amplius
843 3185 957 3255 aliquid
974 3187 1174 3254 respondentes
1199 3179 1248 3234 lib.
1269 3185 1307 3235 13.
1334 3187 1430 3234 conus
1455 3180 1551 3235 Faust.
1576 3197 1600 3234 e.
1624 3186 1662 3235 le.
1686 3180 1733 3237 lib.
1755 3187 1779 3236 3.
1802 3187 1876 3235 cont
1896 3182 1936 3235 lit.
1953 3182 2037 3239 Petil.

337 3283 421 3335 quam
436 3268 576 3322 Dominus
595 3268 626 3321 in
644 3270 789 3337 eeanpelio
801 3271 1014 3340 determinavit5
1033 3272 1172 3324 iudaeus·
1199 3282 1222 3319 c
1245 3270 1286 3320 31.
1313 3264 1363 3319 lib.
1386 3272 1483 3320 cenna
1506 3265 1646 3321 Donatist.
1673 3267 1709 3321 ds
1734 3266 1812 3337 bapt.
1837 3284 1862 3321 c.
1886 3272 1924 3322 14.
1945 3266 1994 3324 lib.
2011 3274 2038 3324 t.

337 3352 412 3421 septi
445 3352 530 3406 motis
563 3361 590 3407 et
617 3354 711 3409 mellis
736 3357 917 3409 concordium
943 3364 1172 3426 praspustamus,
1197 3368 1221 3404 c.
1247 3357 1286 3407 13.
1312 3351 1343 3405 in
1370 3357 1487 3406 enmrat.
1514 3351 1617 3407 Psalm.
1641 3357 1685 3408 40.
1711 3369 1739 3422 p.
1767 3358 1827 3410 320.
1863 3352 1893 3405 in
1918 3357 2037 3412 enunt-

338 3454 423 3506 ecque
446 3454 481 3491 ea
503 3439 551 3493 die
572 3439 687 3494 lawcro
712 3442 879 3510 matidiano
894 3458 949 3511 per
965 3450 1054 3495 totam
1071 3443 1172 3495 hebdo-
1199 3436 1302 3491 Psalm.
1323 3444 1363 3494 13.
1387 3455 1416 3507 p.
1436 3439 1533 3493 802⁴*
1568 3438 1736 3493 Paschasius
1761 3439 1791 3492 in
1819 3438 1868 3495 lib.
1898 3438 1933 3493 de
1950 3455 2038 3494 coena

337 3525 452 3576 modam
474 3525 653 3581 abstinemus.
695 3528 899 3581 Eucharistiae
920 3536 1125 3581 sacamentum
1145 3535 1173 3580 et
1200 3522 1323 3578 Domini:
1347 3523 1420 3578 Sunt
1438 3532 1531 3577 csstem
1548 3532 1726 3579 sacramenta
1745 3523 1854 3579 Christi
1870 3526 1900 3577 in
1916 3525 2037 3579 eeclesia
2050 3521 2086 3563 ¹¹·
2099 3517 2133 3561 ὓ

337 3610 366 3661 in
387 3616 512 3679 tempore
529 3612 618 3665 uictus
634 3618 661 3665 et
679 3614 805 3667 omnibus
825 3616 990 3667 mandatum
1009 3631 1028 3666 a
1046 3615 1172 3667 Domino
1198 3609 1339 3663 catholica
1356 3610 1523 3679 baptismus,
1550 3628 1652 3680 corpus
1670 3627 1779 3679 quoquc
1797 3619 1823 3665 et
1839 3611 1957 3679 sanquis
1976 3613 2036 3666 Do·

337 3695 422 3749 aiam
443 3696 622 3750 antelucanis
645 3700 780 3767 coutimur,
807 3716 858 3753 acc
882 3702 918 3753 dc
940 3700 1063 3754 alienam
1079 3717 1172 3764 manu,
1200 3696 1277 3750 missi.
1313 3696 1460 3751 &marion
1486 3696 1562 3752 card.
1590 3697 1625 3751 da
1653 3713 1770 3751 meram.
1796 3697 1922 3754 enchon:
1956 3699 2038 3752 Haec

337 3798 421 3849 msam
448 3784 671 3851 praesidentium
697 3786 839 3839 mamimus.
881 3785 929 3839 lib.
961 3785 997 3840 de
1027 3792 1172 3841 resurrect.
1201 3784 1258 3834 duo
1285 3782 1349 3835 sola
1375 3790 1555 3836 sacramenta
1578 3783 1608 3835 in
1630 3783 1785 3852 eranpeliis
1809 3784 1960 3847 manifeste
1979 3792 2037 3837 tro-

338 3882 411 3920 csrn.
430 3884 459 3937 p.
479 3872 526 3922 52:
559 3870 710 3922 Videamus
732 3889 804 3923 nunc
823 3873 859 3924 ds
874 3872 999 3940 proprio
1018 3872 1176 3925 Christiani
1199 3869 1263 3922 dita
1293 3868 1417 3935 lepimus.
1452 3868 1563 3924 ”Nom
1592 3874 1648 3923 131.
1674 3885 1698 3923 c.
1725 3875 1746 3924 1.
1773 3875 1848 3923 θεῖαι
1867 3874 2038 3942 λειτουργία

337 3954 457 4006 nominis
475 3955 585 4022 forma,
604 3964 709 4024 quanta
729 3958 793 4011 huia
808 3958 980 4012 substantiae
989 3958 1121 4026 frivolae
1139 3976 1174 4012 ac
1200 3954 1328 4018 Domini,
1357 3971 1430 4026 quae
1460 3955 1489 4008 in
1521 3954 1640 4025 praeiet.
1668 3961 1785 4010 vocatur
1811 3958 1826 4021 ἡ
1853 3955 1921 4025 ἅγια
1947 3974 2037 4030 πρισ-

338 4040 475 4093 sordidae
500 4041 622 4107 (carnem
644 4042 785 4115 iutelligit)
806 4046 886 4113 apud
903 4046 999 4097 Deum
1016 4061 1173 4113 praesmis-
1201 4042 1302 4108 nausii
1326 4045 1373 4094 sal
1399 4041 1483 4110 ἅγιον
1509 4040 1669 4113 βάπτισμα,
1702 4042 1776 4097 unde
1806 4040 1876 4095 illud
1900 4043 2037 4112 conjicere

339 4125 396 4178 tiec
420 4126 459 4178 sit
476 4131 528 4180 etc.
567 4126 641 4180 Caro
659 4130 793 4198 amatur,
816 4138 847 4183 ut
866 4131 963 4184 anima
983 4129 1172 4199 emaculetur;
1199 4129 1290 4192 liceat,
1303 4127 1390 4183 luisse
1405 4134 1466 4182 tam
1484 4129 1553 4183 duas
1564 4135 1672 4183 tantum
1685 4134 1771 4181 θείων
1782 4130 1962 4199 λειτουργιῶν
1974 4146 2035 4199 sps·

339 4228 408 4264 caro
424 4212 552 4278 unpitur,
573 4220 603 4265 ut
621 4214 718 4266 anima
737 4223 929 4283 consecretur,·
951 4233 1020 4271 caro
1036 4216 1173 4285 marmur,
1199 4214 1303 4269 claein
1321 4213 1438 4269 ecclesia
1455 4214 1595 4285 cognitas,
1620 4219 1747 4268 sanctum
1768 4213 1875 4269 scilicet
1895 4213 2035 4285 baptisma

339 4304 367 4349 ut
395 4304 423 4349 et
449 4298 547 4349 anima
576 4300 720 4352 muniatur
727 4320 739 4369 ,·
774 4317 843 4353 caro
871 4319 973 4354 monus
997 4302 1174 4370 impositione
1200 4307 1229 4356 el
1246 4316 1353 4355 sacrm
1371 4301 1524 4356 menam.**
1558 4299 1719 4355 Alexander
1737 4299 1848 4355 alensis
1865 4317 1893 4370 p.
1905 4307 1931 4357 4.
1950 4317 1997 4371 qu.
2009 4306 2034 4357 8.

339 4382 541 4450 adumbratur,
570 4392 601 4435 ut
626 4393 654 4437 ot
673 4386 770 4438 anima
791 4385 901 4452 Spiritu
918 4387 1094 4440 illuminetur
1110 4388 1174 4454 (hae
1200 4394 1253 4441 art.
1273 4392 1295 4443 2.
1318 4386 1457 4456 disputat,
1486 4404 1506 4439 a
1530 4386 1642 4440 Christo
1665 4394 1773 4440 tantum
1797 4389 1855 4441 duo
1879 4403 1939 4441 esse
1957 4389 2037 4441 insti·

339 4467 510 4524 ceremoniae
527 4470 679 4533 unctionis,
698 4471 880 4541 signationis,
899 4478 1076 4544 χιιροθεσιας
1095 4482 1174 4527 erant
1201 4481 1262 4527 tuta
1279 4481 1472 4541 sacramenta,
1492 4473 1659 4541 baptismum
1676 4480 1703 4525 st
1721 4472 1935 4536 eusimistiam,
1952 4473 2037 4543 idque

338 4553 404 4609 olim
421 4553 452 4608 in
470 4552 601 4624 baptismi
613 4562 786 4611 sacramento
804 4556 948 4626 usitatae);
971 4574 1038 4611 caro
1055 4576 1174 4627 corpore
1201 4558 1303 4630 probat
1319 4576 1352 4614 ex
1373 4557 1495 4613 fluxione
1511 4558 1655 4631 sanguinis
1672 4565 1701 4613 et
1717 4575 1808 4629 aquae
1825 4560 1860 4614 de
1878 4558 1981 4614 Christi
1997 4559 2037 4615 la·

338 4648 364 4692 et
387 4640 526 4708 sanquine
550 4640 659 4694 Christi
678 4643 810 4707 nescius,
837 4651 868 4695 ut
891 4651 917 4696 st
941 4644 1038 4696 anicia
1055 4646 1091 4697 de
1108 4646 1174 4699 Dea
1200 4652 1259 4700 tere
1277 4650 1306 4700 et
1324 4662 1357 4700 ex
1375 4645 1533 4699 matimonio
1558 4652 1580 4702 1.
1600 4644 1666 4700 Joh.
1688 4650 1711 4701 5.
1738 4645 1913 4715 ostiariorum
1941 4662 2036 4699 sacra

337 4726 493 4795 sopiretur.
528 4725 685 4796 Cyprianus
709 4726 757 4782 lib.
778 4733 801 4782 2.
827 4727 907 4797 epist.
929 4736 948 4782 1.
970 4729 1005 4783 ad
1025 4728 1173 4799 Stephon:
1200 4739 1354 4785 cuntorum
1369 4732 1500 4799 sormam
1520 4731 1590 4785 dicit
1609 4730 1750 4784 Chrs'stum
1766 4732 1888 4785 soluisse
1905 4732 2039 4786 ordinari

340 4812 417 4866 lunc
441 4813 553 4866 &mum
576 4814 662 4881 plene
690 4815 866 4881 sanctificari
893 4822 920 4868 et
948 4832 1008 4869 esse
1031 4817 1092 4885 filii
1115 4817 1175 4869 Dei
1196 4834 1252 4887 per
1269 4819 1412 4871 ministros
1432 4818 1566 4871 ecclesiae
1584 4835 1608 4873 c.
1644 4817 1726 4872 Multi
1744 4818 1897 4872 secularem
1911 4824 1932 4872 1.
1946 4835 1992 4889 qu.
2008 4823 2036 4873 l:

333 4906 466 4966 poemat,
489 4899 516 4950 si
531 4907 647 4967 utroque
667 4909 842 4953 sacramento
860 4910 1019 4955 nascantur.
1055 4903 1173 4958 Ambro-
1202 4906 1248 4957 Ec
1270 4901 1412 4971 Grepors'o
1435 4910 1542 4955 tantum
1566 4903 1624 4955 tria
1641 4911 1825 4956 numerantur
1841 4911 2037 4956 sacramenta:

337 4984 393 5038 sius
410 5000 475 5038 cum
489 4983 518 5038 in
535 4984 606 5038 libro
624 4985 659 5039 de
678 4985 727 5052 iis,
744 4986 792 5056 qui
809 4986 955 5040 initiantur
972 4988 1122 5057 mysteriis,
1145 4994 1174 5042 et
1201 4990 1369 5059 baptismus,
1389 4988 1560 5040 eucharistia
1577 4995 1603 5040 et
1620 4987 1752 5043 chrisma.
1787 4987 1929 5044 «Iohannes
1948 4986 2036 5042 Ferus

337 5070 366 5125 in
389 5070 469 5126 libris
495 5070 531 5125 de
556 5072 737 5127 sacramentis
760 5089 793 5126 ex
818 5073 944 5143 professo
963 5073 1173 5142 explicationem
1194 5076 1229 5129 in
1255 5092 1280 5131 c.
1309 5081 1348 5131 19.
1368 5073 1447 5129 lon:
1478 5073 1602 5141 Sanpuis
1633 5081 1660 5127 et
1689 5090 1766 5142 aqua
1792 5074 1849 5125 duo
1879 5073 2036 5127 senissima

339 5156 480 5213 dumoso
498 5156 533 5212 de
552 5158 690 5226 mysteriis
706 5175 756 5212 seu
772 5158 952 5213 sacramentis
970 5159 1173 5230 eeclesicepol·
1194 5164 1270 5232 fidei
1291 5171 1404 5215 nonnae
1430 5169 1456 5215 st
1474 5161 1610 5215 molestae
1628 5168 1809 5215 sacramenta
1824 5167 1896 5213 nant
1931 5159 2036 5214 “Cas-

337 5243 460 5306 lieestur,
479 5249 572 5297 tamen
591 5249 699 5297 tantum
716 5243 750 5298 de
768 5244 868 5298 ritibus
888 5244 1018 5314 baptismi
1029 5254 1059 5301 et
1070 5229 1301 5302 sosnsslssnosr
1325 5248 1354 5301 in
1378 5247 1495 5302 consult.
1521 5253 1572 5302 art.
1596 5251 1634 5301 13.
1660 5265 1687 5317 p.
1706 5252 1738 5301 31
1745 5265 1752 5299 2
1784 5247 1821 5298 In
1850 5246 1903 5298 hoc
1927 5253 2037 5300 contro-

336 5327 500 5383 Dominicae
525 5334 635 5384 tractat.
677 5327 799 5398 Cyrillus
825 5328 1095 5400 Hierosolymitanus
1123 5295 1292 5387 ubilvaua
1310 5333 1393 5387 nulla
1413 5341 1460 5396 est,
1479 5335 1537 5386 duo
1557 5331 1912 5400 assprmupuasratua
1922 5338 2038 5385 nostae

320 5430 368 5468 ex
385 5413 511 5484 professo
530 5414 689 5468 catecheses
701 5421 730 5467 et
739 5422 938 5486 μυσταγωγιας
954 5417 1093 5478 describit,
1112 5424 1172 5472 tan·
1184 5371 1186 5460 l
1199 5427 1388 5486 sacramenta,
1403 5420 1433 5472 in
1449 5419 1549 5488 ouibus
1565 5417 1769 5487 principaliter
1786 5414 1865 5468 salus
1886 5424 1996 5469 condat
2012 5424 2039 5472 et

335 5506 394 5555 tum
425 5501 461 5555 de
489 5501 629 5572 mysteriis
658 5501 790 5571 baptismi
816 5509 846 5555 et
875 5518 978 5556 coenae
1008 5463 1186 5578 Dominicael
1195 5506 1390 5574 praecipitur,
1409 5506 1540 5574 quoniam
1560 5502 1869 5573 loquunturliupertsss
1884 5501 2039 5555 Tuitiensis
2061 5542 2066 5554 .

337 5586 403 5658 egit,
421 5600 474 5656 per
491 5586 618 5654 chrisma,
637 5589 718 5657 cujus
736 5586 901 5643 mentionem
918 5588 1001 5651 facit,
1019 5606 1075 5644 non
1091 5585 1237 5647 intel-*de
1269 5593 1333 5646 ciat.
1362 5593 1435 5645 corb.
1464 5592 1523 5643 Dcs'
1550 5590 1598 5642 lib.
1627 5591 1671 5640 12.
1700 5603 1723 5639 c.
1751 5590 1793 5643 11.
1836 5587 1921 5653 Hupo
1946 5588 1982 5640 ds
2008 5588 2039 5644 Β.

335 5672 398 5744 ligit
425 5671 566 5743 peculiare
591 5673 704 5744 aliquod
730 5679 947 5738 sacramentum,
975 5676 1024 5729 ssd
1052 5621 1186 5748 ceramo-l
1208 5679 1316 5730 Victore
1329 5686 1407 5746 part.
1420 5684 1444 5734 t.
1465 5694 1489 5732 c.
1500 5679 1527 5729 3.
1546 5678 1582 5728 de
1599 5673 1793 5739 sacramentis,
1811 5689 1909 5742 nempe
1926 5690 2040 5728 samum

336 5761 408 5813 niam
434 5757 539 5812 senoni
567 5758 698 5828 baptismi
724 5760 893 5828 adjunctam.
929 5761 1105 5832 Augustinus
1124 5751 1340 5832 sasbapts'sma
1357 5771 1383 5816 ct
1399 5770 1606 5817 sacamentum
1623 5760 1753 5829 corporis
1773 5767 1799 5815 et
1816 5759 1965 5829 saupuinis
1978 5761 2039 5816 Do·

337 5844 468 5901 eshnlum
484 5845 649 5901 sscmmenti
667 5845 828 5917 saepissime
847 5847 877 5903 in
894 5847 954 5903 lata
970 5845 1186 5918 significationei
1201 5849 1288 5917 atsi,-
1315 5850 1478 5920 taptismati
1499 5857 1592 5902 mosen
1616 5847 1655 5902 st
1675 5846 1794 5902 isidoro
1816 5853 1843 5901 et
1862 5862 1926 5901 sum
1943 5853 2039 5902 secuto
