4800 6659
409 689 451 758 Sd
1003 689 1126 747 Locus
1143 687 1313 745 DECIMUS
1334 688 1523 749 SEPTIMUS

411 851 457 902 tur
488 848 559 902 inter
586 845 693 901 coelum
719 844 811 915 ipsum
847 846 905 900 sire
932 845 1017 900 sitam
1046 851 1185 901 aeternam
1219 850 1246 899 et
1272 843 1446 916 intelligitur.
1481 843 1559 900 Neve
1587 844 1617 899 id
1642 843 1730 916 gratis
1756 844 1850 900 dicere
1865 845 2025 911 videamur,
2051 861 2112 918 pro·

411 934 484 989 iuter
506 932 661 987 mercedem
684 933 714 986 in
738 932 823 988 coelo.
859 932 956 1004 Neque
983 932 1055 988 enim
1081 931 1150 986 dicit
1168 930 1247 987 Chri·
1272 931 1399 987 ducimus
1417 932 1487 987 haec
1503 933 1694 988 fundamenta.
1730 931 1885 1003 Apostolus
1906 932 1987 990 Rom
2006 940 2032 1002 4,
2046 951 2073 990 r.
2088 940 2112 990 t.

410 1025 478 1086 stus,
495 1036 600 1075 merces
620 1026 713 1075 vestm
731 1019 784 1073 erit
802 1018 921 1089 coelum,
943 1020 992 1073 sed
1010 1018 1025 1073 ὁ
1044 1017 1151 1093 μισθὸς
1167 1017 1247 1091 ὑμῶν
1273 1018 1421 1091 distinguit
1446 1020 1520 1073 inter
1540 1018 1753 1090 trupidationem
1771 1022 1926 1073 semndum
1944 1022 2073 1090 pretinm
2086 1028 2112 1075 st

410 1105 496 1167 rotie
515 1107 544 1159 ts
562 1112 619 1167 τοῖς
636 1107 781 1172 cinerate,
812 1123 916 1160 merces
944 1114 1037 1160 satra
1059 1106 1175 1175 copiosa
1193 1106 1246 1158 erit
1272 1107 1425 1159 seeundum
1443 1105 1575 1172 debitrsm,
1595 1104 1668 1159 iuter
1684 1104 1840 1160 mercedem
1859 1105 1984 1160 debitam
2003 1113 2033 1162 et
2050 1123 2112 1178 gra·

410 1193 440 1245 irs
460 1193 545 1246 coelo.
577 1192 676 1248 Matth.
698 1199 721 1260 5,
740 1210 765 1246 v.
787 1198 824 1248 12.
843 1192 910 1247 Luc.
931 1200 957 1260 6,
972 1211 1000 1250 v.
1020 1198 1062 1250 23.
1081 1194 1154 1247 sicut
1172 1191 1247 1249 etde
1272 1192 1380 1246 tuitam.
1415 1194 1470 1254 Ei,
1488 1192 1539 1260 qui
1557 1199 1694 1260 operatur
1712 1191 1838 1262 (inquit),
1858 1209 1964 1247 merces
1983 1210 2044 1247 mors
2063 1194 2112 1247 ise‘

410 1279 514 1350 pietate
539 1280 701 1350 pronuntiat
726 1279 867 1349 apostolus
891 1287 912 1334 t.
929 1277 1000 1334 Tim.
1019 1286 1050 1347 4,
1076 1297 1102 1333 r.
1122 1284 1146 1336 8.
1172 1277 1247 1349 quod
1270 1285 1389 1347 putatur·
1409 1278 1563 1331 secundum
1578 1278 1716 1346 qratiam.
1735 1280 1788 1331 ssd
1804 1281 1959 1333 secusdum
1978 1280 2111 1334 debiturn

410 1367 511 1419 babeat
525 1366 728 1435 promissiones
743 1366 904 1435 praesentis
922 1373 948 1419 et
958 1367 1082 1435 srarsree
1098 1366 1181 1429 odae,
1195 1365 1248 1419 hoc
1274 1363 1340 1417 Alia
1358 1370 1402 1418 est
1418 1363 1506 1435 igitur
1522 1380 1627 1418 merces
1646 1381 1679 1419 ex
1698 1364 1791 1436 grstia
1808 1365 1888 1426 data,
1910 1365 1969 1420 alia
1990 1383 2058 1421 vero
2080 1382 2112 1421 ex

411 1458 454 1507 est
474 1451 658 1521 praemiorum
685 1452 711 1505 iu
737 1457 883 1520 praesente
907 1457 936 1506 et
960 1452 1057 1507 sutura
1079 1451 1144 1506 vita.
1181 1450 1249 1507 Vita
1274 1449 1376 1504 debito.
1422 1449 1567 1517 (Observa,
1587 1450 1712 1506 debitum
1731 1452 1777 1508 bic
1796 1453 1964 1507 considerari
1982 1459 2112 1524 respecta

412 1544 525 1593 aeterna
550 1555 606 1592 non
633 1544 675 1592 est
701 1554 815 1608 operum
841 1543 997 1592 nostrorum
1025 1537 1168 1600 meritum,
1197 1536 1248 1590 sed
1270 1534 1413 1606 justitiae,
1431 1536 1501 1590 illud
1523 1536 1597 1591 enim
1614 1538 1725 1606 proprie
1743 1538 1892 1609 opponitur
1909 1539 2032 1595 mercedi
2051 1555 2112 1611 gra·

407 1623 548 1699 χάρισμα,
577 1626 731 1695 gratuitum
762 1625 821 1677 Dei
849 1625 952 1677 donum
978 1624 1008 1676 irs
1039 1624 1150 1679 Christo
1167 1624 1248 1678 Jesu.
1274 1622 1330 1676 tiae
1356 1628 1385 1675 et
1411 1622 1522 1692 propris
1543 1629 1658 1678 vocatur
1685 1623 1826 1693 debitum3
1852 1631 1896 1680 est
1921 1633 2018 1682 sutem
2036 1624 2112 1682 aliud

410 1710 490 1767 Rom.
519 1714 549 1770 t.
581 1728 607 1765 r.
634 1716 675 1766 23.
711 1712 744 1746 **
753 1709 893 1779 (Peresius
917 1708 1019 1779 disput.
1039 1716 1064 1765 4.
1087 1708 1116 1763 in
1141 1725 1202 1777 cap.
1224 1714 1248 1763 a.
1274 1709 1415 1778 quoddam
1439 1708 1564 1765 debitum
1586 1714 1809 1782 καταχρηστικῶς
1831 1712 1872 1767 sic
1892 1711 2014 1778 dictum,
2038 1712 2112 1767 ride

412 1797 506 1854 Rom:
529 1798 589 1852 uita
615 1806 731 1850 aeterna
752 1815 771 1850 e
790 1797 885 1851 Paulo
904 1804 1021 1849 coeatur
1040 1798 1127 1863 siloe,
1152 1795 1181 1849 id
1207 1803 1249 1849 cst
1274 1795 1341 1849 licet
1362 1796 1486 1851 debitum
1508 1797 1695 1867 promissionis
1719 1798 1872 1870 gratuitae,
1899 1799 1975 1870 quod
1994 1798 2112 1871 matiam

412 1884 532 1951 ccctiqol
548 1900 596 1935 seu
614 1900 725 1936 merces.
761 1881 986 1952 Respondemus:
1009 1887 1020 1937 1
1050 1885 1127 1942 τέλος
1141 1880 1247 1935 ibinon
1275 1897 1330 1935 uon
1353 1882 1484 1950 excludit,
1504 1899 1556 1938 nec
1576 1884 1665 1939 eidem
1684 1885 1848 1954 opponitur;
1863 1900 1896 1940 ex
1914 1902 1970 1956 quo
1988 1892 2112 1957 apparet,

413 1970 510 2035 ethice,
530 1969 578 2024 scd
597 1969 713 2040 physice
731 1968 851 2039 ponitur,
870 1967 899 2022 id
917 1976 961 2022 est
977 1985 1032 2022 non
1052 1985 1103 2038 pro
1117 1966 1249 2037 praemio,
1277 1967 1432 2021 mercedem
1457 1968 1592 2023 bonorum
1622 1986 1736 2040 operum
1764 1979 1792 2027 et
1816 1971 1941 2026 debitum
1958 1978 1989 2027 et
2006 1971 2112 2028 indebi-

413 2055 540 2111 mercede
556 2055 601 2109 vel
620 2054 732 2114 tributo,
751 2053 800 2107 sed
820 2070 871 2125 pro
888 2053 985 2110 ultimo
997 2054 1037 2109 rei
1050 2054 1134 2115 exitu,
1154 2068 1248 2123 quem·
1275 2058 1334 2106 tum
1353 2069 1414 2108 esse
1432 2053 1541 2109 diversa
1559 2063 1703 2127 respectu,
1722 2056 1817 2113 debita
1835 2057 1891 2113 dici
1904 2064 1996 2127 potest
2008 2058 2112 2115 ndens

412 2140 561 2197 admodum
580 2140 705 2195 clausula
723 2140 814 2194 finalis
834 2140 863 2193 in
882 2146 997 2209 peccato
1016 2149 1058 2195 est
1076 2156 1150 2193 mors
1167 2139 1248 2194 etin·
1277 2137 1480 2207 promissionis,
1504 2140 1553 2195 sed
1578 2158 1641 2195 cnm
1663 2142 1808 2213 promissio
1832 2142 1936 2199 illusit
1955 2160 2033 2200 mere
2052 2160 2112 2217 gru

409 2230 519 2297 teritus,
537 2228 578 2282 ita
597 2243 682 2297 opera
696 2226 823 2298 justitiae
840 2226 1025 2298 'subsequetur
1041 2226 1154 2281 taudem
1173 2226 1251 2280 velut
1276 2222 1356 2290 tuita,
1374 2225 1438 2293 quis
1456 2227 1527 2279 enim
1547 2229 1627 2281 dedit
1646 2230 1709 2282 Deo
1722 2229 1816 2297 prior.
1843 2237 1875 2282 ut
1893 2230 2072 2285 retribuatur
2090 2246 2112 2286 er

413 2315 512 2371 ultima
537 2319 566 2369 et
590 2319 721 2383 exoptata
748 2312 886 2380 clausula,
913 2313 972 2366 rita
996 2311 1104 2367 scilicet
1122 2317 1250 2377 aeterna,
1279 2308 1342 2363 Esa
1358 2316 1407 2377 ia,
1426 2329 1452 2364 v.
1471 2317 1512 2368 23.
1530 2312 1610 2368 Rom.
1631 2320 1676 2382 tl,
1695 2331 1722 2372 v.
1742 2315 1795 2370 ³5?
1819 2314 1882 2370 ideo
1900 2315 2112 2387 improprietas

414 2408 438 2458 2.
464 2400 563 2473 quodsi
586 2398 631 2453 rel
657 2398 774 2453 maxime
800 2414 851 2468 pro
878 2398 1005 2453 mercede
1032 2406 1194 2467 poneretur,
1219 2402 1251 2450 ut
1277 2401 1358 2450 catur
1376 2395 1516 2465 debitum3
1539 2415 1591 2454 nec
1612 2401 1719 2470 uspiam
1740 2401 1769 2456 in
1786 2399 1938 2473 Scripturis
1956 2404 2046 2458 sacris
2063 2419 2112 2458 vos

412 2488 545 2543 Erasmus
575 2485 687 2552 statuit,
725 2492 819 2538 tamen
848 2500 904 2538 non
934 2483 1086 2552 accipietur
1113 2484 1141 2537 in
1167 2498 1249 2537 sensu
1277 2481 1366 2536 debiti
1390 2482 1426 2537 de
1451 2484 1582 2554 praemiis
1599 2486 1729 2557 gratuitis
1748 2487 1882 2542 bonerum
1901 2502 2018 2558 operum
2035 2506 2112 2545 usur

412 2573 563 2639 strictiore,
587 2571 637 2625 ubi
661 2568 803 2641 proportio
828 2577 870 2623 cst
887 2568 959 2624 inter
975 2568 1129 2623 mercedem
1149 2574 1178 2623 ct
1194 2586 1248 2623 mc·
1277 2570 1372 2635 patur,
1390 2568 1440 2623 sed
1455 2571 1646 2625 tantummodo
1665 2572 1694 2627 iu
1713 2573 1823 2643 scriptis
1841 2572 1970 2644 Petrum
1990 2576 2112 2647 gratuite

412 2660 505 2721 ritum,
524 2657 633 2729 qualem
652 2655 856 2726 proportionem
875 2654 947 2709 iuter
966 2662 1062 2709 nostre
1081 2670 1166 2725 opera
1178 2655 1207 2709 in
1218 2671 1249 2709 se
1275 2668 1341 2707 vero
1359 2660 1447 2709 estet
1463 2654 1603 2724 indebita,
1621 2657 1645 2711 si
1663 2667 1805 2727 respectus
1823 2658 1962 2715 habeatur
1978 2662 2017 2716 ad
2032 2661 2112 2732 jasti-

412 2744 588 2801 considerata
616 2749 645 2797 et
669 2742 756 2796 vitam
780 2748 921 2796 aeternam
946 2757 1002 2795 nau
1018 2755 1093 2807 esse,
1121 2740 1250 2795 concedit
1274 2737 1343 2792 uam
1369 2740 1473 2794 meritis
1498 2757 1613 2811 operum
1637 2746 1866 2815 respondentem.)
1903 2747 2024 2813 Quando
2047 2764 2112 2821 erge

411 2831 543 2888 Pererius
570 2829 672 2899 disput.
691 2833 731 2883 11.
754 2827 783 2880 in
808 2843 830 2880 c.
852 2830 876 2882 t.
896 2826 976 2882 Rom.
997 2843 1070 2880 num.
1091 2832 1132 2881 tt.
1151 2826 1248 2880 sedin
1276 2824 1354 2878 bouis
1373 2826 1504 2895 operibus
1523 2838 1682 2884 renatorum
1701 2832 1871 2901 promittitur
1887 2849 2010 2898 memes,
2033 2835 2112 2892 iutel-

413 2916 616 2991 significatione
641 2915 698 2969 lata
722 2918 801 2968 notat
824 2912 974 2984 gratuitam
993 2913 1248 2983 compensationem
1274 2909 1388 2981 ligeuda
1412 2919 1454 2967 cst
1478 2930 1582 2969 merces
1603 2916 1757 2971 secuudum
1773 2918 1917 2997 ffatim,
1944 2937 2002 2976 nou
2019 2927 2112 2978 autem

412 3003 564 3077 proiectam
582 3020 600 3056 a
619 2999 799 3073 promissione
814 2999 878 3068 Dei,
898 3016 953 3070 quo
972 3016 1055 3055 seusu
1074 3016 1180 3056 merces
1199 2999 1246 3056 he·
1275 2997 1427 3051 emnium
1450 2998 1574 3054 debitum
1596 3002 1729 3071 justitiae
1765 3004 1826 3060 Ἣ.
1845 3002 1946 3060 Genea
1969 3012 2017 3076 15,
2043 3023 2071 3065 r.
2093 2992 2112 3064 i.

411 3090 539 3148 reditatis
566 3094 681 3143 vocatur
709 3086 767 3142 Col.
791 3092 818 3150 3,
844 3104 869 3139 r.
889 3082 979 3151 tuit*
1014 3086 1084 3141 Eam
1106 3104 1172 3158 ergo
1190 3104 1246 3142 non
1275 3081 1353 3137 Deus
1386 3084 1422 3138 ad
1450 3084 1641 3142 Abrahamum
1670 3088 1751 3144 dicit:
1783 3092 1847 3158 Epo
1877 3109 1940 3147 sum
1962 3103 2112 3164 protecter

411 3194 558 3252 possumus
585 3176 630 3230 vel
654 3176 799 3247 operibus,
829 3174 873 3228 vel
897 3173 1072 3243 passionibus
1091 3174 1193 3228 uostris
1213 3191 1247 3230 ex
1273 3177 1338 3222 tuus
1361 3178 1387 3225 et
1412 3187 1517 3227 merces
1539 3181 1589 3228 tua
1608 3192 1712 3243 rncprsc
1730 3176 1826 3242 utne,
1853 3195 1925 3249 quae
1943 3181 2035 3238 rerba
2052 3182 2111 3255 ipsc

404 3265 550 3338 'condigno
570 3264 683 3331 mereri3
710 3261 819 3317 interim
842 3267 935 3315 tamen
954 3276 1057 3315 merces
1076 3260 1182 3330 piorum
1201 3276 1244 3315 co·
1273 3254 1386 3312 Peraric
1404 3265 1477 3313 teste
1495 3274 1579 3330 super
1597 3259 1671 3316 huuc
1689 3262 1779 3318 locum
1795 3270 1861 3319 tom.
1877 3271 1901 3323 3.
1920 3286 1949 3339 p.
1969 3274 2028 3325 327.
2055 3279 2111 3325 tam

411 3355 491 3427 piosa
521 3357 564 3408 est
593 3351 623 3405 iu
652 3350 741 3413 coelo,
781 3346 886 3418 quippe
918 3346 947 3400 iu
975 3362 1031 3417 quo
1059 3346 1247 3402 excellentiori
1274 3344 1429 3399 causaliter
1458 3362 1543 3415 quem
1575 3348 1799 3404 subtantialiter·
1826 3362 1949 3422 poseant
1977 3356 2110 3429 intelligi,

411 3441 502 3515 gloria
518 3455 551 3493 ex
571 3438 623 3492 Dei
645 3433 845 3506 benignissima
862 3432 1085 3488 remuneratione
1103 3433 1246 3489 coronabi·
1274 3428 1430 3486 Causaliter
1460 3430 1513 3486 boc
1541 3449 1641 3503 seusu,
1671 3451 1724 3507 ego
1748 3443 1811 3491 tuos
1834 3438 1943 3495 labores
1965 3446 1995 3496 et
2013 3444 2111 3499 merita

302 3510 332 3536 ’μ
409 3536 473 3591 tur,
494 3524 542 3596 qui
563 3525 642 3595 plura
660 3520 797 3577 laboravit
815 3536 849 3575 ac
867 3520 931 3590 plus
948 3518 1176 3575 contumeliarum
1196 3537 1247 3591 pro
1274 3516 1491 3573 cumulatissime
1506 3519 1717 3590 remunerabor;
1747 3523 1967 3582 substantialiter
1977 3542 2046 3584 vero
2059 3528 2111 3585 has

275 3612 299 3627 .·
411 3614 524 3671 christe
550 3609 688 3665 sustinuit.
730 3607 813 3666 Unde
842 3604 1033 3678 significanter
1059 3606 1094 3661 de
1120 3606 1248 3662 mercede
1274 3605 1396 3667 rotinus,
1424 3621 1477 3676 ego
1504 3606 1564 3676 ipse
1589 3607 1700 3662 futurus
1720 3627 1780 3665 sum
1798 3626 1901 3666 merces
1921 3619 1986 3683 tua3
2004 3628 2040 3669 ex
2057 3632 2111 3687 qm

411 3701 541 3770 copiosa,
565 3697 622 3765 vel,
647 3702 678 3750 ut
696 3694 822 3749 Graecus
840 3701 932 3747 textus
951 3692 1061 3763 proprie
1079 3692 1247 3761 reddendus,
1275 3691 1315 3745 sic
1340 3690 1548 3745 concludimus:
1584 3692 1613 3749 Si
1640 3695 1713 3749 inter
1736 3711 1821 3766 opera
1846 3705 1942 3754 nemra
1971 3707 2001 3755 et
2019 3699 2112 3757 Deum

411 3786 517 3848 multa,
542 3791 570 3839 et
597 3783 637 3836 sic
664 3781 698 3836 de
726 3779 860 3849 gradibus
880 3780 986 3850 gloriae
1004 3780 1033 3834 in
1052 3779 1109 3833 rita
1126 3789 1247 3842 aeterua,
1275 3776 1353 3831 nulla
1370 3784 1413 3832 est
1430 3779 1581 3848 proportio,
1598 3781 1676 3835 Deus
1694 3799 1749 3837 uon
1769 3792 1812 3839 est
1830 3799 1936 3841 merces
1954 3803 1989 3842 cx
2006 3787 2111 3857 debito,

405 3889 467 3945 ,non
492 3880 583 3925 autem
609 3867 646 3922 de
670 3867 733 3937 ipsa
756 3866 815 3920 vita
836 3874 950 3920 aeterua
968 3865 1072 3920 dictum
1090 3866 1192 3920 Christi
1210 3866 1247 3921 lo·
1275 3862 1324 3918 sed
1343 3863 1419 3932 prius
1438 3881 1541 3919 verum.
1576 3864 1661 3937 Erga.
1696 3872 1721 3921 2.
1741 3868 1843 3926 Psalm.
1865 3875 1923 3941 121,
1941 3889 1967 3927 r.
1987 3878 2012 3930 3.
2031 3874 2111 3931 liberi

412 3958 514 4031 quitur.
554 3953 617 4010 Nou
646 3967 796 4024 negamus.
827 3966 944 4023 regnum
973 3952 1112 4008 coelorum
1144 3951 1248 4007 ibidem
1274 3957 1409 4005 vocantur
1427 3951 1570 4005 hereditas
1586 3960 1613 4005 et
1624 3954 1744 4020 fructus
1763 3958 1884 4028 centris,
1904 3975 2009 4014 merser
2030 3953 2112 4036 πεζοι,

411 4052 535 4118 promitti
561 4042 630 4106 illis,
658 4040 705 4111 qui
728 4036 946 4108 persecutionem
969 4039 1109 4108 patientur
1135 4049 1248 4110 propter
1274 4053 1338 4091 cum
1363 4043 1456 4091 tamen
1482 4036 1538 4091 sint
1564 4038 1717 4109 gratuitum
1744 4041 1865 4113 donum,
1895 4051 1980 4101 atax
2004 4046 2111 4103 Psalmi

408 4129 563 4203 justitiam3
593 4125 644 4182 sed
670 4143 704 4181 ex
729 4141 761 4180 ec
786 4123 907 4201 neudum
927 4125 1065 4192 sequitur,
1093 4126 1168 4196 quod
1186 4126 1248 4195 ipsa
1274 4139 1358 4193 scopo
1376 4129 1405 4178 et
1421 4139 1455 4179 ex
1471 4139 1539 4179 voce
1556 4125 1722 4180 liereclitatis
1743 4130 1869 4184 meritum
1886 4133 1991 4203 proprii
2006 4132 2111 4189 laboris

410 4216 634 4287 persecutionum
660 4210 808 4267 tolerantia
836 4209 872 4263 sit
899 4209 1026 4263 meritum
1052 4210 1132 4284 regui
1158 4212 1246 4266 coelo·
1275 4209 1439 4264 excludente
1456 4209 1604 4281 colligitur.
1641 4217 1664 4268 3.
1682 4211 1716 4267 Iu
1735 4231 1860 4270 emmone
1877 4217 2042 4288 quotidiano
2058 4233 2112 4274 vox

410 4319 488 4370 rum3
508 4301 583 4354 aliud
602 4299 675 4355 euim
692 4305 735 4351 est
752 4312 898 4368 quaerere,
918 4294 1025 4366 quibus
1033 4296 1116 4351 detur
1129 4314 1246 4369 regnum
1274 4297 1411 4349 mercedis
1435 4296 1531 4352 eodem
1554 4314 1637 4353 sensu
1661 4308 1818 4371 usurpatur.
1853 4302 1938 4359 Pater
1963 4305 2035 4361 dicit
2054 4306 2111 4363 filio

413 4388 566 4453 coelorum,
593 4384 669 4439 aliud
687 4399 751 4438 vero
771 4375 970 4454 propterquid
989 4383 1083 4441 detur:
1108 4383 1177 4438 illud
1200 4384 1246 4437 de.
1274 4399 1338 4450 ,ω’
1365 4381 1417 4437 ho,
1443 4384 1488 4439 ,ΘΙ
1513 4384 1587 4438 istud
1610 4385 1712 4449 facito,
1738 4388 1842 4443 rosere·
1865 4392 2006 4464 egregiam
2032 4415 2049 4448 a
2067 4411 2111 4452 me

412 4473 511 4528 scribit
540 4472 711 4543 subjectum,
745 4468 798 4523 hoc
830 4482 896 4523 vero
926 4479 1038 4522 causam
1070 4469 1247 4525 meritoriam.
1274 4470 1445 4537 mercedem,
1484 4486 1584 4525 novam
1620 4483 1724 4528 vestem
1763 4476 1807 4529 vel
1850 4477 1927 4532 aliud
1966 4480 2111 4552 quiddam,

413 4565 438 4617 2.
462 4559 580 4623 Quando
603 4556 726 4627 praemia
747 4554 882 4609 bonorum
907 4571 1033 4626 operum,
1058 4573 1130 4626 quae
1149 4556 1176 4610 in
1195 4556 1249 4610 hac
1275 4553 1323 4608 ubi
1340 4554 1424 4610 restis
1448 4557 1607 4626 appellatur
1631 4560 1743 4629 quidem
1766 4577 1885 4633 merces,
1916 4580 1988 4636 quse
2016 4573 2111 4625 mmm

414 4652 443 4700 et
461 4645 556 4699 futura
573 4644 632 4698 vita
647 4643 681 4696 iis
700 4642 816 4710 dantur,
845 4643 980 4697 mercedis
998 4644 1110 4699 nomine
1126 4641 1330 4723 veniuntluon
1362 4657 1395 4696 ex
1424 4643 1535 4712 merito,
1571 4643 1619 4698 sed
1650 4644 1739 4701 libero
1768 4649 1856 4718 patris
1887 4649 1960 4705 dono
1987 4651 2111 4726 obtingit

311 4723 317 4728 ’
413 4750 469 4787 uon
494 4730 659 4802 intelligitur
678 4728 846 4791 stipendium
866 4728 989 4783 debitum
1008 4729 1168 4799 exjustitia
1184 4745 1248 4800 prc-
1274 4726 1377 4781 filiae*
1420 4729 1463 4784 Ne
1490 4744 1556 4783 sero
1580 4730 1639 4784 ulla
1667 4740 1754 4788 restet
1786 4734 1821 4789 de
1846 4737 1974 4793 mercede
2000 4739 2111 4811 gratiae

413 4826 475 4889 pter
502 4817 628 4871 meritum
652 4813 710 4868 sive
737 4813 902 4885 dignitatem
921 4814 1051 4885 operibus
1068 4822 1097 4870 et
1114 4816 1247 4886 passioni·
1275 4814 1428 4883 dubitatio,
1454 4815 1606 4869 notandum
1626 4816 1722 4875 Matth.
1742 4826 1772 4890 a,
1790 4838 1816 4877 v.
1839 4828 1861 4877 t.
1880 4829 1909 4877 et
1926 4840 1950 4880 c.
1969 4831 2000 4888 i,
2019 4842 2046 4883 r.
2067 4832 2110 4884 tt

411 4904 464 4960 bus
478 4908 617 4975 justorum
637 4900 840 4963 inhaerentem
859 4901 907 4955 sed
922 4902 1046 4973 gratuita
1059 4903 1248 4972 compensatio
1273 4901 1367 4956 vocari
1392 4902 1500 4976 μισ3όν
1522 4902 1763 4975 sivemercedem,
1794 4909 1868 4977 quod
1886 4908 1955 4964 Luc.
1974 4916 2005 4981 a,
2021 4931 2049 4968 r.
2067 4919 2110 4973 32.

412 5009 445 5047 cx
471 4988 579 5044 liberali
603 4995 632 5043 et
650 4987 774 5059 gratuita
792 4987 970 5056 promissione
990 4994 1064 5055 orta,
1094 5005 1151 5060 qua
1170 4988 1247 5044 Deus
1274 4998 1388 5043 vocatur
1409 4990 1516 5058 pratia,
1552 4990 1675 5063 itemque
1694 4994 1798 5052 Psalm.
1817 5000 1874 5065 tar,
1896 5015 1922 5055 v,
1939 5005 1962 5056 3.
1981 5002 2111 5068 fructum

412 5075 598 5131 obedientiam
626 5081 654 5129 et
677 5073 818 5142 passiones
843 5073 951 5142 piorum
976 5089 1005 5127 se
1031 5073 1185 5145 largissime
1205 5093 1246 5131 re
1272 5078 1378 5132 reatris
1396 5078 1454 5131 sive
1472 5077 1571 5132 liberos
1590 5081 1683 5135 vocari
1696 5069 1778 5156 ³³:³3²
1797 5086 1965 5155 mercedem,
1985 5105 2051 5146 cum
2067 5100 2110 5148 ts·

411 5166 618 5229 maceraturum
639 5158 777 5231 pollicitus
798 5164 848 5215 cst.
885 5159 991 5216 llerees
1014 5161 1041 5214 in
1060 5178 1162 5234 genere
1179 5163 1246 5218 dici·
1273 5181 1337 5219 meu
1355 5164 1411 5218 sint
1423 5165 1576 5237 gratuitum
1591 5165 1702 5225 donum.
1725 5169 1890 5225 Ambrosius
1903 5173 1950 5229 lib.
1964 5180 1986 5233 1.
1995 5178 2076 5248 epist
2087 5185 2111 5238 1.

411 5254 470 5313 tur,
497 5247 630 5318 quicquid
649 5245 732 5300 alicui
752 5244 834 5299 datur¹
853 5252 917 5315 post
936 5248 1097 5316 praestitum
1115 5242 1246 5317 laborem,
1273 5251 1347 5305 circa
1363 5250 1500 5305 medium:
1525 5253 1596 5305 Alia
1617 5262 1657 5306 est
1678 5270 1782 5309 merces
1797 5256 1981 5314 liberalitatis
1997 5271 2025 5316 et
2043 5283 2110 5335 gre·

411 5334 469 5389 sive
495 5334 583 5406 gratis
608 5332 637 5386 id
655 5331 719 5397 fiat,
746 5331 804 5385 sive
823 5349 855 5388 ex
874 5332 983 5404 debito,
1006 5334 1063 5389 sire
1082 5335 1198 5390 multum
1218 5337 1246 5391 id
1273 5337 1344 5405 tiae,
1368 5338 1454 5391 aliud
1468 5338 1581 5392 uirtutis
1599 5339 1784 5410 strpersdium,
1812 5344 1874 5397 alia
1894 5346 2002 5402 latoris
2019 5367 2111 5408 mmu-

412 5419 455 5486 sit,
472 5420 529 5474 sive
545 5418 690 5490 exiguum3
708 5416 869 5472 sivelabori
887 5421 1061 5489 respondeat
1079 5421 1248 5492 siseminus,
1273 5424 1391 5479 ceratio.
1427 5422 1566 5479 Lutberus
1592 5425 1621 5479 iu
1647 5425 1696 5484 lib.
1723 5428 1759 5484 ds
1782 5446 1862 5485 seraa
1885 5432 1966 5491 arbit
1991 5440 2059 5495 tom.
2085 5444 2110 5498 3.

412 5520 444 5558 ac
469 5505 584 5575 proinde
607 5520 661 5558 non
685 5509 728 5556 est
754 5512 890 5572 perpetua
913 5506 1012 5560 relatio
1030 5507 1101 5562 iuter
1118 5509 1245 5563 meritum
1273 5509 1374 5564 Latino
1401 5527 1428 5581 p.
1458 5517 1518 5566 192:
1544 5513 1581 5565 In
1605 5513 1706 5566 merito
1730 5514 1776 5569 rel
1798 5520 1925 5573 mercede
1948 5522 2046 5591 agitur
2064 5528 2111 5582 nst

412 5595 441 5645 et
460 5591 612 5645 mercedem
637 5594 681 5657 (at
701 5589 729 5641 in
747 5590 930 5658 praecedente
949 5592 1040 5663 capite
1061 5593 1246 5650 Bellarminus
1273 5598 1309 5650 de
1337 5596 1489 5666 dignitate,
1514 5598 1559 5651 cel
1585 5600 1621 5652 de
1648 5602 1770 5668 sequela.
1825 5602 1942 5659 Verbum
1969 5614 2111 5669 mercedis

412 5677 531 5743 statuit),
548 5693 610 5730 curu
630 5692 734 5730 merces
750 5674 852 5729 alicubi
871 5675 975 5734 habeat
991 5679 1094 5743 locum,
1123 5680 1171 5736 ubi
1189 5699 1246 5737 uon
1272 5684 1308 5738 de
1331 5684 1471 5753 praemiis
1496 5684 1628 5740 bonoram
1656 5702 1772 5754 operum
1800 5701 1966 5760 rrsurpatum
1990 5698 2111 5768 respicit

412 5761 496 5815 datur
521 5761 665 5829 meritum
696 5778 762 5817 saus
785 5761 945 5832 ubicunque
969 5771 1012 5821 est
1035 5768 1177 5834 meritum,
1206 5768 1246 5824 ibi
1271 5770 1423 5839 sequelam,
1441 5788 1496 5826 uon
1515 5778 1608 5825 cutem
1627 5771 1792 5840 diqnimem
1812 5777 1908 5832 meriti
1923 5787 1974 5835 etc.
2004 5788 2029 5843 3.
2042 5783 2111 5842 θοι»

411 5847 496 5902 etiam
514 5863 619 5901 merces
638 5846 770 5918 erigitnr3
791 5862 967 5920 nequaqnam
988 5866 1054 5905 vero
1073 5850 1122 5905 ubi
1140 5869 1246 5911 merces
1271 5862 1331 5911 tum
1348 5856 1436 5931 igitar
1452 5866 1519 5926 esto,
1538 5858 1622 5913 sliam
1639 5875 1700 5915 esse
1717 5861 1872 5918 mmcedem
1888 5866 2005 5936 gratiae,
2024 5871 2111 5929 stiam

412 5932 505 5997 datur,
530 5931 570 5987 lbi
593 5930 723 5986 meritum
749 5932 860 6003 proprie
877 5932 918 5988 sic
938 5934 1044 5989 dictum
1061 5938 1247 6007 praecessisse
1272 5943 1428 5999 mercedem
1452 5941 1553 6013 debitir
1577 5944 1708 6001 meritum
1731 5949 1843 6019 proprie
1864 5949 1906 6007 sic
1926 5952 2034 6011 dietum
2051 5959 2111 6015 nois
