4800 6659
950 683 1002 740 nn
1022 682 1133 741 99919
1151 681 1347 743 ornamus.
1935 699 1993 757 135

299 831 419 904 dividui,
444 840 582 906 quatenus
611 838 696 908 igitur
722 838 826 894 electus
854 830 1047 895 denominatur
1072 839 1150 894 talis
1148 839 1282 921 Spiritus
1307 859 1327 894 s.
1359 841 1491 897 describit
1520 843 1621 898 eleetos
1650 842 1686 897 ab
1716 844 1843 899 absoluto
1876 847 1995 917 quodam

298 921 339 974 rel
372 938 431 976 non
457 921 522 977 talis
550 925 700 979 secundum
729 942 794 979 suas
820 927 943 980 actiones
975 927 1063 982 bonas
1091 926 1150 981 vel
1162 926 1215 981 Dei
1234 928 1352 995 decreto,
1371 929 1420 982 sed
1440 945 1457 982 a
1475 929 1672 983 constantiam
1683 928 1739 984 11119
1752 938 1780 985 99
1791 932 1883 986 stud1o
1894 932 1996 987 sancti·

297 1007 390 1075 malas,
414 1017 531 1064 eatenus
549 1011 632 1066 etiam
651 1013 803 1067 seeundum
821 1013 982 1083 qualitatem
999 991 1151 1067 factorum
1160 1014 1235 1068 tatis
1272 1013 1338 1067 Hos.
1361 1020 1388 1082 2,
1413 1033 1438 1067 v
1468 1016 1687 1084 1919999999
1711 1024 1737 1070 te
1760 1017 1877 1071 mihim
1895 1020 1996 1088 sempi-

299 1092 352 1146 dici
370 1101 466 1163 potest
485 1097 606 1160 electus,
624 1115 680 1152 non
697 1098 829 1152 electus
821 1117 849 1152 m
868 1098 920 1154 hoc
939 1100 982 1154 vel
1001 1100 1050 1154 illo
1067 1106 1135 1153 tem·
1160 1107 1276 1164 tartum,
1294 1101 1343 1155 sed
1362 1101 1454 1155 statim
1469 1102 1590 1170 additur,
1610 1104 1749 1171 99999919
1764 1112 1789 1156 te
1803 1105 1896 1157 mili
1884 1124 1914 1158 m
1927 1107 1993 1166 fide.

297 1181 547 1257 poris0intervallo.
582 1187 608 1237 2.
625 1184 736 1254 Spiritu
747 1194 844 1239 999999
858 1203 978 1256 prorsus
990 1187 1134 1253 indrynam
1161 1185 1223 1241 Joh.
1246 1195 1284 1253 15,
1303 1206 1326 1244 r.
1343 1196 1371 1243 5:
1390 1189 1491 1242 Sumus
1505 1189 1667 1257 palmites
1654 1208 1684 1241 ru
1701 1190 1821 1254 Uiriato,
1841 1190 1890 1243 sed
1901 1196 1994 1244 tamen

297 1276 337 1318 ert
363 1269 448 1321 toties
473 1271 554 1338 ejici,
581 1273 662 1329 toties
682 1273 781 1325 iterum
800 1275 876 1326 dari.
911 1272 1134 1342 Respondemus:
1160 1291 1185 1328 v.
1205 1280 1233 1327 6:
1260 1275 1287 1326 si
1311 1275 1374 1343 qum
1397 1277 1426 1326 iu
1451 1292 1483 1328 eo
1507 1294 1563 1328 uon
1582 1276 1732 1343 manserit,
1762 1277 1884 1329 mittetur
1894 1277 1993 1343 foras.

297 1368 350 1405 non
373 1361 420 1408 est
439 1353 574 1426 fingenda
593 1357 657 1411 talis
676 1358 795 1429 Spiritus
816 1359 904 1413 sancti
925 1359 970 1413 vel
989 1358 1089 1412 infusio
1107 1365 1135 1413 et
1160 1360 1263 1413 Golosa.
1297 1367 1320 1429 1,
1349 1379 1374 1413 v.
1403 1367 1445 1417 21.
1473 1362 1522 1430 pii
1549 1369 1613 1413 suut
1643 1363 1704 1413 Deo
1731 1363 1919 1431 reconciliati,
1945 1362 1994 1416 sed

297 1437 454 1511 irrgrassus,
477 1442 523 1497 vel
546 1444 645 1499 iterum
662 1445 762 1514 ejectio
789 1462 822 1499 ae
838 1461 964 1500 recessus
982 1445 1059 1514 talis,
1079 1462 1133 1515 quo
1159 1452 1252 1500 tamen
1281 1464 1306 1500 v.
1328 1453 1374 1502 23:
1401 1450 1428 1500 si
1451 1449 1659 1517 permanserint
1684 1449 1713 1500 iu
1733 1450 1795 1518 fide
1821 1450 1941 1512 fundati
1969 1450 2003 1502 et'

296 1527 449 1583 secundum
470 1531 616 1586 meandum
635 1549 714 1586 suam
730 1532 871 1586 alternatis
889 1531 996 1585 vicibus
1010 1532 1134 1598 accedat,
1159 1534 1274 1587 stabiles
1303 1542 1330 1586 et
1360 1535 1513 1588 immobiles
1538 1554 1556 1588 a
1584 1551 1633 1603 epe
1661 1535 1808 1603 evangelii.
1859 1535 1943 1590 Hebr.
1971 1540 1994 1599 3,

296 1612 336 1667 rel
356 1616 491 1680 recedat,
523 1618 571 1672 sed
597 1635 651 1688 quo
673 1619 826 1673 secundnm
852 1619 998 1673 essentiam
1019 1635 1133 1672 manens
1159 1636 1184 1673 v.
1204 1626 1234 1674 6:
1262 1623 1370 1673 Dareus
1387 1623 1446 1675 Dei
1463 1640 1570 1691 sumus,
1589 1621 1638 1674 sed
1657 1621 1751 1675 statim
1769 1622 1894 1675 additur:
1921 1624 1948 1674 si
1958 1623 1994 1690 fi-

295 1700 321 1753 in
342 1702 477 1756 omnibus
511 1705 662 1759 secundum
693 1706 812 1776 gratiam
837 1706 968 1760 accedere
992 1704 1037 1759 vel
1059 1722 1132 1759 rece·
1160 1707 1272 1759 duriam
1291 1716 1315 1760 et
1334 1708 1457 1775 aleriam
1477 1709 1541 1777 spei
1556 1725 1643 1777 usque
1661 1711 1703 1761 911
1713 1710 1801 1777 finem
1820 1712 1931 1773 fimaam
1951 1725 1994 1762 re·

294 1786 354 1842 dere
374 1789 495 1858 dicium,
513 1791 582 1844 talia
600 1791 635 1846 de
647 1791 751 1862 Spiritu
770 1800 865 1847 sancto
878 1793 1024 1848 manifeste
1036 1791 1134 1846 asserit
1159 1795 1311 1860 tineamm;
1342 1812 1367 1847 v.
1390 1801 1436 1850 lt:
1459 1793 1618 1864 participes
1642 1793 1750 1847 Christi
1773 1797 1868 1864 effecti
1892 1813 1994 1861 eumue,

296 1873 453 1946 Scriptura,
480 1882 512 1931 ut
539 1879 613 1948 quod
637 1879 738 1934 dicitur
756 1881 830 1933 mitti
847 1881 877 1933 ia
899 1883 988 1934 corda
1002 1879 1133 1950 fidelium
1159 1880 1186 1932 ai
1209 1889 1300 1933 tamea
1324 1881 1435 1934 initium
1458 1881 1631 1934 subelectiae
1656 1882 1719 1949 ejue
1743 1899 1829 1950 ueqree
1853 1885 1893 1935 ad
1911 1884 1993 1948 finem

296 1960 385 2016 Galat.
405 1970 437 2032 4,
460 1981 484 2018 r.
505 1970 529 2019 6.
554 1965 584 2017 iu
608 1967 669 2019 ollis
694 1967 838 2030 habitere,
871 1973 892 2023 l.
911 1965 973 2021 Cor.
993 1971 1022 2036 3,
1045 1985 1071 2021 v.
1095 1972 1132 2020 19.
1160 1968 1277 2029 firmiter
1301 1968 1475 2023 retineamur.
1516 1968 1603 2020 Dabo
1626 1968 1678 2019 tibi
1695 1986 1828 2021 eororam
1848 1969 1935 2037 uitae,
1955 1970 1994 2022 in·
2066 2005 2070 2013 -

298 2047 394 2102 dicitur
434 2051 602 2104 commutari
640 2051 676 2106 ab
714 2051 771 2121 his,
790 2121 791 2124 Ἴ
809 2054 857 2123 qui
886 2059 1004 2123 peceant
1037 2059 1133 2107 eontra
1159 2053 1220 2124 qu‘it
1240 2053 1366 2107 Christus
1386 2053 1502 2122 Apocal.
1522 2059 1551 2120 2,
1579 2072 1604 2106 v.
1627 2060 1666 2108 19.
1691 2054 1739 2108 sed
1757 2055 1913 2123 praecedit:
1936 2064 1993 2108 este

297 2135 513 2206 conscientiam,
549 2137 703 2208 Ephesi,
736 2157 761 2194 v.
781 2144 822 2195 39.
852 2140 887 2192 ab
914 2139 975 2193 illie
993 2141 1133 2204 recedere,
1154 2140 1252 2207 fidelis
1270 2158 1356 2209 usque
1380 2142 1420 2193 ad
1437 2149 1559 2194 mortem.
1581 2146 1609 2194 et
1629 2147 1700 2208 c.3‚
1721 2159 1747 2197 v.
1770 2147 1814 2196 tl:
1839 2150 1899 2194 terte
1919 2145 1996 2211 quod

300 2224 317 2272 1
333 2219 408 2278 Sam.
435 2228 523 2288 16,v
525 2230 593 2280 ..14
621 2226 750 2292 auferri,
775 2225 878 2281 Psalm.
899 2230 945 2289 51,
973 2243 998 2280 v.
1022 2231 1060 2280 13.
1079 2231 1132 2281 ete.
1158 2227 1255 2295 labes,
1284 2245 1317 2280 ae
1346 2228 1422 2281 aliur
1449 2228 1572 2295 accipiet
1601 2230 1993 2298 emonamruam.**01na

243 2303 319 2399 '¹23
337 2307 372 2361 Si
388 2310 540 2377 9191111191,
562 2319 674 2364 renatos
698 2329 783 2381 poree
809 2313 934 2366 cecidere
959 2313 1055 2379 pratia
1075 2312 1134 2365 Dei
1151 2314 1235 2380 soret
1262 2331 1334 2367 9999
1366 2316 1584 2382 regeneratione
1629 2313 1852 2385 Respondemus:
1883 2315 1992 2367 Paulus

243 2407 263 2451 a
300 2411 327 2446 sc
339 2396 434 2461 fidem
453 2396 684 2462 amburentur
709 2399 762 2451 erit
780 2399 917 2452 certitudo
936 2398 1078 2452 electioris
1099 2417 1132 2451 ae
1158 2398 1226 2452 dicit
1249 2398 1341 2454 Galat.
1362 2406 1391 2469 4,
1414 2417 1439 2451 v
1461 2405 1499 2454 19.
1523 2416 1553 2452 se
1574 2398 1711 2466 Galatas,
1735 2398 1783 2470 qui
1802 2417 1819 2452 a
1838 2400 1928 2470 gratia
1946 2415 1990 2452 ex·

243 2461 401 2552 f‘snlutir.
450 2482 673 2554 Respondemus:
709 2490 903 2555 argumentum
929 2483 1016 2538 1199
1009 2502 1131 2555 1999111111
1157 2485 1323 2541 ciderantc
1344 2494 1367 2554 5,
1387 2504 1412 2539 v.
1430 2492 1453 2540 4.
1473 2485 1527 2539 neit
1531 2507 1557 2538 u
1560 2504 1691 2554 ,ruram
1704 2487 1861 2555 parturire.
1896 2486 1991 2540 Toties

299 2568 462 2638 palmarium
480 2576 537 2640 est,
558 2571 602 2624 cui
620 2579 719 2639 tamen,
737 2572 778 2625 uti
796 2588 884 2641 spero,
901 2570 1109 2626 satisfecimus
1103 2590 1132 2624 111
1157 2570 1188 2625 fit
1177 2572 1401 2642 tregeneratio,
1426 2572 1454 2626 id
1481 2578 1523 2627 est
1546 2572 1664 2626 hominis
1683 2589 1699 2626 e
1718 2572 1817 2626 statu
1810 2589 1867 2627 rrae
1887 2572 1916 2624 in
1936 2578 1989 2625 sta·

243 2653 288 2699 ²¹⁸
299 2661 400 2713 1199999
420 2657 459 2712 de
476 2658 556 2713 elect.
577 2666 605 2712 et
622 2658 731 2728 reprob.
750 2655 778 2732 ξ.
799 2664 857 2714 291.
876 2665 903 2713 99
922 2675 999 2728 seqq.
1037 2658 1130 2728 “Eg
1156 2664 1216 2711 tum
1234 2659 1340 2728 gratiae
1356 2657 1500 2712 translatio
1516 2659 1632 2728 eJ'usque
1653 2659 1682 2710 in
1698 2657 1786 2712 filium
1798 2657 1852 2712 Dei
1870 2656 1991 2727 adoptio,

299 2741 365 2796 linus
383 2743 458 2813 disp.
472 2749 503 2799 9.
523 2744 558 2799 (19
576 2750 690 2814 peccato
711 2744 740 2798 in
760 2744 892 2814 Spiritum
910 2763 932 2799 s.
953 2744 992 2800 th.
1016 2744 1132 2800 199181·
1156 2744 1264 2816 quoties
1294 2744 1328 2798 de
1356 2744 1413 2798 suis
1437 2745 1560 2815 pcccatis
1583 2745 1682 2798 seriam
1708 2746 1768 2817 agit
1791 2744 1989 2816 poenitentiam

298 2832 385 2883 renati
404 2839 525 2900 poscent
545 2832 671 2884 cecidere
694 2832 820 2885 totaliter
843 2840 870 2884 et
881 2832 1028 2900 finaliterJ
1050 2831 1132 2884 electi
1156 2838 1184 2884 et
1201 2849 1251 2901 per
1270 2831 1389 2901 gratiam
1408 2832 1443 2884 ad
1464 2832 1555 2884 Deum
1574 2831 1654 2887 redit.
1691 2831 1784 2886 David
1802 2849 1852 2904 per
1871 2831 1991 2887 enormia

296 2917 431 2982 totaliter,
455 2926 521 2971 tuae
546 2919 695 2972 electorum
714 2920 790 2987 fides
816 2921 912 2972 eodem
929 2920 1012 2972 modo
1031 2936 1060 2971 se
1080 2918 1129 2970 lta-
1156 2930 1272 2987 peccata
1291 2919 1527 2989 regenerationem
1547 2936 1658 2990 prorsus
1677 2920 1804 2988 excussit,
1831 2919 1898 2991 quia
1915 2917 1988 2972 filius

298 3002 382 3067 leret,
404 3023 462 3073 9199
483 3007 537 3060 τῶν
554 3012 734 3080 renouatque
744 3007 829 3074 fider,
848 3023 904 3059 999
918 3013 1015 3074 posset
1032 3007 1126 3073 (19999-
1156 3004 1210 3060 Dci
1237 3022 1296 3060 esse
1324 3004 1457 3058 desiit.itit
1499 3004 1612 3059 Summa
1636 3023 1702 3078 ergo
1719 3006 1775 3062 hue
1793 3007 1877 3062 redit:
1901 3004 1989 3060 renati

296 3092 411 3144 19119919
445 3093 547 3145 evitari
579 3093 750 3147 barathrum.
796 3090 1025 3161 Respondemus:
1059 3090 1128 3146 fides
1155 3099 1231 3147 certo
1255 3096 1393 3157 statuant,
1419 3107 1449 3145 se
1478 3107 1537 3146 esse
1557 3092 1585 3145 in
1605 3092 1659 3147 Dei
1684 3078 1775 3163 gratia
1793 3100 1821 3147 et
1841 3092 1990 3163 participes

296 3176 424 3232 divinitus
443 3177 511 3232 data
530 3196 585 3233 non
603 3178 738 3232 amittitur
756 3177 839 3248 eulpa
857 3177 927 3246 Dei,
947 3178 1050 3248 quippe
1068 3195 1127 3233 cam
1155 3179 1214 3234 fore
1233 3184 1360 3234 aeternae
1381 3177 1493 3247 salutis;
1517 3179 1566 3234 sed
1590 3186 1681 3235 tamen
1700 3180 1923 3250 perseverentin
1941 3195 1989 3232 au-

297 3262 383 3317 datam
414 3263 523 3318 nutrire
549 3270 578 3318 ct
602 3281 705 3336 augere
732 3264 803 3318 serio
824 3264 958 3331 volentis,
990 3269 1020 3318 at
1048 3264 1128 3319 unice
1156 3265 1216 3319 ditu
1242 3282 1275 3319 ac
1300 3264 1480 3326 meditatione
1501 3265 1591 3334 verbi,
1621 3266 1650 3319 in
1673 3283 1726 3320 usn
1745 3272 1988 3334 sacramentorum,

296 3349 373 3418 eulpa
400 3349 522 3404 hominis
540 3350 631 3405 Deum
656 3349 790 3404 malitiose
814 3349 974 3405 deserentis.
1010 3349 1128 3405 Remon·
1154 3351 1233 3406 seriis
1250 3351 1400 3423 gemitibus
1426 3356 1524 3422 petant
1550 3351 1652 3405 donum
1678 3352 1989 3423 perseveranciam

296 3443 409 3490 mantes
429 3436 459 3490 in
481 3436 578 3491 Collat
614 3436 746 3508 Hagiens.
766 3454 793 3506 p
814 3425 886 3491 3491
908 3438 974 3488 Ν99
995 3437 1127 3500 uidemur,
1151 3440 1227 3509 jecta
1247 3439 1320 3492 omni
1338 3438 1488 3492 9999119999
1506 3438 1624 3506 carnali,
1652 3439 1772 3494 vivant
1765 3458 1793 3493 19
1810 3438 1909 3494 9119919
1927 3438 1989 3508 1191,

243 3541 249 3615 J
296 3523 450 3576 doctrinam
478 3524 562 3577 utam
588 3526 623 3577 de
645 3524 861 3593 pereeeeraatia
887 3523 916 3575 iu
937 3524 1000 3589 fide
1024 3540 1126 3591 eorum,
1154 3524 1283 3580 resistant
1312 3524 1542 3595 concupiscentiis
1573 3525 1678 3593 carnis,
1709 3525 1732 3579 si
1751 3531 1988 3596 praeoccupentur

296 3611 340 3677 qui
365 3611 452 3663 renel
479 3611 674 3679 crediderunt,
700 3627 758 3663 esse
791 3611 1007 3673 fundamentum
1032 3628 1126 3663 coneo·
1153 3612 1233 3682 lapsu
1260 3611 1394 3682 quodam,
1420 3613 1514 3665 statim
1542 3629 1593 3682 per
1618 3612 1815 3683 poeniteutiam
1834 3617 1988 3683 resurgant,

296 3694 459 3751 letiooiel
425 3697 550 3764 filiorum
570 3699 640 3764 Dei,
659 3700 711 3750 red
729 3697 932 3765 existimamur,
952 3714 1005 3749 aua
1024 3705 1127 3749 nature
1153 3700 1193 3752 ita
1217 3715 1269 3753 999
1288 3697 1322 3752 (19
1340 3697 1429 3752 salute
1448 3714 1498 3752 sua
1517 3705 1598 3753 erunt
1615 3699 1727 3766 incerti,
1749 3716 1800 3753 nec
1819 3706 1911 3752 tamen
1929 3714 1986 3751 car-

296 3792 374 3852 etque
399 3785 499 3839 indole
526 3785 656 3837 idoneam
684 3802 741 3837 esse
772 3786 813 3836 ad
839 3784 1060 3852 1999991999919
1079 3785 1126 3837 119-
1152 3784 1253 3838 naliter
1275 3783 1371 3838 securi.
1415 3783 1653 3847 Quemadmodum
1671 3784 1747 3838 Deus
1767 3802 1823 3837 non
1841 3785 1889 3838 dat
1906 3783 1989 3839 fidem

296 3872 411 3925 uisitur
429 3873 621 3938 securitatem,
641 3879 670 3923 ut
690 3872 719 3923 ia
739 3870 831 3923 medio
850 3888 932 3923 eursu
946 3877 1126 3939 peccaterum
1152 3877 1180 3925 et
1200 3868 1333 3939 Spiritum
1360 3875 1485 3924 sanctum
1515 3887 1548 3924 ex
1577 3870 1704 3924 absoluto
1733 3870 1851 3941 quodam
1870 3870 1989 3935 decreto,

295 3955 361 4025 ipris
384 3959 423 4012 sit
446 3958 508 4012 1999
529 3956 705 4027 pulvinaris,
733 3974 786 4025 quo
806 3965 890 4009 semet
908 3956 985 4025 iprae
1004 3956 1125 4009 molliter
1153 3956 1201 4010 sed
1225 3971 1275 4025 per
1297 3955 1412 4010 verbum
1435 3960 1464 4009 et
1481 3962 1669 4025 sacramenta,
1695 3955 1734 4010 ita
1752 3973 1862 4027 quoque
1881 3956 1942 4026 pios
1958 3957 1988 4009 in

295 4044 387 4107 faeere
416 4047 592 4114 ruaoiterque
619 4045 774 4099 demulcere
803 4052 885 4113 atquc
916 4044 958 4096 ito
984 4043 1128 4096 concolori
1151 4041 1207 4098 fide
1237 4043 1273 4097 ad
1298 4041 1381 4096 finem
1413 4058 1501 4112 nsque
1529 4048 1687 4111 conservat,
1714 4060 1769 4097 non
1796 4060 1829 4096 91(
1859 4043 1986 4097 absoluto

292 4133 406 4199 9919199.
449 4147 515 4204 pag.
544 4137 609 4187 297:
642 4131 782 4184 Doctrina
808 4132 843 4184 de
873 4139 949 4183 certa
976 4130 1123 4198 (absoluta)
1152 4129 1271 4202 quodam
1296 4129 1421 4197 decreto,
1446 4134 1559 4200 propter
1582 4130 1656 4199 quod
1684 4134 1814 4184 maneant
1839 4131 1868 4183 in
1888 4129 1987 4201 gratia,

295 4235 354 4272 rere
379 4219 509 4284 fidelium
528 4218 744 4288 perseverantie
775 4234 808 4269 eu
830 4234 858 4269 se
881 4234 964 4270 cerae
978 4217 1082 4284 pietati
1100 4224 1125 4269 et
1152 4217 1259 4272 etiamsi
1273 4221 1377 4270 'contra
1394 4216 1590 4270 conscientiam
1608 4223 1733 4286 peccent,
1752 4217 1800 4270 sed
1812 4216 1985 4286 perverbum

295 4305 370 4359 191119
388 4307 514 4361 moriem
532 4308 615 4360 99919
635 4313 684 4375 est,
702 4313 760 4358 tum
779 4305 808 4357 iu
828 4305 863 4356 iis
884 4304 932 4372 qui
943 4320 1004 4356 eam
1017 4305 1125 4370 doceat,
1152 4310 1179 4359 et
1206 4309 1391 4372 sacramenta,
1420 4321 1470 4373 per
1497 4319 1567 4374 quae
1592 4301 1712 4371 Spiritus
1735 4308 1847 4356 sanetus
1871 4304 1906 4356 ad
1924 4319 1985 4374 per·

295 4402 347 4446 um
375 4395 406 4447 ia
433 4394 471 4447 iia
495 4395 545 4462 qui
569 4411 630 4447 eam
656 4392 776 4445 audiunt
803 4399 828 4444 et
848 4391 951 4459 fideles
975 4408 1124 4443 commoue-
1151 4389 1334 4445 severantiam
1363 4390 1392 4443 in
1418 4388 1472 4443 illis
1493 4396 1535 4443 est
1554 4387 1661 4444 efficax.
1697 4388 1728 4443 Si
1744 4388 1834 4442 dicas:
1862 4398 1923 4443 utut
1940 4391 1985 4453 ait,

289 4480 430 4544 sactiones
452 4479 577 4549 Spiritus
591 4488 701 4532 canctus
720 4480 855 4531 advertus
872 4478 1050 4547 periculosae
1064 4477 1125 4530 dia·
1152 4479 1277 4532 conditio
1290 4478 1521 4548 perseuerantiae
1541 4485 1581 4529 eat
1595 4478 1721 4544 iace-rta;
1740 4493 1806 4545 erqo
1824 4477 1907 4530 etiam
1921 4478 1985 4546 1999

294 4568 349 4620 leli
377 4567 491 4622 99911999
518 4567 631 4620 irrutilet
659 4573 683 4619 et
711 4566 873 4633 inefficaces
892 4566 995 4621 reddit.
1003 4565 1033 4598 ‘⁴‘
1068 4563 1124 4619 Nos
1151 4565 1231 4618 salua
1249 4572 1275 4616 et
1293 4564 1398 4617 electio.
1438 4563 1661 4633 Respondemus:
1684 4561 1746 4632 ipsa
1763 4562 1907 4633 promissio
1925 4581 1985 4633 per-

293 4655 416 4725 quamvis
447 4671 504 4709 non
530 4670 735 4724 propugnamus
765 4652 849 4706 talem
875 4652 1014 4721 quandam
1046 4652 1124 4706 abso·
1151 4650 1322 4704 reverentiae
1340 4650 1442 4704 renatis
1461 4650 1529 4703 data
1546 4648 1613 4703 satis
1633 4654 1709 4702 certa
1728 4654 1778 4716 cst,
1801 4666 1864 4702 cum
1881 4650 1986 4703 nitatur

295 4740 380 4795 lutam
399 4739 542 4796 electionis
560 4724 703 4795 et‘salutis
722 4738 928 4807 certitudinem,
948 4737 1023 4808 quod
1041 4736 1125 4792 semel
1152 4737 1205 4790 Dei
1233 4737 1444 4806 omnipotentia,
1474 4735 1525 4790 Dei
1550 4734 1683 4789 fidelitate
1710 4752 1742 4789 ac
1767 4734 1820 4789 Dei
1847 4735 2057 4807 bonitate3v111,
2073 4756 2117 4801 m,

292 4829 378 4882 renati
411 4835 440 4884 et
472 4827 576 4898 Spiritu
609 4845 629 4880 s.
666 4826 761 4881 donati
796 4842 851 4880 non
885 4823 993 4895 possint
1024 4824 1124 4878 iterum
1151 4823 1230 4878 firma
1255 4823 1340 4894 igitur
1370 4822 1426 4876 fide
1455 4837 1516 4875 cam
1541 4820 1672 4892 amplecti
1700 4828 1728 4877 et
1757 4821 1859 4876 donum
1893 4840 1982 4893 perse·

292 4914 348 4968 ulla
371 4915 481 4970 ratione
501 4913 584 4968 ctiam
607 4930 657 4983 per
679 4917 795 4983 peccata
813 4917 910 4966 contra
928 4910 1122 4965 conscientiam
1151 4910 1291 4964 verendae
1311 4927 1328 4963 a
1346 4910 1406 4963 Deo
1429 4916 1524 4979 petere
1542 4925 1575 4961 99
1593 4908 1628 4962 de
1648 4908 1823 4963 exauditione
1841 4909 1908 4963 certi
1926 4927 1985 4965 esse

291 5001 416 5054 amittere
458 4998 541 5053 fidem
584 5003 613 5052 et
657 4996 774 5068 Spiritus
822 5017 843 5054 s.
879 4996 1123 5065 inhabitationem,
1150 5015 1309 5069 possumus,
1333 4996 1443 5051 interim
1463 5001 1557 5049 tamen
1581 4995 1604 5048 si
1628 4996 1689 5067 quis
1714 4996 1781 5051 velit
1803 4996 1894 5050 media
1919 4995 1983 5050 fidei

290 5085 363 5140 absit
382 5092 477 5140 tamen
495 5091 526 5139 ut
543 5083 717 5139 Pontificiam
738 5084 812 5138 illam
832 5085 865 5138 de
884 5083 1017 5139 electione
1035 5091 1064 5137 ct
1082 5100 1122 5137 sa·
1150 5091 1177 5138 et
1196 5083 1292 5137 salutis
1310 5083 1468 5154 negligere,
1487 5081 1716 5150 concupiscentiis
1735 5082 1825 5135 earnis
1841 5082 1983 5154 indulgere

291 5171 347 5226 lute
383 5172 584 5227 dubitationem
622 5172 836 5226 introducamus.
887 5169 1121 5241 Distinguendum
1150 5178 1177 5224 et
1205 5188 1299 5226 secure
1321 5170 1428 5237 vivere,
1456 5168 1480 5222 is
1509 5168 1622 5239 propria
1653 5168 1736 5238 culpa
1764 5169 1983 5237 perseverantiae

292 5260 362 5313 enim
387 5258 460 5314 inter
484 5258 676 5314 certitudinem
695 5257 807 5327 spiritus
826 5262 853 5311 et
871 5256 1045 5311 securitatem
1064 5274 1123 5310 car·
1150 5258 1223 5312 dono
1247 5256 1361 5324 excidit,
1386 5254 1460 5325 quod
1479 5254 1672 5309 certitudinem
1690 5254 1877 5324 promissionis
1896 5254 1982 5324 ipsius

292 5347 346 5408 nis:
380 5348 454 5402 inter
487 5346 679 5400 certitudinem
716 5344 862 5398 limitatam
896 5348 924 5398 et
958 5342 1121 5397 absolutam.
1148 5344 1363 5414 haudquaquam
1390 5341 1463 5394 tollit
1488 5347 1538 5394 aut
1561 5341 1719 5410 labefactat.
1755 5340 1828 5394 Vide
1847 5347 1927 5395 tract.
1948 5340 1982 5394 dc

293 5431 386 5487 Certos
407 5451 458 5488 nos
484 5431 552 5487 fecit
568 5432 645 5487 Deus
671 5432 705 5486 de
723 5431 823 5499 salute,
851 5446 906 5483 non
924 5436 1016 5483 autern
1036 5430 1123 5483 voluit
1148 5432 1227 5486 elect.
1244 5435 1272 5484 et
1291 5427 1397 5499 reprob.
1416 5424 1445 5501 ξ.
1469 5433 1524 5482 193

292 5537 339 5573 nos
363 5538 422 5576 esse
441 5520 589 5575 carnaliter
607 5536 730 5586 securos,
758 5517 951 5588 promissiones
970 5516 1023 5572 Dei
1042 5516 1121 5570 19191-
1186 5522 1241 5571 149.
1277 5514 1356 5569 Η999
1378 5530 1444 5585 ergo
1467 5515 1542 5568 dicta
1568 5514 1623 5567 sint
1645 5512 1777 5567 debonis
1797 5512 2088 5582 operibusinspeea.

291 5605 376 5661 libiles
398 5607 519 5661 liberant
540 5624 590 5660 nos
612 5623 629 5659 a
658 5605 831 5660 dubitatione
856 5611 883 5657 et
909 5602 1121 5673 incertitudine3
1148 5619 1258 5673 genere.
1294 5601 1472 5672 Consequens
1491 5601 1575 5668 soret,
1594 5600 1669 5654 utin
1687 5597 1849 5668 particulari
1868 5597 1903 5652 de
1922 5584 2105 5685 qui-oss'gss’ufss,¹¹²

291 5693 513 5758 edbomtiones
527 5698 555 5748 et
589 5691 811 5747 comminationes
845 5689 970 5759 ejusdem
1002 5688 1121 5744 liberant
1148 5689 1264 5744 busdam
1284 5687 1362 5742 bonis
1381 5687 1519 5783 operibus,
1538 5684 1700 5756 praesertim
1719 5685 1829 5739 rerode
1848 5685 1980 5756 oratione,

290 5795 336 5835 nos
357 5796 374 5835 9
395 5779 504 5836 9919911
531 5779 691 5848 securitate:
716 5779 756 5833 ita
781 5794 847 5848 ergo
867 5777 953 5831 simus
981 5775 1015 5830 dc
1033 5775 1121 5830 salute
1147 5776 1323 5845 eleemosyna
1350 5781 1377 5828 et
1397 5772 1505 5844 jejunio
1535 5772 1581 5839 (ad
1609 5788 1679 5841 quae
1698 5771 1789 5842 capita
1810 5772 1915 5841 species
1933 5772 1981 5825 bo·

290 5868 367 5937 99111,
388 5877 420 5924 ut
446 5866 558 5922 interim
585 5883 640 5920 non
658 5865 741 5921 simus
758 5863 855 5932 securi,
874 5864 924 5917 sed
942 5879 1005 5919 cum
1023 5863 1121 5916 timore
1147 5879 1245 5918 norum
1263 5877 1378 5931 operum
1398 5858 1522 5915 revocari
1533 5857 1661 5912 videntur
1673 5856 1772 5914 Matth.
1788 5857 1980 5915 antitanes

289 5969 320 6010 ac
340 5962 460 6012 nemore
486 5953 603 6008 salutem
634 5957 757 6008 99991991
788 5966 939 6022 9991911191.
986 5949 1120 6020 Nuspiam
1148 5948 1331 6012 monendum,
1348 5946 1453 6016 species
1471 5943 1522 6000 has
1540 5959 1595 5997 non
1614 5960 1674 5998 esse
1693 5944 1842 6011 univocae,
1861 5961 1924 5998 cum
1939 5945 1980 6013 J'c·
