4800 6659
414 657 471 725 181
1003 654 1124 711 LOCUS
1141 650 1310 709 DECIMUS
1329 652 1504 712 OCTAVUS

408 821 473 882 pter
492 811 737 880 sionir‘ioatianem.
774 811 997 883 Respondemus:
1022 826 1089 865 saus
1107 827 1141 866 ex
1159 825 1244 881 opere
1271 812 1346 863 mata
1369 808 1423 864 fuit
1444 809 1514 865 tides
1537 811 1658 883 piorum,
1683 828 1733 882 per
1750 828 1834 884 quam
1853 811 1882 867 in
1899 811 2025 867 futurum
2042 813 2102 868 uni·

413 906 525 970 operato
542 900 601 954 sine
618 900 674 956 fide
692 918 747 955 non
758 901 921 973 profuerunt
932 900 981 955 ille
994 906 1167 955 sacramenta
1177 900 1244 970 (quo
1270 912 1333 950 cum
1349 895 1571 967 propitiatorium
1589 896 1755 953 sacrificium
1773 896 1884 968 Christi,
1901 898 1930 953 in
1945 915 1995 953 ars
2012 898 2102 954 crucis

413 987 595 1043 Bellarminus
626 988 678 1044 hoc
704 989 765 1043 loco
785 992 916 1060 spectat),
942 987 1052 1041 interim
1073 991 1166 1042 nmen
1186 1001 1243 1040 cre·
1270 980 1458 1054 offerendum,
1497 984 1674 1057 respicientes
1710 985 1878 1041 remissionis
1915 991 2103 1057 peccatorum,

412 1073 541 1130 dentibus
564 1074 678 1130 fuerunt
698 1076 804 1146 gratiae
831 1075 940 1130 divinae
958 1073 1115 1129 testimonia
1133 1078 1162 1128 et
1177 1071 1244 1126 fidei
1270 1070 1376 1139 gratiae
1397 1069 1452 1127 Dei
1479 1078 1507 1129 et
1528 1072 1603 1128 ritae
1625 1078 1754 1128 aeternae
1775 1072 1843 1128 facti
1863 1079 1928 1128 sunt
1944 1073 2104 1145 participes,

413 1160 646 1230 confirmationes,
668 1179 731 1217 cum
757 1162 787 1216 in
805 1162 880 1218 hisce
897 1161 972 1234 typis
992 1160 1125 1215 salutaria
1141 1157 1244 1214 Christi
1271 1173 1325 1209 non
1349 1157 1402 1211 erit
1426 1157 1479 1215 hcc
1502 1161 1681 1216 sacramentis
1700 1160 1735 1217 V.
1753 1160 1786 1215 T.
1807 1160 2010 1231 denegandum
2046 1159 2104 1216 Sed

411 1246 547 1303 beneficia
563 1265 619 1302 nou
639 1249 727 1303 solum
745 1248 782 1303 ob
800 1247 893 1304 oeulos
908 1246 961 1303 sibi
978 1247 1119 1317 proposita
1137 1245 1243 1301 eminus
1269 1258 1365 1297 verum
1386 1243 1470 1314 prius.
1513 1245 1589 1318 Ergo
1617 1253 1645 1302 et
1662 1246 1807 1318 posterius.
1841 1246 1931 1304 Lavit.
1950 1252 1981 1316 4,
2007 1263 2034 1302 v.
2056 1253 2104 1303 35:

411 1335 612 1405 conspexerint,
629 1335 679 1391 sed
698 1341 725 1391 et
743 1352 809 1390 vera
824 1334 880 1390 fide
893 1333 1056 1390 eademsibi
1069 1332 1243 1403 applicarint.
1271 1326 1411 1383 Crenaee
1433 1334 1568 1386 sacerdos
1590 1349 1675 1404 snper
1700 1334 1793 1388 altare
1819 1334 1960 1388 incensum
1984 1332 2107 1388 Domini

412 1419 525 1476 interim
551 1438 726 1493 nequequam
744 1439 807 1476 cum
826 1420 942 1478 Calvino
963 1420 1123 1489 statuimus,
1150 1421 1179 1473 in
1197 1435 1243 1473 eu·
1269 1416 1434 1487 rosabitque
1454 1435 1510 1487 pra
1534 1435 1567 1473 eo
1591 1428 1616 1474 et
1637 1438 1694 1491 pro
1718 1429 1833 1491 peceato
1857 1421 1919 1489 eins
1936 1426 1963 1474 et
1982 1419 2104 1473 dimitte·

411 1506 542 1562 charistia
584 1509 774 1564 tantummodo
815 1508 925 1580 signum
960 1506 1084 1562 absentis
1119 1505 1243 1577 corporis
1269 1509 1316 1554 tar
1335 1503 1368 1556 ei.
1397 1502 1481 1561 Num.
1505 1511 1543 1575 15,
1565 1523 1590 1563 v.
1615 1512 1662 1562 25:
1682 1508 1805 1578 Offererst
1816 1507 1941 1562 Domino
1961 1507 2106 1561 incensum

411 1592 528 1662 Christi,
556 1594 638 1665 quale
657 1594 722 1648 olim
739 1593 794 1649 brit
810 1610 926 1664 manna,
943 1593 1023 1649 uobis
1038 1591 1174 1660 exhiberi,
1194 1591 1244 1646 sed
1266 1606 1322 1657 pro
1347 1605 1376 1642 se
1404 1596 1429 1644 et
1445 1598 1564 1661 peceato
1581 1596 1633 1648 etc.
1676 1592 2149 1685 Βο1100001οιιοοιοίρὶιμιιιινιῑξ.)ι

410 1679 551 1735 mediante
569 1679 715 1736 benedicto
733 1697 804 1751 pane
823 1697 918 1737 verum
938 1679 1040 1735 Christi
1059 1697 1166 1750 corpus,
1188 1696 1243 1733 me·
1268 1674 1343 1741 sicta
1367 1678 1657 1739 samosatensem
1677 1681 1861 1751 captationem
1874 1680 1989 1750 peccati
2007 1682 2106 1750 moad
2117 1697 2148 1738 mr

412 1766 507 1822 diante
524 1767 671 1822 benedicto
695 1768 759 1822 vino
778 1784 873 1822 verum
893 1766 996 1822 Christi
1015 1767 1178 1839 sauguinem
1196 1781 1243 1818 no·
1267 1778 1388 1830 poenam
1405 1764 1585 1834 temporalem
1604 1774 1630 1820 et
1650 1759 1745 1836 quood
1762 1767 1962 1822 immunditiem
1974 1767 2105 1837 ispalem,

411 1852 456 1907 his
483 1852 605 1909 exhiberi
631 1854 792 1910 totocorde
811 1854 963 1923 credimus,
991 1870 1047 1925 qua
1064 1853 1170 1909 ratione
1187 1868 1243 1906 non
1270 1865 1326 1901 non
1335 1851 1430 1919 quoad
1441 1850 1590 1921 aalpamet
1601 1870 1724 1922 poenam
1734 1854 1882 1921 pelennae,
1894 1854 1951 1908 nisi
1964 1862 2105 1923 00000000

412 1939 500 1994 solum
523 1957 541 1994 a
563 1941 734 2011 temporariis
759 1958 876 1996 mannae
902 1947 929 1997 et
948 1956 1037 2011 aquae
1054 1940 1243 2008 sacramentis,
1271 1938 1514 2005 orootquoedam
1537 1938 1620 2008 sipna
1637 1940 1828 2009 protestantia
1843 1942 1941 2009 sillem
1965 1941 1994 1993 in
2020 1938 2104 1993 Chri·

413 2026 462 2081 sed
489 2027 573 2081 etiem
597 2025 633 2081 ab
659 2027 797 2081 ordinario
822 2028 887 2098 agni
911 2026 1050 2098 paschalis
1073 2032 1243 2082 sacramento
1270 2029 1351 2075 olum·
1376 2021 1598 2093 Respondemus:
1616 2042 1683 2081 saue
1700 2025 1834 2081 sacrificia
1848 2043 1881 2082 ex
1894 2032 2104 2099 opomoperato

414 2111 595 2168 eucharistiae
630 2119 832 2168 sacramentum
868 2113 1015 2184 plurimum
1048 2112 1160 2168 differre
1189 2118 1244 2167 sta·
1270 2123 1325 2161 non
1352 2108 1498 2165 voluerunt
1521 2110 1557 2164 ad
1585 2112 1774 2167 remissionem
1799 2112 1897 2184 culpae
1920 2112 1965 2168 vel
1987 2129 2105 2184 poenae,

412 2200 523 2255 tuimus.
562 2200 773 2270 tripedalem
796 2216 852 2254 non
877 2220 895 2253 a
911 2200 996 2271 pari,
1022 2202 1075 2253 sed
1090 2217 1109 2252 a
1126 2199 1247 2264 fortiori
1270 2191 1379 2248 interim
1406 2201 1499 2251 temen
1523 2197 1589 2269 quia
1611 2197 1672 2269 typi
1695 2198 1807 2254 sumunt
1824 2198 1898 2253 unici
1917 2198 1993 2254 illius
2010 2188 2104 2271 propi

413 2286 614 2355 arpamentari,
644 2287 696 2340 boc
723 2303 822 2340 sensu:
854 2286 888 2340 Si
913 2286 1024 2340 Judaei
1050 2284 1148 2355 pandi
1171 2294 1244 2352 eant,
1270 2280 1374 2335 tiamrii
1392 2282 1520 2338 sacrificii
1537 2283 1613 2343 inN.
1630 2285 1664 2341 T.
1683 2285 1746 2341 ideo
1764 2286 1793 2340 in
1810 2301 1877 2341 vera
1893 2284 1949 2341 fids
1961 2286 2103 2342 Christum

413 2375 489 2441 quod
507 2374 701 2427 contemserint
720 2373 841 2442 sipara-r
872 2381 1109 2427 sacramentorum
1136 2380 1244 2426 nostro·
1271 2366 1449 2423 mediatorem
1479 2370 1594 2441 ejusque
1623 2370 1795 2426 sacrificium.
1814 2371 1978 2442 respiciente
2008 2373 2105 2429 oblata

412 2478 474 2513 ram
500 2467 525 2513 et
551 2460 659 2527 inprati
675 2461 789 2527 fuerint
808 2461 886 2529 Deo,
915 2478 934 2513 a
962 2478 1016 2529 qno
1034 2459 1173 2527 beneefieia
1190 2458 1244 2512 illa
1272 2452 1384 2509 fuerunt
1403 2456 1528 2511 lindriaci
1547 2458 1605 2513 sire
1623 2458 1821 2530 propitiatoria,
1838 2464 1870 2515 ιιι
1887 2459 1998 2515 disertis
2010 2460 2103 2515 verbis

413 2553 587 2616 acceperant.
605 2548 719 2615 quondo
731 2546 840 2615 jsestios
855 2545 998 2615 puniendi
1007 2553 1071 2599 sunt
1083 2544 1246 2614 Christiani,
1270 2540 1351 2595 toties
1379 2541 1408 2595 in
1434 2542 1530 2614 Moyse
1561 2544 1749 2615 appellarem,
1777 2563 1833 2601 uon
1856 2553 1985 2617 respectu
2011 2547 2105 2617 operis

414 2632 463 2701 qui
492 2640 668 2686 contemnant
697 2639 875 2686 sumomonte
904 2632 969 2701 epea
994 2640 1020 2685 et
1048 2632 1156 2701 inprati
1181 2640 1246 2686 sunt
1270 2627 1389 2696 operati,
1416 2630 1465 2684 sed
1489 2629 1595 2685 00ιί000
1619 2630 1684 2687 fidei
1703 2633 1732 2686 iu
1751 2632 1902 2699 Christum,
1927 2634 2008 2705 cujus
2026 2652 2103 2691 exer·

416 2720 493 2785 Deo,
527 2738 545 2772 a
572 2736 626 2788 qao
655 2726 822 2788 acceperant
849 2718 988 2787 benficia
1017 2718 1098 2786 tonse
1124 2721 1245 2789 majora.
1271 2713 1365 2770 citium
1390 2720 1417 2770 et
1440 2714 1579 2787 objectum
1605 2718 1633 2772 iu
1659 2717 1707 2773 illa
1726 2719 1900 2775 sacrificandi
1918 2721 2028 2777 actione
2047 2720 2103 2777 suit

413 2805 638 2875 Respondemus:
664 2821 719 2859 non
746 2822 894 2877 negemus,
922 2805 1077 2875 apostolum
1105 2823 1123 2860 s
1140 2805 1247 2861 fortiori
1270 2802 1448 2873 propositum.
1470 2802 1580 2858 Primus
1595 2805 1711 2861 enimse
1725 2807 1890 2878 praecipuus
1903 2807 2104 2864 sacrificiorum

416 2892 617 2964 argumentari,
634 2892 743 2947 interim
762 2908 795 2947 ex
813 2909 845 2947 eo
862 2909 917 2946 non
935 2897 1027 2962 potest
1045 2891 1153 2958 inferri,
1171 2894 1246 2965 quod
1271 2886 1333 2941 linis
1351 2888 1405 2943 fuit
1423 2890 1650 2947 commonefactio
1669 2891 1813 2949 defuturo
1835 2892 1969 2950 sacrificio
1981 2895 2103 2951 Messias

330 2971 335 2976 ’
414 2983 589 3034 sacramenta
599 2978 634 3034 V.
653 2977 685 3033 T.
704 2978 811 3033 radone
828 2978 966 3050 generalis
984 2978 1046 3034 finis
1066 2986 1093 3033 et
1112 2997 1177 3034 usus
1189 2997 1245 3035 non
1271 2974 1300 3029 in
1323 2991 1372 3030 oro
1394 2976 1483 3031 crucio
1508 2975 1664 3043 offerendo,
1691 2986 1723 3035 ut
1746 2979 1914 3036 ostendimus
1934 2981 1961 3035 in
1979 2986 2105 3038 mmmm

414 3064 595 3130 conveniant,
619 3065 667 3120 sed
690 3070 741 3120 hoc
770 3070 878 3120 tantum
904 3082 937 3120 ex
960 3083 992 3121 eo
1012 3066 1151 3137 sequitur,
1170 3068 1245 3138 quod
1273 3061 1307 3117 de
1324 3062 1432 3134 legibus
1451 3079 1549 3118 cerem.
1569 3059 1596 3138 ᾗ.
1618 3069 1657 3119 10.
1668 3064 1794 3121 videntes
1808 3066 1896 3139 igitur
1909 3068 2105 3126 mactationem

413 3151 519 3207 ratione
544 3152 679 3208 essentiae
705 3150 851 3208 discrimen
869 3152 981 3223 aliquod
999 3152 1067 3224 ipsis
1085 3153 1246 3220 intercedat,
1272 3152 1300 3203 ot
1315 3146 1528 3205 immolationem
1547 3148 1708 3205 animalium
1717 3150 1955 3225 viderunttypum
1966 3156 2107 3226 passionis

412 3238 549 3311 siquidem
580 3256 669 3311 eguus
699 3239 837 3308 paschalis
866 3238 920 3293 fuit
949 3245 1036 3311 typus
1066 3241 1189 3312 corporis
1218 3248 1247 3297 et
1273 3241 1301 3290 et
1317 3235 1426 3306 mortis,
1450 3235 1502 3291 hoc
1528 3242 1571 3293 est
1589 3238 1716 3293 sacrificii
1734 3240 1821 3310 ipsius
1839 3240 1949 3297 Christi.
1984 3242 2106 3315 Propter

413 3325 556 3397 sanguinis
580 3324 699 3389 Christi,
723 3342 795 3396 quae
818 3324 846 3379 in
871 3325 1054 3381 eucharistiae
1073 3335 1246 3385 sacramento
1273 3318 1355 3377 finem
1381 3321 1459 3377 illum
1483 3323 1678 3380 mdfieiorum
1699 3325 1774 3381 Abel
1799 3328 1862 3390 fido
1888 3330 2028 3398 'majorem
2056 3348 2107 3386 aaa

413 3429 491 3478 vere,
517 3412 627 3469 realiter
649 3418 677 3467 ct
697 3412 917 3467 substantialiter
933 3412 1013 3467 nobis
1033 3412 1246 3471 distribuuntur.
1268 3409 1465 3479 pretiosiorem
1496 3412 1617 3466 boetiam
1648 3413 1781 3468 obtulisse
1811 3416 1916 3469 dieitur
1945 3415 2031 3472 Hebr.
2065 3426 2105 3484 ll,

414 3501 458 3557 De
475 3500 626 3570 Augustini
643 3500 781 3555 sententia
798 3499 881 3569 paulo
900 3505 965 3571 post
978 3500 1091 3555 dicetur.
1272 3512 1298 3551 v.
1315 3502 1339 3552 4.
1365 3496 1494 3552 nimirum
1513 3497 1580 3570 quia
1597 3499 1626 3554 in
1644 3504 1712 3571 typo
1731 3500 1859 3557 sacrificii
1876 3502 2044 3573 respiciebat
2063 3505 2105 3561 iu·

284 3595 304 3639 a
325 3595 400 3638 smr-
451 3594 491 3645 τι,
519 3593 542 3641 5.
554 3586 685 3649 Quamvis
705 3584 852 3641 discrimen
871 3584 956 3641 tuerit
974 3586 1045 3641 inter
1063 3588 1199 3643 secrifins
1219 3596 1247 3645 et
1273 3586 1365 3638 turum
1387 3582 1489 3639 Christi
1510 3584 1692 3651 sissinium,
1716 3603 1748 3641 ex
1771 3605 1825 3660 quo
1852 3589 1910 3643 solo
1927 3596 2106 3660 peccantum

285 3648 587 3740 ffissssssisaoramente
616 3672 721 3727 ratione
751 3669 854 3733 δόσεως
879 3676 925 3725 καὶ
952 3670 1072 3743 tiosos:
1100 3674 1128 3728 in
1155 3693 1246 3731 seers-
1272 3669 1460 3725 remissionem
1487 3671 1618 3743 sperabat
1643 3678 1672 3728 et
1691 3674 1924 3745 consequebatur,
1946 3693 2001 3747 quo
2020 3678 2106 3749 perti-

286 3750 362 3792 11111
414 3760 513 3817 mentis
531 3760 605 3816 enim
623 3763 792 3829 acceperuut
809 3758 915 3830 aliquid
933 3760 1039 3829 aDeo;
1059 3759 1088 3814 in
1103 3761 1246 3818 sacrifieiis
1273 3763 1339 3811 nent
1356 3757 1448 3812 omnia
1460 3758 1619 3829 Scripturas
1635 3758 1716 3829 dicto,
1734 3760 1763 3814 iu
1781 3762 1881 3831 quibus
1899 3762 2000 3817 dicitur
2014 3781 2104 3836 agnus

415 3864 448 3904 ex
476 3845 648 3901 institutione
673 3843 728 3900 Dei
755 3843 807 3915 ipsi
837 3844 943 3917 aliquid
962 3846 1137 3917 obtuleruut3
1168 3856 1246 3907 utet
1272 3842 1326 3897 Dei
1343 3843 1407 3901 Em.
1423 3850 1464 3913 53,
1482 3862 1507 3898 v.
1522 3851 1545 3900 1.
1564 3844 1629 3901 doh·
1650 3851 1672 3912 i,
1690 3864 1715 3900 v.
1733 3854 1773 3903 29.
1795 3854 1835 3904 36.
1856 3848 1967 3904 1.Petr.
1983 3857 2006 3921 1,
2022 3869 2049 3908 ιι.
2065 3858 2105 3909 10.

413 3935 520 3992 ratione
537 3932 653 3989 actionis
672 3936 813 3992 externae:
833 3931 862 3985 iu
880 3934 1057 3988 sacramentis
1074 3935 1147 3989 enim
1168 3936 1245 3992 Deus
1271 3931 1386 4002 Apocal.
1407 3938 1451 4000 1³,
1480 3949 1506 3985 v.
1526 3937 1549 3987 8.
1573 3939 1625 3988 etc.
1649 3932 1704 3986 illis
1723 3934 1794 3989 enim
1816 3936 1942 4001 docetur,
1967 3938 2105 3995 sacrificis

412 4040 476 4077 cum
499 4019 656 4075 hominibus
681 4017 751 4090 egit,
775 4017 804 4072 in
829 4017 971 4074 sacrificiis
988 4019 1111 4077 homines
1128 4030 1246 4095 egerunt
1271 4016 1306 4072 V.
1326 4017 1360 4072 T.
1378 4017 1465 4072 fuisse
1482 4024 1565 4089 typos
1584 4016 1693 4085 Christ-i,
1715 4020 1772 4074 reri
1790 4021 1863 4076 illius
1881 4028 1947 4093 ageri
1966 4041 2017 4095 pro
2036 4043 2100 4096 pec-

414 4125 478 4163 cum
494 4107 569 4173 Deo;
594 4107 622 4160 iu
646 4105 700 4160 illis
723 4104 920 4174 amputabatur
940 4108 1128 4177 praeputium,
1156 4127 1244 4165 come
1271 4104 1339 4158 catis
1365 4104 1461 4158 mundi
1484 4104 1512 4158 iu
1530 4121 1613 4161 cruce
1632 4105 1725 4161 oblati.
1761 4106 1893 4172 Quamvis
1913 4109 2001 4181 igitur
2018 4113 2103 4167 sacri-

414 4193 532 4248 dehatur
559 4208 649 4264 agnus
674 4190 812 4262 paschalis
833 4196 884 4246 etc.
905 4191 934 4245 iu
956 4192 999 4246 his
1024 4194 1149 4250 adhibito
1171 4196 1245 4269 igne,
1270 4189 1339 4245 liciis
1356 4207 1412 4244 non
1430 4190 1467 4244 sit
1485 4189 1633 4246 tribuenda
1652 4192 1693 4244 ris
1711 4194 1839 4278 expiandi
1857 4202 1974 4266 peccata
1994 4215 2046 4269 per
2064 4216 2101 4267 se,

414 4281 506 4344 thure,
534 4279 606 4343 oleo,
633 4279 691 4334 sale
716 4284 767 4334 etc.
793 4278 906 4333 victima
923 4279 1096 4336 cremabatur
1115 4282 1160 4347 vel
1176 4288 1244 4353 tota,
1271 4275 1315 4332 vel
1333 4276 1468 4349 dignitate
1484 4292 1618 4348 personae
1631 4280 1819 4345 sacrificantis,
1838 4282 1879 4337 vel
1894 4300 2021 4354 mopere
2036 4303 2101 4357 ope

413 4367 457 4422 vel
479 4370 554 4420 certe
576 4382 641 4435 pars
664 4364 738 4419 illius
766 4365 874 4436 aliqua,
907 4365 1017 4420 interim
1042 4367 1148 4424 ratione
1171 4368 1245 4436 finis,
1270 4370 1343 4434 rato,
1361 4370 1393 4418 ut
1409 4363 1570 4435 hypocritae
1589 4364 1641 4420 sibi
1660 4367 1876 4437 persuadebant,
1895 4386 1964 4439 quos
1982 4369 2035 4426 hoc
2054 4392 2102 4429 no·

415 4452 463 4523 qui
491 4457 532 4506 est
562 4441 837 4517 confirmatio¹,lidei,
863 4457 1033 4507 sacramente
1058 4459 1086 4507 et
1110 4454 1245 4510 sacrificia
1271 4450 1344 4506 mine
1368 4466 1419 4521 per
1436 4449 1585 4521 prophetas
1602 4452 1704 4521 passim
1723 4453 1866 4525 redarguit
1883 4454 2019 4512 Dominus
2038 4458 2102 4515 Esa.

414 4538 618 4611 quodammodo
645 4536 819 4592 conveniunt.
863 4539 1028 4609 Quanquam
1056 4538 1128 4595 enim
1152 4541 1180 4595 in
1202 4559 1246 4596 sa·
1275 4544 1302 4608 1,
1322 4557 1347 4593 r.
1369 4543 1409 4595 11.
1437 4538 1505 4593 Hos.
1523 4545 1556 4604 0,
1581 4556 1605 4595 v.
1627 4546 1651 4595 0.
1681 4540 1764 4597 Mich.
1785 4547 1813 4607 6,
1838 4549 1908 4599 0.·1.
1940 4543 2042 4600 Psalm.
2063 4554 2105 4616 50,

282 4637 343 4677 vrri.
357 4636 402 4679 ms.
415 4625 524 4683 orificiis
544 4624 580 4679 ab
596 4623 753 4680 hominibus
771 4623 938 4680 offerebatur
957 4631 984 4681 et
1003 4625 1122 4681 dabatur
1140 4627 1245 4699 ahquid
1273 4644 1297 4681 r.
1318 4631 1358 4681 13.
1379 4643 1433 4698 quo
1453 4625 1566 4697 respicit
1585 4626 1664 4698 epist
1683 4628 1719 4682 ad
1738 4626 1825 4684 Hebr.
1843 4645 1867 4684 c.
1890 4635 1929 4698 10,
1950 4648 1974 4684 r.
1996 4637 2026 4687 4:
2047 4634 2104 4687 lm·

414 4713 490 4776 Deo,
516 4711 546 4765 id
571 4711 646 4782 quod
671 4710 699 4764 in
722 4710 900 4765 sacramentis
923 4710 1013 4766 locum
1037 4728 1093 4766 non
1111 4713 1246 4779 habebat;
1267 4714 1402 4785 possibile
1427 4714 1517 4779 fuisse
1535 4715 1730 4785 pronuntians,
1759 4716 1893 4785 sanquine
1911 4724 2058 4771 taurorum
2078 4728 2105 4773 et

400 4808 508 4855 temen
542 4797 608 4870 quis
636 4796 756 4851 vicissim
785 4797 971 4852 mediantibus
1000 4798 1143 4855 sacrificiis
1168 4800 1246 4857 Deus
1271 4803 1413 4856 hircorum
1436 4802 1551 4869 auferri
1562 4809 1698 4869 peecata,·
1720 4806 1813 4857 tamen
1835 4819 1890 4857 non
1912 4804 2044 4875 neganda
2063 4811 2107 4861 est

414 4885 520 4958 aliquid
548 4884 635 4939 dabat
660 4882 829 4948 hominihus,
855 4884 906 4940 hoc
934 4893 976 4941 est
1005 4903 1057 4941 sua
1085 4889 1246 4946 conferebat
1272 4888 1320 4943 illa
1337 4887 1378 4942 vis
1398 4886 1539 4942 sacrificiis
1559 4887 1612 4941 suh
1631 4887 1737 4943 ratione
1754 4888 1817 4958 typi
1836 4894 1863 4944 et
1881 4889 2010 4960 umbrae,
2035 4909 2104 4963 qua-

415 4973 489 5029 dona
515 4978 544 5027 et
570 4972 643 5026 boue
671 4976 698 5024 et
726 4969 755 5023 in
782 4968 906 5026 futurum
936 4972 1101 5028 sacrificium
1127 4975 1246 5032 Messias
1272 4981 1353 5030 tenus
1375 4973 1481 5029 scilicet
1505 4973 1708 5028 adumbrabant
1732 4990 1828 5028 verum
1849 4973 1928 5030 illum
1947 4981 1976 5030 et
1991 4977 2106 5034 unicum

415 5065 520 5116 mentes
546 5056 668 5112 fidelium
693 5062 854 5111 convertens
877 5058 960 5114 tidem
982 5077 1077 5116 eorum
1101 5062 1246 5119 confirma·
1271 5061 1428 5133 pontificem
1454 5077 1488 5115 ac
1514 5060 1692 5115 mediatorem
1708 5059 1806 5116 lesum
1823 5059 1963 5117 Christum
1986 5067 2107 5137 ejusque

415 5146 472 5211 hat,
498 5145 560 5201 ideo
575 5143 628 5197 hoc
645 5146 774 5211 respectu
792 5144 929 5212 quaedam
946 5145 1142 5203 sacrificiorum
1162 5155 1191 5205 et
1203 5167 1245 5205 sa·
1271 5152 1473 5204 sacrosanctam
1497 5147 1651 5214 vicdmem,
1672 5164 1728 5219 qus
1751 5165 1781 5201 00
1805 5148 1895 5219 speum
1919 5151 2019 5204 obtolit
2038 5153 2105 5208 Deo

415 5236 616 5288 crementorum
642 5226 835 5283 convenientia
861 5233 945 5287 statui
974 5240 1080 5304 potest,
1106 5236 1180 5291 unde
1208 5238 1244 5292 D.
1270 5238 1300 5290 in
1329 5238 1443 5291 odorem
1468 5235 1556 5288 bonae
1585 5235 1748 5302 frapantiae
1772 5234 1843 5305 Eph.
1867 5239 1897 5303 5,
1924 5252 1949 5292 v.
1969 5241 1992 5292 2.
2018 5244 2105 5311 atque

414 5316 543 5373 Huuuius
570 5315 600 5370 iu
619 5321 697 5370 tract.
717 5314 753 5369 de
772 5330 886 5370 sacram.
905 5334 927 5372 c.
951 5324 972 5373 l.
991 5338 1017 5391 q.
1042 5326 1079 5376 15.
1098 5328 1245 5378 000100ιο-
1271 5322 1324 5378 hoc
1346 5322 1428 5376 unico
1454 5319 1589 5376 sacrificio
1612 5322 1757 5390 perfectos
1773 5321 1901 5374 reddidit
1919 5340 2028 5387 omnes,
2055 5328 2107 5395 qui

415 5405 482 5472 tuit,
511 5405 650 5471 desectum
678 5403 735 5456 siue
767 5404 921 5456 carentiam
950 5416 1188 5462 remuneratorum
1215 5411 1245 5463 in
1270 5407 1648 5477 sanctificanturHebr.10,
1667 5425 1692 5463 v.
1715 5412 1753 5462 11.
1785 5407 1815 5463 Si
1832 5406 1894 5479 quis
1905 5426 1969 5464 vero
1983 5409 2104 5481 dubitat,

410 5491 550 5560 patribus,
569 5490 619 5559 qni
635 5496 699 5542 arcte
718 5496 824 5558 etpost
843 5489 979 5544 diluoim
996 5510 1082 5561 usqae
1102 5498 1143 5548 ad
1154 5464 1307 5552 Abra-ian
1332 5494 1520 5550 Israilitarum
1541 5493 1658 5550 ecclesia
1674 5493 1727 5550 hoc
1745 5494 1908 5564 mysterium
1927 5495 2104 5569 intellexerit,

415 5579 526 5631 barnam
544 5578 678 5639 vicerant,
698 5575 869 5645 supplevisse
890 5579 999 5630 ratione
1019 5581 1090 5633 dicti
1101 5583 1178 5651 sistis,
1197 5584 1248 5651 qni
1271 5585 1297 5640 ei
1328 5599 1383 5636 non
1412 5581 1500 5635 solum
1528 5580 1659 5634 vaticinia
1677 5579 1838 5651 prophetica
1860 5580 1895 5635 de
1917 5581 2019 5638 Christi
2040 5601 2104 5656 pas·

415 5672 454 5717 est
471 5663 541 5725 (idei
558 5663 745 5727 eonfirnmtio,
763 5663 849 5715 ritum
867 5670 893 5715 et
912 5663 1015 5716 cssltnm
1032 5667 1245 5733 sacrificiorum,
1271 5670 1347 5725 sione
1365 5673 1393 5723 et
1409 5673 1505 5736 morte,
1524 5667 1682 5737 cumprimis
1699 5683 1763 5721 vero
1782 5667 2006 5737 apocalypticum
2024 5670 2104 5742 illud,

415 5749 464 5817 qui
479 5749 544 5816 jam
570 5749 636 5802 inde
652 5748 688 5801 ab
707 5748 814 5815 misine
834 5750 935 5802 mundi
950 5749 980 5803 in
1000 5752 1116 5806 ecclesia
1131 5764 1246 5822 patrum
1272 5757 1349 5827 011θά
1376 5771 1465 5824 apnas
1496 5755 1556 5808 Dei
1584 5753 1691 5808 occissis
1723 5754 1761 5806 sit
1789 5756 1823 5806 ab
1856 5756 1964 5821 oripine
1996 5760 2104 5827 mundi,

415 5834 537 5904 decrevit,
555 5840 585 5887 at
594 5834 693 5889 Abelis
708 5843 735 5889 et
748 5836 845 5891 Nouii
861 5837 984 5907 eaemplo
1002 5837 1095 5906 liquet
1126 5840 1168 5894 Ex
1186 5841 1246 5911 qui·
1272 5841 1387 5913 Apocal.
1410 5847 1454 5909 13,
1468 5857 1495 5897 v.
1513 5846 1537 5896 8.
1556 5840 1603 5895 scd
1624 5845 1652 5895 et
1669 5839 1827 5910 cumprimis
1846 5838 1915 5896 haec
1931 5840 2104 5901 theoremata

415 5922 467 5979 bus
489 5920 529 5977 sic
553 5919 723 5992 colligimus:
759 5921 789 5978 Si
811 5939 861 5995 per
882 5921 1017 5980 sacrificia
1039 5922 1073 5982 V.
1094 5924 1127 5981 T.
1146 5927 1245 5984 coufir-
1271 5926 1472 5984 condderanda
1497 5926 1689 5998 proponimus:
1724 5924 1866 5983 Noverunt
1891 5926 1930 5999 pii
1958 5928 2103 5988 Israelitis
