<?xml version="1.0" encoding="UTF-8"?>
<!DOCTYPE html PUBLIC "-//W3C//DTD XHTML 1.0 Transitional//EN"
    "http://www.w3.org/TR/xhtml1/DTD/xhtml1-transitional.dtd">
<html xmlns="http://www.w3.org/1999/xhtml" xml:lang="en" lang="en">
 <head>
  <title>
</title>
<meta http-equiv="Content-Type" content="text/html;charset=utf-8" />
  <meta name='ocr-system' content='tesseract 3.04.00' />
  <meta name='ocr-capabilities' content='ocr_page ocr_carea ocr_par ocr_line ocrx_word'/>
</head>
<body>
  <div class='ocr_page' id='page_1' title='image "./locitheologicit02gerhgoog/locitheologicit02gerhgoog_0202.png"; bbox 0 0 4800 6659; ppageno 0'>
   <div class='ocr_carea' id='block_1_1' title="bbox 940 589 1960 663">
    <p class='ocr_par' dir='ltr' id='par_1_1' title="bbox 940 589 1960 663">
     <span class='ocr_line' id='line_1_1' title="bbox 940 589 1960 663; baseline 0.015 -14"><span class='ocrx_word' id='word_1_1' title='bbox 940 593 993 650; x_wconf 84' lang='lat' dir='ltr'><strong><em>DE</em></strong></span> <span class='ocrx_word' id='word_1_2' title='bbox 1011 589 1284 650; x_wconf 64' lang='lat' dir='ltr'><strong><em>morasmoras,</em></strong></span> <span class='ocrx_word' id='word_1_3' title='bbox 1902 606 1960 663; x_wconf 82' lang='grc'><strong><em>193</em></strong></span> 
     </span>
    </p>
   </div>
   <div class='ocr_carea' id='block_1_2' title="bbox 216 736 2045 6011">
    <p class='ocr_par' dir='ltr' id='par_1_2' title="bbox 280 736 2045 1427">
     <span class='ocr_line' id='line_1_2' title="bbox 282 736 1962 820; baseline 0.008 -27"><span class='ocrx_word' id='word_1_4' title='bbox 282 736 390 801; x_wconf 82' lang='lat' dir='ltr'><strong><em>Quando</em></strong></span> <span class='ocrx_word' id='word_1_5' title='bbox 413 741 590 814; x_wconf 70' lang='lat' dir='ltr'>Augustinus</span> <span class='ocrx_word' id='word_1_6' title='bbox 615 745 696 814; x_wconf 89' lang='lat' dir='ltr'><strong><em>dicit,</em></strong></span> <span class='ocrx_word' id='word_1_7' title='bbox 720 748 750 803; x_wconf 92' lang='lat' dir='ltr'><strong><em>in</em></strong></span> <span class='ocrx_word' id='word_1_8' title='bbox 772 749 857 805; x_wconf 80' lang='lat' dir='ltr'><strong><em>verbo</em></strong></span> <span class='ocrx_word' id='word_1_9' title='bbox 876 757 904 808; x_wconf 88' lang='lat' dir='ltr'><strong><em>et</em></strong></span> <span class='ocrx_word' id='word_1_10' title='bbox 922 750 1101 807; x_wconf 85' lang='lat' dir='ltr'><strong><em>sacramentis</em></strong></span> <span class='ocrx_word' id='word_1_11' title='bbox 1129 764 1163 802; x_wconf 81' lang='lat' dir='ltr'><strong><em>eo</em></strong></span> <span class='ocrx_word' id='word_1_12' title='bbox 1179 766 1203 802; x_wconf 88' lang='lat' dir='ltr'><strong><em>e.</em></strong></span> <span class='ocrx_word' id='word_1_13' title='bbox 1221 751 1249 803; x_wconf 82' lang='lat'><strong><em>3.</em></strong></span> <span class='ocrx_word' id='word_1_14' title='bbox 1268 749 1393 805; x_wconf 82' lang='lat' dir='ltr'><strong><em>Jerem..·&#39;</em></strong></span> <span class='ocrx_word' id='word_1_15' title='bbox 1414 750 1563 818; x_wconf 71' lang='lat' dir='ltr'><strong><em>Propitius</em></strong></span> <span class='ocrx_word' id='word_1_16' title='bbox 1581 765 1629 804; x_wconf 90' lang='lat' dir='ltr'><strong><em>erc</em></strong></span> <span class='ocrx_word' id='word_1_17' title='bbox 1647 749 1841 820; x_wconf 70' lang='lat' dir='ltr'><strong><em>iniquitatibus</em></strong></span> <span class='ocrx_word' id='word_1_18' title='bbox 1859 769 1962 807; x_wconf 74' lang='lat' dir='ltr'><strong><em>eonem</em></strong></span> 
     </span>
     <span class='ocr_line' id='line_1_3' title="bbox 281 824 1962 907; baseline 0.005 -23"><span class='ocrx_word' id='word_1_19' title='bbox 281 824 308 879; x_wconf 80' lang='lat' dir='ltr'><strong><em>V.</em></strong></span> <span class='ocrx_word' id='word_1_20' title='bbox 323 825 355 881; x_wconf 88' lang='lat' dir='ltr'><strong><em>T.</em></strong></span> <span class='ocrx_word' id='word_1_21' title='bbox 378 827 466 886; x_wconf 79' lang='lat' dir='ltr'><strong><em>fuisse</em></strong></span> <span class='ocrx_word' id='word_1_22' title='bbox 488 833 632 888; x_wconf 82' lang='lat' dir='ltr'><strong><em>ceritatem</em></strong></span> <span class='ocrx_word' id='word_1_23' title='bbox 652 838 870 906; x_wconf 86' lang='lat' dir='ltr'><strong><em>promittentem,</em></strong></span> <span class='ocrx_word' id='word_1_24' title='bbox 893 839 922 894; x_wconf 93' lang='lat' dir='ltr'><strong><em>in</em></strong></span> <span class='ocrx_word' id='word_1_25' title='bbox 939 856 1010 895; x_wconf 86' lang='lat' dir='ltr'><strong><em>noso</em></strong></span> <span class='ocrx_word' id='word_1_26' title='bbox 1029 839 1102 893; x_wconf 84' lang='lat' dir='ltr'><strong><em>esln&#39;·</em></strong></span> <span class='ocrx_word' id='word_1_27' title='bbox 1127 832 1351 904; x_wconf 74' lang='lat' dir='ltr'>Respondemus:</span> <span class='ocrx_word' id='word_1_28' title='bbox 1384 835 1496 907; x_wconf 79' lang='lat' dir='ltr'>Ergone</span> <span class='ocrx_word' id='word_1_29' title='bbox 1513 840 1607 906; x_wconf 88' lang='lat' dir='ltr'><strong><em>patres</em></strong></span> <span class='ocrx_word' id='word_1_30' title='bbox 1625 833 1661 892; x_wconf 92' lang='lat' dir='ltr'><strong><em>V.</em></strong></span> <span class='ocrx_word' id='word_1_31' title='bbox 1678 835 1713 892; x_wconf 88' lang='lat' dir='ltr'><strong><em>T.</em></strong></span> <span class='ocrx_word' id='word_1_32' title='bbox 1731 853 1788 890; x_wconf 93' lang='lat' dir='ltr'><strong><em>non</em></strong></span> <span class='ocrx_word' id='word_1_33' title='bbox 1805 836 1962 893; x_wconf 88' lang='lat' dir='ltr'><strong><em>habuerunt</em></strong></span> 
     </span>
     <span class='ocr_line' id='line_1_4' title="bbox 281 911 2045 995; baseline 0.004 -22"><span class='ocrx_word' id='word_1_34' title='bbox 281 911 391 981; x_wconf 68' lang='lat' dir='ltr'><strong><em>ltnltmt</em></strong></span> <span class='ocrx_word' id='word_1_35' title='bbox 415 914 446 969; x_wconf 88' lang='lat' dir='ltr'><strong><em>in</em></strong></span> <span class='ocrx_word' id='word_1_36' title='bbox 468 918 556 974; x_wconf 85' lang='lat' dir='ltr'><strong><em>veteri</em></strong></span> <span class='ocrx_word' id='word_1_37' title='bbox 575 921 813 989; x_wconf 74' lang='lat' dir='ltr'><strong><em>significationem</em></strong></span> <span class='ocrx_word' id='word_1_38' title='bbox 829 926 1050 993; x_wconf 71' lang='lat' dir='ltr'><strong><em>promittentem,</em></strong></span> <span class='ocrx_word' id='word_1_39' title='bbox 1073 925 1103 979; x_wconf 93' lang='lat' dir='ltr'><strong><em>in</em></strong></span> <span class='ocrx_word' id='word_1_40' title='bbox 1128 921 1337 991; x_wconf 81' lang='lat' dir='ltr'><strong><em>promissionem</em></strong></span> <span class='ocrx_word' id='word_1_41' title='bbox 1358 922 1393 977; x_wconf 91' lang='lat' dir='ltr'><strong><em>de</em></strong></span> <span class='ocrx_word' id='word_1_42' title='bbox 1412 922 1572 978; x_wconf 75' lang='lat' dir='ltr'><strong><em>remissione</em></strong></span> <span class='ocrx_word' id='word_1_43' title='bbox 1593 928 1784 992; x_wconf 83' lang='lat' dir='ltr'><strong><em>peccatorum,</em></strong></span> <span class='ocrx_word' id='word_1_44' title='bbox 1810 923 1845 978; x_wconf 90' lang='lat' dir='ltr'><strong><em>de</em></strong></span> <span class='ocrx_word' id='word_1_45' title='bbox 1871 926 1963 995; x_wconf 85' lang='lat' dir='ltr'><strong><em>gratis</em></strong></span> <span class='ocrx_word' id='word_1_46' title='bbox 2042 948 2045 953; x_wconf 94' lang='lat'><em>·</em></span> 
     </span>
     <span class='ocr_line' id='line_1_5' title="bbox 280 1004 1961 1082; baseline 0.009 -33"><span class='ocrx_word' id='word_1_47' title='bbox 280 1012 340 1052; x_wconf 88' lang='lat' dir='ltr'><strong><em>noro</em></strong></span> <span class='ocrx_word' id='word_1_48' title='bbox 355 1015 402 1053; x_wconf 86' lang='lat' dir='ltr'><strong><em>res</em></strong></span> <span class='ocrx_word' id='word_1_49' title='bbox 418 1004 559 1075; x_wconf 67' lang='lat' dir='ltr'><strong><em>redonas,</em></strong></span> <span class='ocrx_word' id='word_1_50' title='bbox 578 1005 608 1059; x_wconf 90' lang='lat' dir='ltr'><strong><em>id</em></strong></span> <span class='ocrx_word' id='word_1_51' title='bbox 625 1006 755 1080; x_wconf 92' lang='lat' dir='ltr'><strong><em>intelligit</em></strong></span> <span class='ocrx_word' id='word_1_52' title='bbox 772 1009 807 1065; x_wconf 91' lang='lat' dir='ltr'><strong><em>de</em></strong></span> <span class='ocrx_word' id='word_1_53' title='bbox 824 1008 1021 1080; x_wconf 68' lang='lat' dir='ltr'><strong><em>incarnatione,</em></strong></span> <span class='ocrx_word' id='word_1_54' title='bbox 1039 1027 1102 1082; x_wconf 89' lang='lat' dir='ltr'><strong><em>pas·</em></strong></span> <span class='ocrx_word' id='word_1_55' title='bbox 1128 1006 1181 1061; x_wconf 91' lang='lat' dir='ltr'><strong><em>Dei</em></strong></span> <span class='ocrx_word' id='word_1_56' title='bbox 1208 1013 1237 1062; x_wconf 90' lang='lat' dir='ltr'><strong><em>et</em></strong></span> <span class='ocrx_word' id='word_1_57' title='bbox 1259 1009 1348 1063; x_wconf 88' lang='lat' dir='ltr'><strong><em>salute</em></strong></span> <span class='ocrx_word' id='word_1_58' title='bbox 1373 1007 1507 1064; x_wconf 82' lang='lat' dir='ltr'><strong><em>aeterna?</em></strong></span> <span class='ocrx_word' id='word_1_59' title='bbox 1543 1008 1614 1065; x_wconf 84' lang='lat' dir='ltr'><strong><em>Sane</em></strong></span> <span class='ocrx_word' id='word_1_60' title='bbox 1636 1008 1781 1078; x_wconf 76' lang='lat' dir='ltr'><strong><em>promissio</em></strong></span> <span class='ocrx_word' id='word_1_61' title='bbox 1806 1009 1842 1063; x_wconf 92' lang='lat' dir='ltr'><strong><em>de</em></strong></span> <span class='ocrx_word' id='word_1_62' title='bbox 1867 1010 1961 1064; x_wconf 89' lang='lat' dir='ltr'><strong><em>remis·</em></strong></span> 
     </span>
     <span class='ocr_line' id='line_1_6' title="bbox 281 1083 1961 1168; baseline 0.008 -32"><span class='ocrx_word' id='word_1_63' title='bbox 281 1083 345 1139; x_wconf 91' lang='lat' dir='ltr'><strong><em>sione</em></strong></span> <span class='ocrx_word' id='word_1_64' title='bbox 369 1089 398 1141; x_wconf 90' lang='lat' dir='ltr'><strong><em>et</em></strong></span> <span class='ocrx_word' id='word_1_65' title='bbox 422 1095 510 1145; x_wconf 87' lang='lat' dir='ltr'><strong><em>morte</em></strong></span> <span class='ocrx_word' id='word_1_66' title='bbox 529 1088 643 1161; x_wconf 79' lang='lat' dir='ltr'><strong><em>Christi,</em></strong></span> <span class='ocrx_word' id='word_1_67' title='bbox 669 1094 794 1166; x_wconf 88' lang='lat' dir='ltr'><strong><em>adeoque</em></strong></span> <span class='ocrx_word' id='word_1_68' title='bbox 817 1101 875 1152; x_wconf 89' lang='lat' dir='ltr'><strong><em>toto</em></strong></span> <span class='ocrx_word' id='word_1_69' title='bbox 892 1114 976 1168; x_wconf 89' lang='lat' dir='ltr'><strong><em>opere</em></strong></span> <span class='ocrx_word' id='word_1_70' title='bbox 995 1097 1101 1153; x_wconf 88' lang='lat' dir='ltr'><strong><em>redem·</em></strong></span> <span class='ocrx_word' id='word_1_71' title='bbox 1128 1093 1206 1148; x_wconf 90' lang='lat' dir='ltr'><strong><em>sione</em></strong></span> <span class='ocrx_word' id='word_1_72' title='bbox 1232 1100 1408 1165; x_wconf 88' lang='lat' dir='ltr'><strong><em>peecatorum</em></strong></span> <span class='ocrx_word' id='word_1_73' title='bbox 1434 1099 1477 1149; x_wconf 90' lang='lat' dir='ltr'><strong><em>est</em></strong></span> <span class='ocrx_word' id='word_1_74' title='bbox 1498 1093 1665 1149; x_wconf 89' lang='lat' dir='ltr'><strong><em>beneficium</em></strong></span> <span class='ocrx_word' id='word_1_75' title='bbox 1684 1095 1719 1152; x_wconf 89' lang='lat' dir='ltr'><strong><em>N.</em></strong></span> <span class='ocrx_word' id='word_1_76' title='bbox 1738 1094 1771 1148; x_wconf 87' lang='lat' dir='ltr'><strong><em>T.</em></strong></span> <span class='ocrx_word' id='word_1_77' title='bbox 1793 1095 1902 1150; x_wconf 85' lang='lat' dir='ltr'><strong><em>interim</em></strong></span> <span class='ocrx_word' id='word_1_78' title='bbox 1921 1102 1961 1150; x_wconf 89' lang='lat' dir='ltr'><strong><em>ta·</em></strong></span> 
     </span>
     <span class='ocr_line' id='line_1_7' title="bbox 281 1169 1961 1254; baseline 0.009 -31"><span class='ocrx_word' id='word_1_79' title='bbox 281 1169 350 1224; x_wconf 90' lang='lat' dir='ltr'><strong><em>tionis</em></strong></span> <span class='ocrx_word' id='word_1_80' title='bbox 370 1188 388 1226; x_wconf 87' lang='lat' dir='ltr'><strong><em>s</em></strong></span> <span class='ocrx_word' id='word_1_81' title='bbox 405 1171 517 1231; x_wconf 79' lang='lat' dir='ltr'><strong><em>Christo</em></strong></span> <span class='ocrx_word' id='word_1_82' title='bbox 534 1179 696 1250; x_wconf 73' lang='lat' dir='ltr'><strong><em>praestitae,</em></strong></span> <span class='ocrx_word' id='word_1_83' title='bbox 722 1198 898 1254; x_wconf 88' lang='lat' dir='ltr'><strong><em>nequaquam</em></strong></span> <span class='ocrx_word' id='word_1_84' title='bbox 915 1200 980 1239; x_wconf 83' lang='lat' dir='ltr'><strong><em>vero</em></strong></span> <span class='ocrx_word' id='word_1_85' title='bbox 996 1184 1032 1239; x_wconf 91' lang='lat' dir='ltr'><strong><em>de</em></strong></span> <span class='ocrx_word' id='word_1_86' title='bbox 1048 1183 1101 1237; x_wconf 88' lang='lat' dir='ltr'><strong><em>vir-</em></strong></span> <span class='ocrx_word' id='word_1_87' title='bbox 1128 1196 1191 1234; x_wconf 92' lang='lat' dir='ltr'><strong><em>men</em></strong></span> <span class='ocrx_word' id='word_1_88' title='bbox 1212 1181 1337 1251; x_wconf 90' lang='lat' dir='ltr'><strong><em>patribus</em></strong></span> <span class='ocrx_word' id='word_1_89' title='bbox 1355 1181 1390 1238; x_wconf 90' lang='lat' dir='ltr'><strong><em>V.</em></strong></span> <span class='ocrx_word' id='word_1_90' title='bbox 1407 1181 1441 1235; x_wconf 92' lang='lat' dir='ltr'><strong><em>T.</em></strong></span> <span class='ocrx_word' id='word_1_91' title='bbox 1460 1197 1493 1237; x_wconf 87' lang='lat' dir='ltr'><strong><em>es</em></strong></span> <span class='ocrx_word' id='word_1_92' title='bbox 1509 1199 1565 1236; x_wconf 92' lang='lat' dir='ltr'><strong><em>non</em></strong></span> <span class='ocrx_word' id='word_1_93' title='bbox 1581 1188 1625 1236; x_wconf 89' lang='lat' dir='ltr'><strong><em>est</em></strong></span> <span class='ocrx_word' id='word_1_94' title='bbox 1640 1181 1812 1252; x_wconf 86' lang='lat' dir='ltr'><strong><em>deneganda</em></strong></span> <span class='ocrx_word' id='word_1_95' title='bbox 1840 1180 1961 1238; x_wconf 89' lang='lat' dir='ltr'><strong><em>Proinde</em></strong></span> 
     </span>
     <span class='ocr_line' id='line_1_8' title="bbox 281 1262 1960 1342; baseline 0.004 -24"><span class='ocrx_word' id='word_1_96' title='bbox 281 1262 328 1311; x_wconf 64' lang='lat' dir='ltr'><strong><em>luit</em></strong></span> <span class='ocrx_word' id='word_1_97' title='bbox 350 1264 379 1312; x_wconf 75' lang='lat' dir='ltr'><strong><em>et</em></strong></span> <span class='ocrx_word' id='word_1_98' title='bbox 402 1262 495 1331; x_wconf 62' lang='lat' dir='ltr'><strong><em>mtia</em></strong></span> <span class='ocrx_word' id='word_1_99' title='bbox 521 1263 717 1320; x_wconf 88' lang='lat' dir='ltr'><strong><em>incarnationis</em></strong></span> <span class='ocrx_word' id='word_1_100' title='bbox 740 1284 774 1323; x_wconf 88' lang='lat' dir='ltr'><strong><em>ac</em></strong></span> <span class='ocrx_word' id='word_1_101' title='bbox 796 1268 986 1334; x_wconf 86' lang='lat' dir='ltr'><strong><em>redemtionis,</em></strong></span> <span class='ocrx_word' id='word_1_102' title='bbox 1018 1288 1102 1342; x_wconf 89' lang='lat' dir='ltr'><strong><em>quam</em></strong></span> <span class='ocrx_word' id='word_1_103' title='bbox 1128 1266 1253 1335; x_wconf 83' lang='lat' dir='ltr'><strong><em>quamvis</em></strong></span> <span class='ocrx_word' id='word_1_104' title='bbox 1277 1267 1313 1324; x_wconf 93' lang='lat' dir='ltr'><strong><em>V.</em></strong></span> <span class='ocrx_word' id='word_1_105' title='bbox 1335 1267 1367 1324; x_wconf 94' lang='lat' dir='ltr'><strong><em>T.</em></strong></span> <span class='ocrx_word' id='word_1_106' title='bbox 1395 1285 1451 1323; x_wconf 92' lang='lat' dir='ltr'><strong><em>non</em></strong></span> <span class='ocrx_word' id='word_1_107' title='bbox 1476 1267 1606 1323; x_wconf 89' lang='lat' dir='ltr'><strong><em>habuerit</em></strong></span> <span class='ocrx_word' id='word_1_108' title='bbox 1627 1267 1835 1338; x_wconf 86' lang='lat' dir='ltr'><strong><em>promissionem</em></strong></span> <span class='ocrx_word' id='word_1_109' title='bbox 1859 1268 1895 1323; x_wconf 90' lang='lat' dir='ltr'><strong><em>de</em></strong></span> <span class='ocrx_word' id='word_1_110' title='bbox 1919 1285 1960 1324; x_wconf 89' lang='lat' dir='ltr'><strong><em>re·</em></strong></span> 
     </span>
     <span class='ocr_line' id='line_1_9' title="bbox 281 1345 1957 1427; baseline 0.007 -31"><span class='ocrx_word' id='word_1_111' title='bbox 281 1349 342 1396; x_wconf 80' lang='lat' dir='ltr'><strong><em>arte</em></strong></span> <span class='ocrx_word' id='word_1_112' title='bbox 364 1345 450 1414; x_wconf 90' lang='lat' dir='ltr'><strong><em>justis</em></strong></span> <span class='ocrx_word' id='word_1_113' title='bbox 474 1348 504 1403; x_wconf 92' lang='lat' dir='ltr'><strong><em>in</em></strong></span> <span class='ocrx_word' id='word_1_114' title='bbox 528 1349 563 1406; x_wconf 92' lang='lat' dir='ltr'><strong><em>V.</em></strong></span> <span class='ocrx_word' id='word_1_115' title='bbox 587 1349 620 1405; x_wconf 90' lang='lat' dir='ltr'><strong><em>T.</em></strong></span> <span class='ocrx_word' id='word_1_116' title='bbox 648 1351 798 1409; x_wconf 86' lang='lat' dir='ltr'><strong><em>exhibitam</em></strong></span> <span class='ocrx_word' id='word_1_117' title='bbox 823 1370 884 1411; x_wconf 90' lang='lat' dir='ltr'><strong><em>esse</em></strong></span> <span class='ocrx_word' id='word_1_118' title='bbox 911 1356 1007 1427; x_wconf 88' lang='lat' dir='ltr'><strong><em>negari</em></strong></span> <span class='ocrx_word' id='word_1_119' title='bbox 1025 1356 1102 1411; x_wconf 87' lang='lat' dir='ltr'><strong><em>nulla</em></strong></span> <span class='ocrx_word' id='word_1_120' title='bbox 1128 1350 1257 1407; x_wconf 85' lang='lat' dir='ltr'><strong><em>missione</em></strong></span> <span class='ocrx_word' id='word_1_121' title='bbox 1275 1359 1466 1424; x_wconf 88' lang='lat' dir='ltr'><strong><em>peecatorum,</em></strong></span> <span class='ocrx_word' id='word_1_122' title='bbox 1491 1355 1576 1409; x_wconf 92' lang='lat' dir='ltr'><strong><em>nihilo</em></strong></span> <span class='ocrx_word' id='word_1_123' title='bbox 1593 1361 1686 1409; x_wconf 87' lang='lat' dir='ltr'><strong><em>tamen</em></strong></span> <span class='ocrx_word' id='word_1_124' title='bbox 1705 1354 1796 1409; x_wconf 92' lang='lat' dir='ltr'><strong><em>minus</em></strong></span> <span class='ocrx_word' id='word_1_125' title='bbox 1815 1354 1957 1409; x_wconf 85' lang='lat' dir='ltr'><strong><em>circumci-</em></strong></span> 
     </span>
    </p>

    <p class='ocr_par' dir='ltr' id='par_1_3' title="bbox 216 1429 1962 4716">
     <span class='ocr_line' id='line_1_10' title="bbox 216 1429 1958 1517; baseline 0.006 -34"><span class='ocrx_word' id='word_1_126' title='bbox 216 1508 222 1517; x_wconf 18' lang='grc' dir='ltr'><strong>ἦ</strong></span> <span class='ocrx_word' id='word_1_127' title='bbox 281 1429 392 1485; x_wconf 78' lang='lat' dir='ltr'><strong><em>tulistis</em></strong></span> <span class='ocrx_word' id='word_1_128' title='bbox 422 1435 514 1505; x_wconf 76' lang='lat' dir='ltr'><strong><em>specie</em></strong></span> <span class='ocrx_word' id='word_1_129' title='bbox 539 1443 639 1509; x_wconf 70' lang='lat' dir='ltr'><strong><em>potest,</em></strong></span> <span class='ocrx_word' id='word_1_130' title='bbox 686 1441 895 1496; x_wconf 60' lang='lat' dir='ltr'><strong><em>observandum</em></strong></span> <span class='ocrx_word' id='word_1_131' title='bbox 922 1451 975 1507; x_wconf 58' lang='lat' dir='ltr'><strong><em>err,</em></strong></span> <span class='ocrx_word' id='word_1_132' title='bbox 1012 1444 1103 1516; x_wconf 80' lang='lat' dir='ltr'><strong><em>inquit</em></strong></span> <span class='ocrx_word' id='word_1_133' title='bbox 1127 1437 1168 1491; x_wconf 91' lang='lat' dir='ltr'><strong><em>sio</em></strong></span> <span class='ocrx_word' id='word_1_134' title='bbox 1184 1436 1219 1493; x_wconf 91' lang='lat' dir='ltr'><strong><em>V.</em></strong></span> <span class='ocrx_word' id='word_1_135' title='bbox 1236 1437 1270 1495; x_wconf 90' lang='lat' dir='ltr'><strong><em>T.</em></strong></span> <span class='ocrx_word' id='word_1_136' title='bbox 1297 1444 1421 1510; x_wconf 89' lang='lat' dir='ltr'><strong><em>tempore</em></strong></span> <span class='ocrx_word' id='word_1_137' title='bbox 1444 1439 1499 1495; x_wconf 88' lang='lat' dir='ltr'><strong><em>fuit</em></strong></span> <span class='ocrx_word' id='word_1_138' title='bbox 1522 1440 1621 1495; x_wconf 82' lang='lat' dir='ltr'><strong><em>efficax</em></strong></span> <span class='ocrx_word' id='word_1_139' title='bbox 1645 1440 1780 1510; x_wconf 90' lang='lat' dir='ltr'><strong><em>medium,</em></strong></span> <span class='ocrx_word' id='word_1_140' title='bbox 1807 1458 1857 1511; x_wconf 88' lang='lat' dir='ltr'><strong><em>per</em></strong></span> <span class='ocrx_word' id='word_1_141' title='bbox 1883 1440 1958 1511; x_wconf 88' lang='lat' dir='ltr'><strong><em>quod</em></strong></span> 
     </span>
     <span class='ocr_line' id='line_1_11' title="bbox 280 1513 1958 1600; baseline 0.005 -29"><span class='ocrx_word' id='word_1_142' title='bbox 280 1513 458 1585; x_wconf 73' lang='lat' dir='ltr'><strong><em>Chemuieius,</em></strong></span> <span class='ocrx_word' id='word_1_143' title='bbox 488 1523 540 1578; x_wconf 83' lang='lat' dir='ltr'><strong><em>isse</em></strong></span> <span class='ocrx_word' id='word_1_144' title='bbox 565 1527 730 1593; x_wconf 75' lang='lat' dir='ltr'><strong><em>discrimen,</em></strong></span> <span class='ocrx_word' id='word_1_145' title='bbox 760 1531 838 1599; x_wconf 71' lang='lat' dir='ltr'><strong><em>praed</em></strong></span> <span class='ocrx_word' id='word_1_146' title='bbox 865 1531 940 1584; x_wconf 81' lang='lat' dir='ltr'><strong><em>idem</em></strong></span> <span class='ocrx_word' id='word_1_147' title='bbox 969 1531 1101 1600; x_wconf 80' lang='lat' dir='ltr'><strong><em>Otr-istus,</em></strong></span> <span class='ocrx_word' id='word_1_148' title='bbox 1128 1525 1271 1594; x_wconf 86' lang='lat' dir='ltr'><strong><em>promissio</em></strong></span> <span class='ocrx_word' id='word_1_149' title='bbox 1289 1526 1324 1581; x_wconf 90' lang='lat' dir='ltr'><strong><em>de</em></strong></span> <span class='ocrx_word' id='word_1_150' title='bbox 1341 1528 1464 1598; x_wconf 85' lang='lat' dir='ltr'><strong><em>gratuita</em></strong></span> <span class='ocrx_word' id='word_1_151' title='bbox 1480 1528 1640 1598; x_wconf 83' lang='lat' dir='ltr'><strong><em>remissione</em></strong></span> <span class='ocrx_word' id='word_1_152' title='bbox 1654 1526 1896 1598; x_wconf 85' lang='lat' dir='ltr'><strong><em>peccatorumiuit</em></strong></span> <span class='ocrx_word' id='word_1_153' title='bbox 1910 1525 1958 1580; x_wconf 89' lang='lat' dir='ltr'><strong><em>ob-</em></strong></span> 
     </span>
     <span class='ocr_line' id='line_1_12' title="bbox 278 1601 1961 1685; baseline 0.007 -29"><span class='ocrx_word' id='word_1_154' title='bbox 278 1601 331 1657; x_wconf 85' lang='lat' dir='ltr'><strong><em>iicet</em></strong></span> <span class='ocrx_word' id='word_1_155' title='bbox 355 1605 443 1660; x_wconf 66' lang='lat' dir='ltr'><strong><em>almer</em></strong></span> <span class='ocrx_word' id='word_1_156' title='bbox 465 1610 548 1663; x_wconf 84' lang='lat' dir='ltr'><strong><em>serbo</em></strong></span> <span class='ocrx_word' id='word_1_157' title='bbox 569 1618 595 1664; x_wconf 91' lang='lat' dir='ltr'><strong><em>et</em></strong></span> <span class='ocrx_word' id='word_1_158' title='bbox 613 1615 797 1669; x_wconf 77' lang='lat' dir='ltr'><strong><em>sacramentis</em></strong></span> <span class='ocrx_word' id='word_1_159' title='bbox 815 1616 846 1669; x_wconf 87' lang='lat' dir='ltr'><strong><em>in</em></strong></span> <span class='ocrx_word' id='word_1_160' title='bbox 870 1617 898 1671; x_wconf 88' lang='lat' dir='ltr'><strong><em>V.</em></strong></span> <span class='ocrx_word' id='word_1_161' title='bbox 920 1619 952 1671; x_wconf 89' lang='lat' dir='ltr'><strong><em>T.</em></strong></span> <span class='ocrx_word' id='word_1_162' title='bbox 970 1625 1102 1672; x_wconf 81' lang='lat' dir='ltr'><strong><em>uenturus</em></strong></span> <span class='ocrx_word' id='word_1_163' title='bbox 1128 1609 1240 1682; x_wconf 79' lang='lat' dir='ltr'><strong><em>signata</em></strong></span> <span class='ocrx_word' id='word_1_164' title='bbox 1265 1619 1293 1668; x_wconf 93' lang='lat' dir='ltr'><strong><em>et</em></strong></span> <span class='ocrx_word' id='word_1_165' title='bbox 1314 1612 1444 1669; x_wconf 89' lang='lat' dir='ltr'><strong><em>fidelibus</em></strong></span> <span class='ocrx_word' id='word_1_166' title='bbox 1468 1615 1624 1685; x_wconf 83' lang='lat' dir='ltr'><strong><em>applicata,</em></strong></span> <span class='ocrx_word' id='word_1_167' title='bbox 1650 1631 1682 1669; x_wconf 90' lang='lat' dir='ltr'><strong><em>eo</em></strong></span> <span class='ocrx_word' id='word_1_168' title='bbox 1700 1614 1774 1669; x_wconf 90' lang='lat' dir='ltr'><strong><em>enim</em></strong></span> <span class='ocrx_word' id='word_1_169' title='bbox 1792 1631 1874 1669; x_wconf 91' lang='lat' dir='ltr'><strong><em>sensu</em></strong></span> <span class='ocrx_word' id='word_1_170' title='bbox 1893 1614 1961 1669; x_wconf 88' lang='lat' dir='ltr'><strong><em>dici·</em></strong></span> 
     </span>
     <span class='ocr_line' id='line_1_13' title="bbox 274 1694 1961 1771; baseline 0.004 -24"><span class='ocrx_word' id='word_1_171' title='bbox 274 1694 484 1757; x_wconf 80' lang='lat' dir='ltr'><strong><em>prsenuntiatus</em></strong></span> <span class='ocrx_word' id='word_1_172' title='bbox 500 1697 593 1762; x_wconf 79' lang='lat' dir='ltr'><strong><em>fuerit</em></strong></span> <span class='ocrx_word' id='word_1_173' title='bbox 612 1707 639 1752; x_wconf 87' lang='lat' dir='ltr'><strong><em>et</em></strong></span> <span class='ocrx_word' id='word_1_174' title='bbox 655 1700 815 1768; x_wconf 73' lang='lat' dir='ltr'><strong><em>mysterium</em></strong></span> <span class='ocrx_word' id='word_1_175' title='bbox 832 1703 1013 1758; x_wconf 82' lang='lat' dir='ltr'><strong><em>redemtionis</em></strong></span> <span class='ocrx_word' id='word_1_176' title='bbox 1030 1721 1102 1756; x_wconf 90' lang='lat' dir='ltr'><strong><em>com·</em></strong></span> <span class='ocrx_word' id='word_1_177' title='bbox 1128 1703 1175 1751; x_wconf 87' lang='lat' dir='ltr'><strong><em>tur</em></strong></span> <span class='ocrx_word' id='word_1_178' title='bbox 1191 1698 1366 1770; x_wconf 75' lang='lat' dir='ltr'><strong><em>signaculum</em></strong></span> <span class='ocrx_word' id='word_1_179' title='bbox 1382 1701 1507 1771; x_wconf 86' lang='lat' dir='ltr'><strong><em>justitiae</em></strong></span> <span class='ocrx_word' id='word_1_180' title='bbox 1524 1700 1602 1769; x_wconf 89' lang='lat' dir='ltr'><strong><em>fidei,</em></strong></span> <span class='ocrx_word' id='word_1_181' title='bbox 1625 1700 1705 1755; x_wconf 89' lang='lat' dir='ltr'><strong><em>Rom.</em></strong></span> <span class='ocrx_word' id='word_1_182' title='bbox 1724 1706 1755 1770; x_wconf 80' lang='lat' dir='ltr'><strong><em>t,</em></strong></span> <span class='ocrx_word' id='word_1_183' title='bbox 1777 1719 1804 1758; x_wconf 87' lang='lat' dir='ltr'><strong><em>v.</em></strong></span> <span class='ocrx_word' id='word_1_184' title='bbox 1827 1707 1865 1757; x_wconf 93' lang='lat' dir='ltr'><strong><em>ll.</em></strong></span> <span class='ocrx_word' id='word_1_185' title='bbox 1885 1701 1961 1755; x_wconf 89' lang='lat' dir='ltr'><strong><em>illam</em></strong></span> 
     </span>
     <span class='ocr_line' id='line_1_14' title="bbox 273 1777 1960 1856; baseline 0.008 -26"><span class='ocrx_word' id='word_1_186' title='bbox 273 1777 419 1847; x_wconf 64' lang='lat' dir='ltr'><strong><em>piendum</em></strong></span> <span class='ocrx_word' id='word_1_187' title='bbox 440 1780 526 1835; x_wconf 70' lang='lat' dir='ltr'><strong><em>alim</em></strong></span> <span class='ocrx_word' id='word_1_188' title='bbox 542 1800 608 1837; x_wconf 84' lang='lat' dir='ltr'><strong><em>sero</em></strong></span> <span class='ocrx_word' id='word_1_189' title='bbox 625 1787 708 1840; x_wconf 83' lang='lat' dir='ltr'><strong><em>rerba</em></strong></span> <span class='ocrx_word' id='word_1_190' title='bbox 726 1795 752 1841; x_wconf 91' lang='lat' dir='ltr'><strong><em>et</em></strong></span> <span class='ocrx_word' id='word_1_191' title='bbox 770 1791 955 1843; x_wconf 83' lang='lat' dir='ltr'><strong><em>sacramentis</em></strong></span> <span class='ocrx_word' id='word_1_192' title='bbox 972 1791 1003 1843; x_wconf 87' lang='lat' dir='ltr'><strong><em>in</em></strong></span> <span class='ocrx_word' id='word_1_193' title='bbox 1016 1791 1048 1844; x_wconf 85' lang='lat' dir='ltr'><strong>N</strong></span> <span class='ocrx_word' id='word_1_194' title='bbox 1070 1792 1101 1843; x_wconf 87' lang='lat' dir='ltr'><strong><em>T.</em></strong></span> <span class='ocrx_word' id='word_1_195' title='bbox 1128 1790 1220 1840; x_wconf 84' lang='lat' dir='ltr'><strong><em>autem</em></strong></span> <span class='ocrx_word' id='word_1_196' title='bbox 1244 1785 1396 1841; x_wconf 75' lang='lat' dir='ltr'><strong><em>eflimciam</em></strong></span> <span class='ocrx_word' id='word_1_197' title='bbox 1421 1805 1476 1842; x_wconf 91' lang='lat' dir='ltr'><strong><em>non</em></strong></span> <span class='ocrx_word' id='word_1_198' title='bbox 1498 1786 1595 1842; x_wconf 87' lang='lat' dir='ltr'><strong><em>habuit</em></strong></span> <span class='ocrx_word' id='word_1_199' title='bbox 1613 1803 1646 1842; x_wconf 88' lang='lat' dir='ltr'><strong><em>ex</em></strong></span> <span class='ocrx_word' id='word_1_200' title='bbox 1664 1786 1698 1842; x_wconf 88' lang='lat' dir='ltr'><strong>T.</strong></span> <span class='ocrx_word' id='word_1_201' title='bbox 1718 1787 1768 1853; x_wconf 74' lang='lat' dir='ltr'><strong><em>V..</em></strong></span> <span class='ocrx_word' id='word_1_202' title='bbox 1792 1788 1841 1844; x_wconf 91' lang='lat' dir='ltr'><strong><em>sed</em></strong></span> <span class='ocrx_word' id='word_1_203' title='bbox 1863 1804 1897 1842; x_wconf 85' lang='lat' dir='ltr'><strong><em>ex</em></strong></span> <span class='ocrx_word' id='word_1_204' title='bbox 1916 1787 1960 1856; x_wconf 79' lang='lat' dir='ltr'><strong><em>N,</em></strong></span> 
     </span>
     <span class='ocr_line' id='line_1_15' title="bbox 275 1860 1960 1945; baseline 0.007 -30"><span class='ocrx_word' id='word_1_205' title='bbox 275 1860 398 1917; x_wconf 59' lang='lat' dir='ltr'><strong><em>Cinnas</em></strong></span> <span class='ocrx_word' id='word_1_206' title='bbox 416 1869 599 1924; x_wconf 78' lang='lat' dir='ltr'><strong><em>annuntietur</em></strong></span> <span class='ocrx_word' id='word_1_207' title='bbox 617 1873 752 1928; x_wconf 76' lang='lat' dir='ltr'><strong><em>exhibitus</em></strong></span> <span class='ocrx_word' id='word_1_208' title='bbox 773 1883 799 1928; x_wconf 93' lang='lat' dir='ltr'><strong><em>et</em></strong></span> <span class='ocrx_word' id='word_1_209' title='bbox 817 1877 977 1944; x_wconf 75' lang='lat' dir='ltr'><strong><em>mysterium</em></strong></span> <span class='ocrx_word' id='word_1_210' title='bbox 995 1880 1102 1931; x_wconf 80' lang='lat' dir='ltr'><strong><em>redem-</em></strong></span> <span class='ocrx_word' id='word_1_211' title='bbox 1127 1869 1156 1924; x_wconf 88' lang='lat' dir='ltr'><strong><em>iu</em></strong></span> <span class='ocrx_word' id='word_1_212' title='bbox 1174 1889 1230 1943; x_wconf 91' lang='lat' dir='ltr'><strong><em>quo</em></strong></span> <span class='ocrx_word' id='word_1_213' title='bbox 1249 1873 1358 1928; x_wconf 89' lang='lat' dir='ltr'><strong><em>demum</em></strong></span> <span class='ocrx_word' id='word_1_214' title='bbox 1372 1872 1498 1928; x_wconf 85' lang='lat' dir='ltr'><strong><em>Christus</em></strong></span> <span class='ocrx_word' id='word_1_215' title='bbox 1511 1875 1650 1945; x_wconf 87' lang='lat' dir='ltr'><strong><em>justitiam</em></strong></span> <span class='ocrx_word' id='word_1_216' title='bbox 1667 1878 1808 1929; x_wconf 80' lang='lat' dir='ltr'><strong><em>aeternam</em></strong></span> <span class='ocrx_word' id='word_1_217' title='bbox 1825 1874 1960 1929; x_wconf 84' lang='lat' dir='ltr'><strong><em>adductu-</em></strong></span> 
     </span>
     <span class='ocr_line' id='line_1_16' title="bbox 272 1950 1959 2036; baseline 0.007 -34"><span class='ocrx_word' id='word_1_218' title='bbox 272 1950 353 2003; x_wconf 85' lang='lat' dir='ltr'><strong><em>tionis</em></strong></span> <span class='ocrx_word' id='word_1_219' title='bbox 385 1954 567 2025; x_wconf 60' lang='lat' dir='ltr'><strong><em>completum·</em></strong></span> <span class='ocrx_word' id='word_1_220' title='bbox 601 1958 690 2012; x_wconf 79' lang='lat' dir='ltr'><strong><em>circus</em></strong></span> <span class='ocrx_word' id='word_1_221' title='bbox 719 1969 812 2015; x_wconf 76' lang='lat' dir='ltr'><strong><em>samen</em></strong></span> <span class='ocrx_word' id='word_1_222' title='bbox 845 1964 1048 2018; x_wconf 63' lang='lat' dir='ltr'><strong><em>incarnacionis</em></strong></span> <span class='ocrx_word' id='word_1_223' title='bbox 1077 1971 1103 2016; x_wconf 77' lang='lat' dir='ltr'><strong><em>ee</em></strong></span> <span class='ocrx_word' id='word_1_224' title='bbox 1128 1974 1174 2010; x_wconf 89' lang='lat' dir='ltr'><strong><em>rus</em></strong></span> <span class='ocrx_word' id='word_1_225' title='bbox 1196 1965 1269 2030; x_wconf 87' lang='lat' dir='ltr'><strong><em>erat;</em></strong></span> <span class='ocrx_word' id='word_1_226' title='bbox 1293 1959 1395 2014; x_wconf 89' lang='lat' dir='ltr'><strong><em>dieitur</em></strong></span> <span class='ocrx_word' id='word_1_227' title='bbox 1418 1966 1511 2016; x_wconf 87' lang='lat' dir='ltr'><strong><em>tamen</em></strong></span> <span class='ocrx_word' id='word_1_228' title='bbox 1533 1968 1563 2016; x_wconf 88' lang='lat' dir='ltr'><strong><em>et</em></strong></span> <span class='ocrx_word' id='word_1_229' title='bbox 1578 1968 1623 2036; x_wconf 71' lang='lat' dir='ltr'><strong><em>pst</em></strong></span> <span class='ocrx_word' id='word_1_230' title='bbox 1641 1961 1675 2018; x_wconf 88' lang='lat' dir='ltr'><strong>V.</strong></span> <span class='ocrx_word' id='word_1_231' title='bbox 1694 1961 1728 2017; x_wconf 92' lang='lat' dir='ltr'><strong>T.</strong></span> <span class='ocrx_word' id='word_1_232' title='bbox 1748 1967 1959 2028; x_wconf 88' lang='lat' dir='ltr'><strong><em>sacramentum,</em></strong></span> 
     </span>
     <span class='ocr_line' id='line_1_17' title="bbox 270 2036 1959 2118; baseline 0.006 -30"><span class='ocrx_word' id='word_1_233' title='bbox 270 2036 450 2092; x_wconf 80' lang='lat' dir='ltr'><strong><em>redemtionis</em></strong></span> <span class='ocrx_word' id='word_1_234' title='bbox 468 2038 577 2096; x_wconf 77' lang='lat' dir='ltr'><strong><em>Christi</em></strong></span> <span class='ocrx_word' id='word_1_235' title='bbox 593 2052 633 2097; x_wconf 89' lang='lat' dir='ltr'><strong><em>est</em></strong></span> <span class='ocrx_word' id='word_1_236' title='bbox 654 2048 768 2117; x_wconf 83' lang='lat' dir='ltr'><strong><em>eadem,·</em></strong></span> <span class='ocrx_word' id='word_1_237' title='bbox 788 2051 887 2103; x_wconf 76' lang='lat' dir='ltr'><strong><em>mdem</em></strong></span> <span class='ocrx_word' id='word_1_238' title='bbox 904 2051 988 2104; x_wconf 87' lang='lat' dir='ltr'><strong><em>etiam</em></strong></span> <span class='ocrx_word' id='word_1_239' title='bbox 1006 2051 1102 2118; x_wconf 79' lang='lat' dir='ltr'><strong><em>pratia</em></strong></span> <span class='ocrx_word' id='word_1_240' title='bbox 1127 2050 1264 2115; x_wconf 82' lang='lat' dir='ltr'><strong><em>quatenns</em></strong></span> <span class='ocrx_word' id='word_1_241' title='bbox 1282 2045 1422 2101; x_wconf 86' lang='lat' dir='ltr'><strong><em>Christum</em></strong></span> <span class='ocrx_word' id='word_1_242' title='bbox 1439 2053 1584 2103; x_wconf 85' lang='lat' dir='ltr'><strong><em>venturum</em></strong></span> <span class='ocrx_word' id='word_1_243' title='bbox 1601 2046 1776 2117; x_wconf 86' lang='lat' dir='ltr'><strong><em>respiciebat.</em></strong></span> <span class='ocrx_word' id='word_1_244' title='bbox 1815 2049 1842 2103; x_wconf 89' lang='lat'><strong><em>2.</em></strong></span> <span class='ocrx_word' id='word_1_245' title='bbox 1862 2048 1959 2114; x_wconf 79' lang='lat' dir='ltr'><strong><em>Aspu-</em></strong></span> 
     </span>
     <span class='ocr_line' id='line_1_18' title="bbox 269 2124 1958 2204; baseline 0.004 -25"><span class='ocrx_word' id='word_1_246' title='bbox 269 2124 308 2175; x_wconf 75' lang='lat' dir='ltr'><strong><em>od</em></strong></span> <span class='ocrx_word' id='word_1_247' title='bbox 324 2124 447 2179; x_wconf 82' lang='lat' dir='ltr'><strong><em>sulutem</em></strong></span> <span class='ocrx_word' id='word_1_248' title='bbox 464 2130 636 2195; x_wconf 85' lang='lat' dir='ltr'><strong><em>necessaria,</em></strong></span> <span class='ocrx_word' id='word_1_249' title='bbox 655 2149 738 2201; x_wconf 76' lang='lat' dir='ltr'><strong><em>qnam</em></strong></span> <span class='ocrx_word' id='word_1_250' title='bbox 757 2136 838 2188; x_wconf 69' lang='lat' dir='ltr'><strong><em>Deus</em></strong></span> <span class='ocrx_word' id='word_1_251' title='bbox 855 2155 911 2190; x_wconf 69' lang='lat' dir='ltr'><strong><em>non</em></strong></span> <span class='ocrx_word' id='word_1_252' title='bbox 927 2138 1019 2191; x_wconf 63' lang='lat' dir='ltr'><strong><em>mins„</em></strong></span> <span class='ocrx_word' id='word_1_253' title='bbox 1036 2146 1101 2191; x_wconf 64' lang='lat' dir='ltr'><strong><em>rem.</em></strong></span> <span class='ocrx_word' id='word_1_254' title='bbox 1126 2131 1216 2185; x_wconf 78' lang='lat' dir='ltr'><strong><em>atinus</em></strong></span> <span class='ocrx_word' id='word_1_255' title='bbox 1234 2132 1265 2185; x_wconf 90' lang='lat' dir='ltr'><strong><em>in</em></strong></span> <span class='ocrx_word' id='word_1_256' title='bbox 1282 2133 1389 2187; x_wconf 85' lang='lat' dir='ltr'><strong><em>Psuim.</em></strong></span> <span class='ocrx_word' id='word_1_257' title='bbox 1401 2136 1443 2187; x_wconf 77' lang='lat'><strong><em>73.</em></strong></span> <span class='ocrx_word' id='word_1_258' title='bbox 1461 2135 1540 2204; x_wconf 73' lang='lat' dir='ltr'><strong><em>dmit,</em></strong></span> <span class='ocrx_word' id='word_1_259' title='bbox 1552 2134 1755 2203; x_wconf 73' lang='lat' dir='ltr'><strong><em>promissiones</em></strong></span> <span class='ocrx_word' id='word_1_260' title='bbox 1775 2133 1806 2186; x_wconf 91' lang='lat' dir='ltr'><strong><em>V.</em></strong></span> <span class='ocrx_word' id='word_1_261' title='bbox 1825 2141 1850 2186; x_wconf 86' lang='lat' dir='ltr'><strong><em>ct</em></strong></span> <span class='ocrx_word' id='word_1_262' title='bbox 1866 2134 1904 2189; x_wconf 90' lang='lat' dir='ltr'><strong>N.</strong></span> <span class='ocrx_word' id='word_1_263' title='bbox 1927 2132 1958 2185; x_wconf 85' lang='grc' dir='ltr'><strong><em>Τ.</em></strong></span> 
     </span>
     <span class='ocr_line' id='line_1_19' title="bbox 263 2210 1960 2292; baseline 0.005 -30"><span class='ocrx_word' id='word_1_264' title='bbox 263 2223 336 2275; x_wconf 81' lang='lat' dir='ltr'><strong><em>pore</em></strong></span> <span class='ocrx_word' id='word_1_265' title='bbox 361 2210 390 2264; x_wconf 88' lang='lat' dir='ltr'><strong><em>V.</em></strong></span> <span class='ocrx_word' id='word_1_266' title='bbox 411 2213 444 2265; x_wconf 85' lang='lat' dir='ltr'><strong><em>T.</em></strong></span> <span class='ocrx_word' id='word_1_267' title='bbox 468 2216 632 2284; x_wconf 85' lang='lat' dir='ltr'><strong><em>proposuit,</em></strong></span> <span class='ocrx_word' id='word_1_268' title='bbox 660 2234 744 2286; x_wconf 79' lang='lat' dir='ltr'><strong><em>quam</em></strong></span> <span class='ocrx_word' id='word_1_269' title='bbox 769 2221 801 2274; x_wconf 92' lang='lat' dir='ltr'><strong><em>in</em></strong></span> <span class='ocrx_word' id='word_1_270' title='bbox 824 2239 896 2275; x_wconf 88' lang='lat' dir='ltr'><strong><em>noco</em></strong></span> <span class='ocrx_word' id='word_1_271' title='bbox 916 2240 1000 2292; x_wconf 67' lang='lat' dir='ltr'><strong><em>pssum</em></strong></span> <span class='ocrx_word' id='word_1_272' title='bbox 1018 2225 1102 2277; x_wconf 76' lang='lat' dir='ltr'><strong><em>etiam</em></strong></span> <span class='ocrx_word' id='word_1_273' title='bbox 1127 2231 1186 2269; x_wconf 82' lang='lat' dir='ltr'><strong><em>esse</em></strong></span> <span class='ocrx_word' id='word_1_274' title='bbox 1216 2218 1356 2287; x_wconf 83' lang='lat' dir='ltr'><strong><em>diuersas,</em></strong></span> <span class='ocrx_word' id='word_1_275' title='bbox 1385 2228 1416 2273; x_wconf 86' lang='lat' dir='ltr'><strong><em>ut</em></strong></span> <span class='ocrx_word' id='word_1_276' title='bbox 1437 2220 1502 2289; x_wconf 85' lang='lat' dir='ltr'><strong><em>ipsa</em></strong></span> <span class='ocrx_word' id='word_1_277' title='bbox 1526 2221 1609 2274; x_wconf 86' lang='lat' dir='ltr'><strong><em>etiam</em></strong></span> <span class='ocrx_word' id='word_1_278' title='bbox 1633 2227 1809 2274; x_wconf 74' lang='lat' dir='ltr'><strong><em>sumomonte</em></strong></span> <span class='ocrx_word' id='word_1_279' title='bbox 1833 2226 1897 2271; x_wconf 88' lang='lat' dir='ltr'><strong><em>sunt</em></strong></span> <span class='ocrx_word' id='word_1_280' title='bbox 1916 2219 1960 2271; x_wconf 86' lang='lat' dir='ltr'><strong><em>di·</em></strong></span> 
     </span>
     <span class='ocr_line' id='line_1_20' title="bbox 266 2299 1960 2377; baseline 0.006 -30"><span class='ocrx_word' id='word_1_281' title='bbox 266 2302 388 2350; x_wconf 67' lang='lat' dir='ltr'><strong><em>weram</em></strong></span> <span class='ocrx_word' id='word_1_282' title='bbox 404 2299 492 2365; x_wconf 83' lang='lat' dir='ltr'><strong><em>fides</em></strong></span> <span class='ocrx_word' id='word_1_283' title='bbox 511 2318 566 2356; x_wconf 91' lang='lat' dir='ltr'><strong><em>non</em></strong></span> <span class='ocrx_word' id='word_1_284' title='bbox 589 2304 680 2357; x_wconf 89' lang='lat' dir='ltr'><strong><em>minus</em></strong></span> <span class='ocrx_word' id='word_1_285' title='bbox 702 2313 777 2359; x_wconf 86' lang='lat' dir='ltr'><strong><em>certo</em></strong></span> <span class='ocrx_word' id='word_1_286' title='bbox 800 2308 909 2377; x_wconf 84' lang='lat' dir='ltr'><strong><em>accepit</em></strong></span> <span class='ocrx_word' id='word_1_287' title='bbox 926 2308 957 2363; x_wconf 83' lang='lat' dir='ltr'><strong><em>in</em></strong></span> <span class='ocrx_word' id='word_1_288' title='bbox 974 2310 1056 2364; x_wconf 76' lang='lat' dir='ltr'><strong><em>verbo</em></strong></span> <span class='ocrx_word' id='word_1_289' title='bbox 1075 2317 1100 2363; x_wconf 77' lang='lat' dir='ltr'><strong><em>et</em></strong></span> <span class='ocrx_word' id='word_1_290' title='bbox 1127 2319 1224 2374; x_wconf 83' lang='lat' dir='ltr'><strong><em>versa,</em></strong></span> <span class='ocrx_word' id='word_1_291' title='bbox 1245 2313 1303 2358; x_wconf 87' lang='lat' dir='ltr'><strong><em>tum</em></strong></span> <span class='ocrx_word' id='word_1_292' title='bbox 1323 2306 1396 2359; x_wconf 86' lang='lat' dir='ltr'><strong><em>enim</em></strong></span> <span class='ocrx_word' id='word_1_293' title='bbox 1410 2307 1646 2374; x_wconf 84' lang='lat' dir='ltr'><strong><em>promittebantur</em></strong></span> <span class='ocrx_word' id='word_1_294' title='bbox 1663 2322 1709 2359; x_wconf 91' lang='lat' dir='ltr'><strong><em>res</em></strong></span> <span class='ocrx_word' id='word_1_295' title='bbox 1727 2314 1867 2373; x_wconf 72' lang='lat' dir='ltr'><strong><em>mnenon,</em></strong></span> <span class='ocrx_word' id='word_1_296' title='bbox 1886 2322 1960 2358; x_wconf 90' lang='lat' dir='ltr'><strong><em>nunc</em></strong></span> 
     </span>
     <span class='ocr_line' id='line_1_21' title="bbox 265 2386 1956 2465; baseline 0.006 -32"><span class='ocrx_word' id='word_1_297' title='bbox 265 2386 468 2455; x_wconf 69' lang='lat' dir='ltr'><strong><em>momentis,</em></strong></span> <span class='ocrx_word' id='word_1_298' title='bbox 494 2403 578 2456; x_wconf 67' lang='lat' dir='ltr'><strong><em>msam</em></strong></span> <span class='ocrx_word' id='word_1_299' title='bbox 604 2406 676 2442; x_wconf 90' lang='lat' dir='ltr'><strong><em>nunc</em></strong></span> <span class='ocrx_word' id='word_1_300' title='bbox 700 2391 730 2444; x_wconf 89' lang='lat' dir='ltr'><strong><em>in</em></strong></span> <span class='ocrx_word' id='word_1_301' title='bbox 749 2409 819 2448; x_wconf 87' lang='lat' dir='ltr'><strong><em>nouo</em></strong></span> <span class='ocrx_word' id='word_1_302' title='bbox 837 2395 984 2465; x_wconf 85' lang='lat' dir='ltr'><strong><em>accipitur.</em></strong></span> <span class='ocrx_word' id='word_1_303' title='bbox 1021 2396 1100 2451; x_wconf 66' lang='lat' dir='ltr'><strong><em>,Sicut</em></strong></span> <span class='ocrx_word' id='word_1_304' title='bbox 1128 2397 1219 2442; x_wconf 82' lang='lat' dir='ltr'><strong><em>autem</em></strong></span> <span class='ocrx_word' id='word_1_305' title='bbox 1248 2391 1386 2450; x_wconf 66' lang='lat' dir='ltr'><strong><em>sociates.</em></strong></span> <span class='ocrx_word' id='word_1_306' title='bbox 1428 2391 1653 2463; x_wconf 87' lang='lat' dir='ltr'><strong><em>Respondemus:</em></strong></span> <span class='ocrx_word' id='word_1_307' title='bbox 1682 2389 1794 2462; x_wconf 84' lang='lat' dir='ltr'><strong><em>Ergone</em></strong></span> <span class='ocrx_word' id='word_1_308' title='bbox 1823 2390 1956 2459; x_wconf 84' lang='lat' dir='ltr'><strong><em>dicemus,</em></strong></span> 
     </span>
     <span class='ocr_line' id='line_1_22' title="bbox 264 2467 1958 2550; baseline 0.006 -30"><span class='ocrx_word' id='word_1_309' title='bbox 264 2467 297 2520; x_wconf 81' lang='lat' dir='ltr'><strong><em>s‘n</em></strong></span> <span class='ocrx_word' id='word_1_310' title='bbox 313 2469 437 2525; x_wconf 81' lang='lat' dir='ltr'><strong><em>dirersis</em></strong></span> <span class='ocrx_word' id='word_1_311' title='bbox 455 2473 561 2542; x_wconf 71' lang='lat' dir='ltr'><strong><em>cerdis,</em></strong></span> <span class='ocrx_word' id='word_1_312' title='bbox 585 2475 628 2529; x_wconf 85' lang='lat' dir='ltr'><strong><em>s&#39;ta</em></strong></span> <span class='ocrx_word' id='word_1_313' title='bbox 652 2477 737 2531; x_wconf 86' lang='lat' dir='ltr'><strong><em>etiam</em></strong></span> <span class='ocrx_word' id='word_1_314' title='bbox 757 2479 786 2533; x_wconf 88' lang='lat' dir='ltr'><strong><em>in</em></strong></span> <span class='ocrx_word' id='word_1_315' title='bbox 802 2481 891 2550; x_wconf 77' lang='lat' dir='ltr'><strong><em>sipnis</em></strong></span> <span class='ocrx_word' id='word_1_316' title='bbox 910 2483 1028 2537; x_wconf 67' lang='lat' dir='ltr'><strong><em>dicaris</em></strong></span> <span class='ocrx_word' id='word_1_317' title='bbox 1045 2502 1101 2538; x_wconf 81' lang='lat' dir='ltr'><strong><em>noa</em></strong></span> <span class='ocrx_word' id='word_1_318' title='bbox 1126 2475 1315 2548; x_wconf 82' lang='lat' dir='ltr'><strong><em>Augustinum</em></strong></span> <span class='ocrx_word' id='word_1_319' title='bbox 1337 2479 1468 2548; x_wconf 86' lang='lat' dir='ltr'><strong><em>sensisse,</em></strong></span> <span class='ocrx_word' id='word_1_320' title='bbox 1491 2485 1585 2549; x_wconf 87' lang='lat' dir='ltr'><strong><em>patres</em></strong></span> <span class='ocrx_word' id='word_1_321' title='bbox 1610 2478 1640 2532; x_wconf 91' lang='lat' dir='ltr'><strong><em>in</em></strong></span> <span class='ocrx_word' id='word_1_322' title='bbox 1658 2476 1693 2533; x_wconf 92' lang='lat' dir='ltr'><strong><em>V.</em></strong></span> <span class='ocrx_word' id='word_1_323' title='bbox 1716 2476 1749 2530; x_wconf 86' lang='grc' dir='ltr'><strong><em>Τ.</em></strong></span> <span class='ocrx_word' id='word_1_324' title='bbox 1771 2482 1880 2531; x_wconf 82' lang='lat' dir='ltr'><strong><em>tantum</em></strong></span> <span class='ocrx_word' id='word_1_325' title='bbox 1903 2482 1958 2530; x_wconf 87' lang='lat' dir='ltr'><strong><em>ter·</em></strong></span> 
     </span>
     <span class='ocr_line' id='line_1_23' title="bbox 265 2558 1958 2639; baseline 0.006 -32"><span class='ocrx_word' id='word_1_326' title='bbox 265 2563 309 2607; x_wconf 87' lang='lat' dir='ltr'><strong><em>est</em></strong></span> <span class='ocrx_word' id='word_1_327' title='bbox 337 2558 467 2626; x_wconf 66' lang='lat' dir='ltr'><strong><em>diurna,</em></strong></span> <span class='ocrx_word' id='word_1_328' title='bbox 497 2562 551 2614; x_wconf 81' lang='lat' dir='ltr'><strong><em>sed</em></strong></span> <span class='ocrx_word' id='word_1_329' title='bbox 573 2563 672 2616; x_wconf 84' lang='lat' dir='ltr'><strong><em>eadem</em></strong></span> <span class='ocrx_word' id='word_1_330' title='bbox 691 2565 790 2636; x_wconf 83' lang='lat' dir='ltr'><strong><em>fides,</em></strong></span> <span class='ocrx_word' id='word_1_331' title='bbox 819 2568 894 2621; x_wconf 67' lang='lat' dir='ltr'><strong><em>mem</em></strong></span> <span class='ocrx_word' id='word_1_332' title='bbox 922 2586 989 2639; x_wconf 75' lang='lat' dir='ltr'><strong><em>erpo</em></strong></span> <span class='ocrx_word' id='word_1_333' title='bbox 1017 2571 1100 2624; x_wconf 72' lang='lat' dir='ltr'><strong><em>stiam</em></strong></span> <span class='ocrx_word' id='word_1_334' title='bbox 1126 2578 1194 2617; x_wconf 90' lang='lat' dir='ltr'><strong><em>rena</em></strong></span> <span class='ocrx_word' id='word_1_335' title='bbox 1216 2563 1351 2634; x_wconf 88' lang='lat' dir='ltr'><strong><em>promissa</em></strong></span> <span class='ocrx_word' id='word_1_336' title='bbox 1373 2563 1502 2620; x_wconf 77' lang='lat' dir='ltr'><strong><em>habaima</em></strong></span> <span class='ocrx_word' id='word_1_337' title='bbox 1524 2572 1552 2619; x_wconf 89' lang='lat' dir='ltr'><strong><em>st</em></strong></span> <span class='ocrx_word' id='word_1_338' title='bbox 1574 2580 1685 2634; x_wconf 83' lang='lat' dir='ltr'><strong><em>prorsus</em></strong></span> <span class='ocrx_word' id='word_1_339' title='bbox 1708 2563 1855 2618; x_wconf 87' lang='lat' dir='ltr'><strong><em>destitutos</em></strong></span> <span class='ocrx_word' id='word_1_340' title='bbox 1872 2561 1958 2617; x_wconf 83' lang='lat' dir='ltr'><strong><em>fnisse</em></strong></span> 
     </span>
     <span class='ocr_line' id='line_1_24' title="bbox 266 2640 1959 2722; baseline 0.004 -27"><span class='ocrx_word' id='word_1_341' title='bbox 266 2640 411 2713; x_wconf 63' lang='lat' dir='ltr'><strong><em>anum,</em></strong></span> <span class='ocrx_word' id='word_1_342' title='bbox 433 2648 532 2700; x_wconf 81' lang='lat' dir='ltr'><strong><em>eodem</em></strong></span> <span class='ocrx_word' id='word_1_343' title='bbox 548 2650 644 2716; x_wconf 74' lang='lat' dir='ltr'><strong><em>gratio</em></strong></span> <span class='ocrx_word' id='word_1_344' title='bbox 664 2653 706 2704; x_wconf 83' lang='lat' dir='ltr'><strong><em>osi</em></strong></span> <span class='ocrx_word' id='word_1_345' title='bbox 722 2654 837 2707; x_wconf 86' lang='lat' dir='ltr'><strong><em>eandem</em></strong></span> <span class='ocrx_word' id='word_1_346' title='bbox 854 2655 995 2722; x_wconf 75' lang='lat' dir='ltr'><strong><em>iustitiam</em></strong></span> <span class='ocrx_word' id='word_1_347' title='bbox 1012 2665 1039 2711; x_wconf 85' lang='lat' dir='ltr'><strong><em>et</em></strong></span> <span class='ocrx_word' id='word_1_348' title='bbox 1056 2676 1101 2712; x_wconf 90' lang='lat' dir='ltr'><strong><em>sa·</em></strong></span> <span class='ocrx_word' id='word_1_349' title='bbox 1126 2649 1306 2719; x_wconf 89' lang='lat' dir='ltr'><strong><em>promissione</em></strong></span> <span class='ocrx_word' id='word_1_350' title='bbox 1324 2650 1460 2721; x_wconf 87' lang='lat' dir='ltr'><strong><em>spirituali</em></strong></span> <span class='ocrx_word' id='word_1_351' title='bbox 1476 2651 1512 2706; x_wconf 90' lang='lat' dir='ltr'><strong><em>de</em></strong></span> <span class='ocrx_word' id='word_1_352' title='bbox 1529 2650 1688 2705; x_wconf 85' lang='lat' dir='ltr'><strong><em>remissione</em></strong></span> <span class='ocrx_word' id='word_1_353' title='bbox 1708 2657 1897 2720; x_wconf 84' lang='lat' dir='ltr'><strong><em>peecatorum,</em></strong></span> <span class='ocrx_word' id='word_1_354' title='bbox 1912 2649 1959 2719; x_wconf 86' lang='lat' dir='ltr'><strong><em>ju·</em></strong></span> 
     </span>
     <span class='ocr_line' id='line_1_25' title="bbox 263 2728 1960 2812; baseline 0.004 -29"><span class='ocrx_word' id='word_1_355' title='bbox 263 2728 360 2785; x_wconf 77' lang='lat' dir='ltr'><strong><em>intem</em></strong></span> <span class='ocrx_word' id='word_1_356' title='bbox 409 2731 466 2801; x_wconf 88' lang='lat' dir='ltr'><strong><em>At,</em></strong></span> <span class='ocrx_word' id='word_1_357' title='bbox 500 2732 590 2805; x_wconf 90' lang='lat' dir='ltr'><strong><em>inquit</em></strong></span> <span class='ocrx_word' id='word_1_358' title='bbox 620 2736 821 2810; x_wconf 91' lang='lat' dir='ltr'><strong><em>Bellarminus,</em></strong></span> <span class='ocrx_word' id='word_1_359' title='bbox 853 2757 980 2812; x_wconf 73' lang='lat' dir='ltr'><strong><em>expresse</em></strong></span> <span class='ocrx_word' id='word_1_360' title='bbox 1008 2749 1101 2800; x_wconf 71' lang='lat' dir='ltr'><strong><em>tamen</em></strong></span> <span class='ocrx_word' id='word_1_361' title='bbox 1127 2735 1203 2790; x_wconf 89' lang='lat' dir='ltr'><strong><em>stitis</em></strong></span> <span class='ocrx_word' id='word_1_362' title='bbox 1226 2753 1318 2790; x_wconf 87' lang='lat' dir='ltr'><strong><em>eoram</em></strong></span> <span class='ocrx_word' id='word_1_363' title='bbox 1342 2736 1403 2792; x_wconf 89' lang='lat' dir='ltr'><strong><em>Deo</em></strong></span> <span class='ocrx_word' id='word_1_364' title='bbox 1428 2743 1458 2792; x_wconf 90' lang='lat' dir='ltr'><strong><em>et</em></strong></span> <span class='ocrx_word' id='word_1_365' title='bbox 1483 2736 1542 2791; x_wconf 84' lang='lat' dir='ltr'><strong><em>rita</em></strong></span> <span class='ocrx_word' id='word_1_366' title='bbox 1563 2735 1696 2791; x_wconf 82' lang='lat' dir='ltr'><strong><em>aeterna?</em></strong></span> <span class='ocrx_word' id='word_1_367' title='bbox 1731 2737 1772 2791; x_wconf 90' lang='lat' dir='ltr'><strong><em>At</em></strong></span> <span class='ocrx_word' id='word_1_368' title='bbox 1794 2736 1960 2790; x_wconf 87' lang='lat' dir='ltr'><strong><em>contrarium</em></strong></span> 
     </span>
     <span class='ocr_line' id='line_1_26' title="bbox 262 2814 1962 2899; baseline 0.005 -30"><span class='ocrx_word' id='word_1_369' title='bbox 262 2814 443 2888; x_wconf 75' lang='lat' dir='ltr'><strong><em>Augustinus</em></strong></span> <span class='ocrx_word' id='word_1_370' title='bbox 461 2827 634 2877; x_wconf 86' lang='lat' dir='ltr'><strong><em>ssoramenta</em></strong></span> <span class='ocrx_word' id='word_1_371' title='bbox 652 2823 688 2881; x_wconf 94' lang='lat' dir='ltr'><strong><em>N.</em></strong></span> <span class='ocrx_word' id='word_1_372' title='bbox 707 2823 740 2881; x_wconf 92' lang='lat' dir='ltr'><strong><em>T.</em></strong></span> <span class='ocrx_word' id='word_1_373' title='bbox 765 2835 846 2881; x_wconf 85' lang='lat' dir='ltr'><strong><em>cocat</em></strong></span> <span class='ocrx_word' id='word_1_374' title='bbox 867 2830 969 2882; x_wconf 85' lang='lat' dir='ltr'><strong><em>uirtute</em></strong></span> <span class='ocrx_word' id='word_1_375' title='bbox 988 2831 1100 2899; x_wconf 79' lang='lat' dir='ltr'><strong><em>majora</em></strong></span> <span class='ocrx_word' id='word_1_376' title='bbox 1127 2826 1224 2876; x_wconf 71' lang='lat' dir='ltr'><strong><em>conus</em></strong></span> <span class='ocrx_word' id='word_1_377' title='bbox 1250 2822 1428 2879; x_wconf 86' lang='lat' dir='ltr'><strong><em>Manichaeos</em></strong></span> <span class='ocrx_word' id='word_1_378' title='bbox 1458 2822 1527 2878; x_wconf 91' lang='lat' dir='ltr'><strong><em>alibi</em></strong></span> <span class='ocrx_word' id='word_1_379' title='bbox 1559 2823 1648 2877; x_wconf 87' lang='lat' dir='ltr'><strong><em>docet.</em></strong></span> <span class='ocrx_word' id='word_1_380' title='bbox 1695 2821 1758 2878; x_wconf 89' lang='lat' dir='ltr'><strong><em>Hoc</em></strong></span> <span class='ocrx_word' id='word_1_381' title='bbox 1781 2828 1875 2877; x_wconf 90' lang='lat' dir='ltr'><strong><em>sutem</em></strong></span> <span class='ocrx_word' id='word_1_382' title='bbox 1900 2821 1962 2877; x_wconf 77' lang='lat' dir='ltr'><strong><em>suls</em></strong></span> 
     </span>
     <span class='ocr_line' id='line_1_27' title="bbox 264 2903 1961 2982; baseline 0.005 -28"><span class='ocrx_word' id='word_1_383' title='bbox 264 2908 292 2954; x_wconf 86' lang='lat' dir='ltr'><strong><em>et</em></strong></span> <span class='ocrx_word' id='word_1_384' title='bbox 319 2903 445 2958; x_wconf 75' lang='lat' dir='ltr'><strong><em>utilitme</em></strong></span> <span class='ocrx_word' id='word_1_385' title='bbox 472 2906 599 2962; x_wconf 85' lang='lat' dir='ltr'><strong><em>metiore.</em></strong></span> <span class='ocrx_word' id='word_1_386' title='bbox 640 2908 862 2982; x_wconf 85' lang='lat' dir='ltr'><strong><em>Respondemus:</em></strong></span> <span class='ocrx_word' id='word_1_387' title='bbox 889 2913 954 2971; x_wconf 76' lang='lat' dir='ltr'><strong><em>hnic</em></strong></span> <span class='ocrx_word' id='word_1_388' title='bbox 977 2916 1102 2972; x_wconf 61' lang='lat' dir='ltr'><strong><em>evortes,</em></strong></span> <span class='ocrx_word' id='word_1_389' title='bbox 1126 2908 1314 2980; x_wconf 81' lang='lat' dir='ltr'><strong><em>Augustinus,</em></strong></span> <span class='ocrx_word' id='word_1_390' title='bbox 1344 2926 1377 2964; x_wconf 88' lang='lat' dir='ltr'><strong><em>ex</em></strong></span> <span class='ocrx_word' id='word_1_391' title='bbox 1400 2909 1539 2980; x_wconf 89' lang='lat' dir='ltr'><strong><em>promissis</em></strong></span> <span class='ocrx_word' id='word_1_392' title='bbox 1561 2909 1725 2965; x_wconf 89' lang='lat' dir='ltr'><strong><em>sumendum</em></strong></span> <span class='ocrx_word' id='word_1_393' title='bbox 1748 2924 1808 2964; x_wconf 87' lang='lat' dir='ltr'><strong><em>esse</em></strong></span> <span class='ocrx_word' id='word_1_394' title='bbox 1822 2908 1961 2979; x_wconf 90' lang='lat' dir='ltr'><strong><em>judicium</em></strong></span> 
     </span>
     <span class='ocr_line' id='line_1_28' title="bbox 260 2987 1959 3071; baseline 0.015 -29"><span class='ocrx_word' id='word_1_395' title='bbox 260 2987 433 3056; x_wconf 77' lang='lat' dir='ltr'><strong><em>jamdudum</em></strong></span> <span class='ocrx_word' id='word_1_396' title='bbox 461 2989 637 3049; x_wconf 84' lang='lat' dir='ltr'><strong><em>Chemnieius</em></strong></span> <span class='ocrx_word' id='word_1_397' title='bbox 670 2998 804 3054; x_wconf 76' lang='lat' dir='ltr'><strong><em>satisfecit</em></strong></span> <span class='ocrx_word' id='word_1_398' title='bbox 833 3001 1000 3071; x_wconf 87' lang='lat' dir='ltr'><strong><em>concedens,</em></strong></span> <span class='ocrx_word' id='word_1_399' title='bbox 1029 3004 1101 3060; x_wconf 78' lang='lat' dir='ltr'><strong><em>siem</em></strong></span> <span class='ocrx_word' id='word_1_400' title='bbox 1126 2996 1162 3051; x_wconf 71' lang='lat'><strong><em>&lt;10</em></strong></span> <span class='ocrx_word' id='word_1_401' title='bbox 1179 2996 1372 3065; x_wconf 55' lang='lat' dir='ltr'><strong><em>tamem,</em></strong></span> <span class='ocrx_word' id='word_1_402' title='bbox 1396 3002 1429 3050; x_wconf 60' lang='lat' dir='ltr'><strong><em>1¹ss</em></strong></span> <span class='ocrx_word' id='word_1_403' title='bbox 1452 3013 1518 3068; x_wconf 68' lang='lat'><strong><em>0¹8⁰</em></strong></span> <span class='ocrx_word' id='word_1_404' title='bbox 1542 2996 1677 3067; x_wconf 66' lang='lat' dir='ltr'><strong><em>P¹⁰mi⁸⁸²</em></strong></span> <span class='ocrx_word' id='word_1_405' title='bbox 1699 3001 1810 3050; x_wconf 58' lang='lat' dir='ltr'><strong><em>mm</em></strong></span> <span class='ocrx_word' id='word_1_406' title='bbox 1826 2995 1856 3048; x_wconf 58' lang='lat'><strong><em>5¹¹</em></strong></span> <span class='ocrx_word' id='word_1_407' title='bbox 1872 2995 1907 3050; x_wconf 78' lang='lat' dir='ltr'><strong><em>V·</em></strong></span> <span class='ocrx_word' id='word_1_408' title='bbox 1925 2995 1959 3052; x_wconf 82' lang='lat' dir='ltr'><strong><em>T·</em></strong></span> 
     </span>
     <span class='ocr_line' id='line_1_29' title="bbox 264 3074 1960 3157; baseline 0.013 -31"><span class='ocrx_word' id='word_1_409' title='bbox 264 3074 366 3128; x_wconf 74' lang='lat' dir='ltr'><strong><em>monus</em></strong></span> <span class='ocrx_word' id='word_1_410' title='bbox 385 3076 562 3134; x_wconf 74' lang='lat' dir='ltr'><strong><em>revelationis</em></strong></span> <span class='ocrx_word' id='word_1_411' title='bbox 579 3082 608 3135; x_wconf 87' lang='lat' dir='ltr'><strong><em>in</em></strong></span> <span class='ocrx_word' id='word_1_412' title='bbox 626 3083 661 3139; x_wconf 82' lang='lat' dir='ltr'><strong><em>n.</em></strong></span> <span class='ocrx_word' id='word_1_413' title='bbox 682 3082 716 3140; x_wconf 79' lang='grc' dir='ltr'><strong><em>Τ.</em></strong></span> <span class='ocrx_word' id='word_1_414' title='bbox 733 3085 866 3140; x_wconf 59' lang='lat' dir='ltr'><strong><em>inurens</em></strong></span> <span class='ocrx_word' id='word_1_415' title='bbox 885 3090 941 3157; x_wconf 76' lang='lat' dir='ltr'><strong><em>su,</em></strong></span> <span class='ocrx_word' id='word_1_416' title='bbox 964 3087 1013 3142; x_wconf 85' lang='lat' dir='ltr'><strong><em>lux</em></strong></span> <span class='ocrx_word' id='word_1_417' title='bbox 1035 3088 1100 3146; x_wconf 83' lang='lat' dir='ltr'><strong><em>fidei</em></strong></span> <span class='ocrx_word' id='word_1_418' title='bbox 1126 3080 1239 3136; x_wconf 74' lang='lat' dir='ltr'><strong><em>urunt</em></strong></span> <span class='ocrx_word' id='word_1_419' title='bbox 1256 3082 1363 3154; x_wconf 64' lang='lat' dir='ltr'><strong><em>fisurus</em></strong></span> <span class='ocrx_word' id='word_1_420' title='bbox 1380 3081 1564 3153; x_wconf 58' lang='lat' dir='ltr'><strong><em>,pessumum</em></strong></span> <span class='ocrx_word' id='word_1_421' title='bbox 1582 3080 1801 3153; x_wconf 68' lang='lat' dir='ltr'><strong><em>promissionum,</em></strong></span> <span class='ocrx_word' id='word_1_422' title='bbox 1818 3079 1857 3135; x_wconf 78' lang='lat' dir='ltr'><strong><em>ita</em></strong></span> <span class='ocrx_word' id='word_1_423' title='bbox 1875 3080 1960 3135; x_wconf 78' lang='lat' dir='ltr'><strong><em>etiam</em></strong></span> 
     </span>
     <span class='ocr_line' id='line_1_30' title="bbox 264 3161 1958 3247; baseline 0.005 -35"><span class='ocrx_word' id='word_1_424' title='bbox 264 3161 357 3230; x_wconf 87' lang='lat' dir='ltr'><strong><em>msj0r</em></strong></span> <span class='ocrx_word' id='word_1_425' title='bbox 383 3168 412 3216; x_wconf 88' lang='lat' dir='ltr'><strong><em>et</em></strong></span> <span class='ocrx_word' id='word_1_426' title='bbox 438 3180 566 3219; x_wconf 80' lang='lat' dir='ltr'><strong><em>memma</em></strong></span> <span class='ocrx_word' id='word_1_427' title='bbox 593 3168 701 3238; x_wconf 87' lang='lat' dir='ltr'><strong><em>gratiae</em></strong></span> <span class='ocrx_word' id='word_1_428' title='bbox 725 3169 848 3239; x_wconf 78' lang='lat' dir='ltr'><strong><em>uberior3</em></strong></span> <span class='ocrx_word' id='word_1_429' title='bbox 875 3173 915 3228; x_wconf 87' lang='lat' dir='ltr'><strong><em>ita</em></strong></span> <span class='ocrx_word' id='word_1_430' title='bbox 941 3174 1024 3231; x_wconf 88' lang='lat' dir='ltr'><strong><em>etism</em></strong></span> <span class='ocrx_word' id='word_1_431' title='bbox 1051 3193 1102 3247; x_wconf 79' lang='lat' dir='ltr'><strong><em>per</em></strong></span> <span class='ocrx_word' id='word_1_432' title='bbox 1126 3174 1300 3223; x_wconf 83' lang='lat' dir='ltr'><strong><em>sacramenta</em></strong></span> <span class='ocrx_word' id='word_1_433' title='bbox 1322 3168 1432 3223; x_wconf 88' lang='lat' dir='ltr'><strong><em>illarum</em></strong></span> <span class='ocrx_word' id='word_1_434' title='bbox 1454 3168 1667 3240; x_wconf 89' lang='lat' dir='ltr'><strong><em>promissionum</em></strong></span> <span class='ocrx_word' id='word_1_435' title='bbox 1692 3165 1863 3238; x_wconf 89' lang='lat' dir='ltr'><strong><em>significasse</em></strong></span> <span class='ocrx_word' id='word_1_436' title='bbox 1884 3165 1958 3220; x_wconf 87' lang='lat' dir='ltr'><strong><em>futu·</em></strong></span> 
     </span>
     <span class='ocr_line' id='line_1_31' title="bbox 265 3249 1959 3334; baseline 0.003 -34"><span class='ocrx_word' id='word_1_437' title='bbox 265 3255 441 3304; x_wconf 83' lang='lat' dir='ltr'><strong><em>sseramenta</em></strong></span> <span class='ocrx_word' id='word_1_438' title='bbox 461 3250 496 3307; x_wconf 89' lang='lat' dir='ltr'><strong><em>N.</em></strong></span> <span class='ocrx_word' id='word_1_439' title='bbox 514 3249 548 3308; x_wconf 91' lang='lat' dir='ltr'><strong><em>T.</em></strong></span> <span class='ocrx_word' id='word_1_440' title='bbox 573 3255 692 3324; x_wconf 84' lang='lat' dir='ltr'><strong><em>gratiam</em></strong></span> <span class='ocrx_word' id='word_1_441' title='bbox 710 3254 812 3310; x_wconf 83' lang='lat' dir='ltr'><strong><em>Christi</em></strong></span> <span class='ocrx_word' id='word_1_442' title='bbox 837 3258 1018 3330; x_wconf 86' lang='lat' dir='ltr'><strong><em>luculentius,</em></strong></span> <span class='ocrx_word' id='word_1_443' title='bbox 1043 3262 1101 3334; x_wconf 70' lang='lat' dir='ltr'><strong><em>ple-</em></strong></span> <span class='ocrx_word' id='word_1_444' title='bbox 1125 3269 1184 3308; x_wconf 87' lang='lat' dir='ltr'><strong><em>ram</em></strong></span> <span class='ocrx_word' id='word_1_445' title='bbox 1203 3258 1369 3329; x_wconf 74' lang='grc' dir='ltr'><strong><em>οἰκονομίαν</em></strong></span> <span class='ocrx_word' id='word_1_446' title='bbox 1386 3254 1539 3310; x_wconf 85' lang='lat' dir='ltr'><strong><em>salvatoris.</em></strong></span> <span class='ocrx_word' id='word_1_447' title='bbox 1575 3254 1652 3309; x_wconf 87' lang='lat' dir='ltr'><strong><em>Inter</em></strong></span> <span class='ocrx_word' id='word_1_448' title='bbox 1674 3253 1749 3324; x_wconf 86' lang='lat' dir='ltr'><strong><em>ipsas</em></strong></span> <span class='ocrx_word' id='word_1_449' title='bbox 1769 3260 1861 3307; x_wconf 90' lang='lat' dir='ltr'><strong><em>sutem</em></strong></span> <span class='ocrx_word' id='word_1_450' title='bbox 1878 3251 1959 3322; x_wconf 90' lang='lat' dir='ltr'><strong><em>spiri·</em></strong></span> 
     </span>
     <span class='ocr_line' id='line_1_32' title="bbox 264 3331 1960 3418; baseline -0.002 -25"><span class='ocrx_word' id='word_1_451' title='bbox 264 3331 344 3403; x_wconf 72' lang='lat' dir='ltr'><strong><em>nius,</em></strong></span> <span class='ocrx_word' id='word_1_452' title='bbox 369 3335 520 3406; x_wconf 80' lang='lat' dir='ltr'><strong><em>perfectius</em></strong></span> <span class='ocrx_word' id='word_1_453' title='bbox 543 3345 571 3393; x_wconf 89' lang='lat' dir='ltr'><strong><em>et</em></strong></span> <span class='ocrx_word' id='word_1_454' title='bbox 595 3339 708 3395; x_wconf 89' lang='lat' dir='ltr'><strong><em>uberius</em></strong></span> <span class='ocrx_word' id='word_1_455' title='bbox 731 3341 886 3414; x_wconf 89' lang='lat' dir='ltr'><strong><em>dispensari</em></strong></span> <span class='ocrx_word' id='word_1_456' title='bbox 909 3347 1098 3418; x_wconf 86' lang='lat' dir='ltr'><strong><em>eredentibns;</em></strong></span> <span class='ocrx_word' id='word_1_457' title='bbox 1125 3341 1214 3396; x_wconf 89' lang='lat' dir='ltr'><strong><em>tuales</em></strong></span> <span class='ocrx_word' id='word_1_458' title='bbox 1239 3341 1434 3413; x_wconf 86' lang='lat' dir='ltr'><strong><em>promissiones</em></strong></span> <span class='ocrx_word' id='word_1_459' title='bbox 1459 3341 1489 3395; x_wconf 93' lang='lat' dir='ltr'><strong><em>in</em></strong></span> <span class='ocrx_word' id='word_1_460' title='bbox 1511 3340 1547 3398; x_wconf 89' lang='lat' dir='ltr'><strong><em>V.</em></strong></span> <span class='ocrx_word' id='word_1_461' title='bbox 1570 3345 1600 3395; x_wconf 90' lang='lat' dir='ltr'><strong><em>et</em></strong></span> <span class='ocrx_word' id='word_1_462' title='bbox 1623 3340 1656 3396; x_wconf 91' lang='lat' dir='ltr'><strong><em>N.</em></strong></span> <span class='ocrx_word' id='word_1_463' title='bbox 1681 3339 1715 3394; x_wconf 94' lang='lat' dir='ltr'><strong><em>T.</em></strong></span> <span class='ocrx_word' id='word_1_464' title='bbox 1741 3338 1797 3393; x_wconf 87' lang='lat' dir='ltr'><strong><em>tale</em></strong></span> <span class='ocrx_word' id='word_1_465' title='bbox 1814 3335 1960 3391; x_wconf 90' lang='lat' dir='ltr'><strong><em>constituit</em></strong></span> 
     </span>
     <span class='ocr_line' id='line_1_33' title="bbox 265 3419 1958 3504; baseline 0.002 -30"><span class='ocrx_word' id='word_1_466' title='bbox 265 3419 319 3474; x_wconf 86' lang='lat' dir='ltr'><strong><em>sed</em></strong></span> <span class='ocrx_word' id='word_1_467' title='bbox 347 3436 380 3474; x_wconf 85' lang='lat' dir='ltr'><strong><em>ex</em></strong></span> <span class='ocrx_word' id='word_1_468' title='bbox 411 3439 444 3477; x_wconf 92' lang='lat' dir='ltr'><strong><em>eo</em></strong></span> <span class='ocrx_word' id='word_1_469' title='bbox 471 3424 593 3478; x_wconf 91' lang='lat' dir='ltr'><strong><em>nondum</em></strong></span> <span class='ocrx_word' id='word_1_470' title='bbox 619 3442 788 3499; x_wconf 89' lang='lat' dir='ltr'><strong><em>consequens</em></strong></span> <span class='ocrx_word' id='word_1_471' title='bbox 814 3447 887 3502; x_wconf 88' lang='lat' dir='ltr'><strong><em>esse,</em></strong></span> <span class='ocrx_word' id='word_1_472' title='bbox 920 3433 994 3504; x_wconf 89' lang='lat' dir='ltr'><strong><em>quod</em></strong></span> <span class='ocrx_word' id='word_1_473' title='bbox 1023 3434 1101 3489; x_wconf 79' lang='lat' dir='ltr'><strong><em>nulla</em></strong></span> <span class='ocrx_word' id='word_1_474' title='bbox 1126 3427 1288 3497; x_wconf 89' lang='lat' dir='ltr'><strong><em>discrimen,</em></strong></span> <span class='ocrx_word' id='word_1_475' title='bbox 1317 3428 1391 3499; x_wconf 91' lang='lat' dir='ltr'><strong><em>quod</em></strong></span> <span class='ocrx_word' id='word_1_476' title='bbox 1415 3428 1446 3482; x_wconf 90' lang='lat' dir='ltr'><strong><em>in</em></strong></span> <span class='ocrx_word' id='word_1_477' title='bbox 1462 3428 1498 3484; x_wconf 95' lang='lat' dir='ltr'><strong><em>V.</em></strong></span> <span class='ocrx_word' id='word_1_478' title='bbox 1517 3428 1551 3485; x_wconf 90' lang='lat' dir='ltr'><strong><em>T.</em></strong></span> <span class='ocrx_word' id='word_1_479' title='bbox 1571 3427 1628 3481; x_wconf 88' lang='lat' dir='ltr'><strong><em>sint</em></strong></span> <span class='ocrx_word' id='word_1_480' title='bbox 1643 3425 1837 3496; x_wconf 90' lang='lat' dir='ltr'><strong><em>promissiones</em></strong></span> <span class='ocrx_word' id='word_1_481' title='bbox 1855 3422 1958 3479; x_wconf 85' lang='lat' dir='ltr'><strong><em>Christi</em></strong></span> 
     </span>
     <span class='ocr_line' id='line_1_34' title="bbox 264 3505 1956 3584; baseline 0.002 -23"><span class='ocrx_word' id='word_1_482' title='bbox 264 3505 353 3576; x_wconf 86' lang='lat' dir='ltr'><strong><em>plane</em></strong></span> <span class='ocrx_word' id='word_1_483' title='bbox 370 3507 459 3563; x_wconf 85' lang='lat' dir='ltr'><strong><em>virtus</em></strong></span> <span class='ocrx_word' id='word_1_484' title='bbox 477 3516 526 3565; x_wconf 88' lang='lat' dir='ltr'><strong><em>aut</em></strong></span> <span class='ocrx_word' id='word_1_485' title='bbox 542 3512 647 3566; x_wconf 89' lang='lat' dir='ltr'><strong><em>utilitas</em></strong></span> <span class='ocrx_word' id='word_1_486' title='bbox 665 3512 750 3568; x_wconf 79' lang='lat' dir='ltr'><strong><em>inerit</em></strong></span> <span class='ocrx_word' id='word_1_487' title='bbox 767 3525 1000 3576; x_wconf 88' lang='lat' dir='ltr'><strong><em>sacramentorum</em></strong></span> <span class='ocrx_word' id='word_1_488' title='bbox 1012 3521 1047 3579; x_wconf 92' lang='lat' dir='ltr'><strong><em>V.</em></strong></span> <span class='ocrx_word' id='word_1_489' title='bbox 1066 3521 1099 3579; x_wconf 93' lang='lat' dir='ltr'><strong><em>T.</em></strong></span> <span class='ocrx_word' id='word_1_490' title='bbox 1125 3515 1246 3584; x_wconf 86' lang='lat' dir='ltr'><strong><em>venturi,</em></strong></span> <span class='ocrx_word' id='word_1_491' title='bbox 1262 3515 1292 3569; x_wconf 92' lang='lat' dir='ltr'><strong><em>in</em></strong></span> <span class='ocrx_word' id='word_1_492' title='bbox 1310 3514 1344 3572; x_wconf 91' lang='lat' dir='ltr'><strong><em>N.</em></strong></span> <span class='ocrx_word' id='word_1_493' title='bbox 1365 3521 1458 3571; x_wconf 87' lang='lat' dir='ltr'><strong><em>autem</em></strong></span> <span class='ocrx_word' id='word_1_494' title='bbox 1477 3515 1533 3570; x_wconf 89' lang='lat' dir='ltr'><strong><em>sint</em></strong></span> <span class='ocrx_word' id='word_1_495' title='bbox 1549 3513 1772 3569; x_wconf 85' lang='lat' dir='ltr'><strong><em>annuntiationes</em></strong></span> <span class='ocrx_word' id='word_1_496' title='bbox 1789 3510 1893 3566; x_wconf 85' lang='lat' dir='ltr'><strong><em>Christi</em></strong></span> <span class='ocrx_word' id='word_1_497' title='bbox 1910 3527 1956 3565; x_wconf 87' lang='lat' dir='ltr'><strong><em>ex·</em></strong></span> 
     </span>
     <span class='ocr_line' id='line_1_35' title="bbox 267 3591 1958 3678; baseline -0.003 -22"><span class='ocrx_word' id='word_1_498' title='bbox 267 3591 351 3656; x_wconf 74' lang='lat' dir='ltr'><strong><em>Quod</em></strong></span> <span class='ocrx_word' id='word_1_499' title='bbox 369 3594 555 3665; x_wconf 72' lang='lat' dir='ltr'><strong><em>spinalensi</em></strong></span> <span class='ocrx_word' id='word_1_500' title='bbox 568 3597 681 3656; x_wconf 87' lang='lat' dir='ltr'><strong><em>Hieron.</em></strong></span> <span class='ocrx_word' id='word_1_501' title='bbox 699 3600 874 3673; x_wconf 89' lang='lat' dir='ltr'><strong><em>Augustinus</em></strong></span> <span class='ocrx_word' id='word_1_502' title='bbox 892 3606 1000 3673; x_wconf 89' lang='lat' dir='ltr'><strong><em>scribit,</em></strong></span> <span class='ocrx_word' id='word_1_503' title='bbox 1014 3626 1100 3678; x_wconf 68' lang='lat' dir='ltr'><strong><em>prae·</em></strong></span> <span class='ocrx_word' id='word_1_504' title='bbox 1126 3600 1223 3671; x_wconf 86' lang='lat' dir='ltr'><strong><em>hihiti;</em></strong></span> <span class='ocrx_word' id='word_1_505' title='bbox 1249 3601 1358 3657; x_wconf 89' lang='lat' dir='ltr'><strong><em>interim</em></strong></span> <span class='ocrx_word' id='word_1_506' title='bbox 1386 3606 1479 3657; x_wconf 87' lang='lat' dir='ltr'><strong><em>tamen</em></strong></span> <span class='ocrx_word' id='word_1_507' title='bbox 1506 3599 1651 3671; x_wconf 91' lang='lat' dir='ltr'><strong><em>promissio</em></strong></span> <span class='ocrx_word' id='word_1_508' title='bbox 1676 3599 1712 3653; x_wconf 90' lang='lat' dir='ltr'><strong><em>de</em></strong></span> <span class='ocrx_word' id='word_1_509' title='bbox 1732 3605 1849 3653; x_wconf 82' lang='lat' dir='ltr'><strong><em>venturo</em></strong></span> <span class='ocrx_word' id='word_1_510' title='bbox 1874 3596 1958 3652; x_wconf 91' lang='lat' dir='ltr'><strong><em>bene·</em></strong></span> 
     </span>
     <span class='ocr_line' id='line_1_36' title="bbox 265 3683 1960 3765; baseline 0.002 -30"><span class='ocrx_word' id='word_1_511' title='bbox 265 3688 350 3749; x_wconf 84' lang='lat' dir='ltr'><strong><em>cepta</em></strong></span> <span class='ocrx_word' id='word_1_512' title='bbox 369 3690 491 3736; x_wconf 82' lang='lat' dir='ltr'><strong><em>reterssm</em></strong></span> <span class='ocrx_word' id='word_1_513' title='bbox 509 3695 744 3742; x_wconf 72' lang='lat' dir='ltr'><strong><em>samamentorum</em></strong></span> <span class='ocrx_word' id='word_1_514' title='bbox 755 3690 919 3757; x_wconf 86' lang='lat' dir='ltr'><strong><em>sus&#39;ssenon</em></strong></span> <span class='ocrx_word' id='word_1_515' title='bbox 930 3693 1017 3764; x_wconf 81' lang='lat' dir='ltr'><strong><em>bonu,</em></strong></span> <span class='ocrx_word' id='word_1_516' title='bbox 1034 3696 1101 3765; x_wconf 75' lang='lat' dir='ltr'><strong><em>quia</em></strong></span> <span class='ocrx_word' id='word_1_517' title='bbox 1127 3689 1202 3743; x_wconf 89' lang='lat' dir='ltr'><strong><em>dioto</em></strong></span> <span class='ocrx_word' id='word_1_518' title='bbox 1224 3687 1328 3744; x_wconf 87' lang='lat' dir='ltr'><strong><em>semine</em></strong></span> <span class='ocrx_word' id='word_1_519' title='bbox 1346 3687 1376 3743; x_wconf 91' lang='lat' dir='ltr'><strong><em>in</em></strong></span> <span class='ocrx_word' id='word_1_520' title='bbox 1394 3688 1429 3744; x_wconf 92' lang='lat' dir='ltr'><strong><em>V.</em></strong></span> <span class='ocrx_word' id='word_1_521' title='bbox 1449 3688 1482 3742; x_wconf 89' lang='lat' dir='ltr'><strong><em>T.</em></strong></span> <span class='ocrx_word' id='word_1_522' title='bbox 1505 3703 1562 3741; x_wconf 90' lang='lat' dir='ltr'><strong><em>uon</em></strong></span> <span class='ocrx_word' id='word_1_523' title='bbox 1584 3685 1674 3740; x_wconf 89' lang='lat' dir='ltr'><strong><em>minus</em></strong></span> <span class='ocrx_word' id='word_1_524' title='bbox 1691 3684 1747 3739; x_wconf 82' lang='lat' dir='ltr'><strong><em>tuit</em></strong></span> <span class='ocrx_word' id='word_1_525' title='bbox 1763 3684 1888 3757; x_wconf 86' lang='lat' dir='ltr'><strong><em>potentis</em></strong></span> <span class='ocrx_word' id='word_1_526' title='bbox 1905 3683 1960 3739; x_wconf 90' lang='lat' dir='ltr'><strong><em>Dei</em></strong></span> 
     </span>
     <span class='ocr_line' id='line_1_37' title="bbox 265 3769 1958 3846; baseline 0.002 -25"><span class='ocrx_word' id='word_1_527' title='bbox 265 3769 310 3822; x_wconf 88' lang='lat' dir='ltr'><strong><em>eis</em></strong></span> <span class='ocrx_word' id='word_1_528' title='bbox 337 3786 393 3823; x_wconf 88' lang='lat' dir='ltr'><strong><em>non</em></strong></span> <span class='ocrx_word' id='word_1_529' title='bbox 416 3770 618 3839; x_wconf 76' lang='lat' dir='ltr'><strong><em>justificantur</em></strong></span> <span class='ocrx_word' id='word_1_530' title='bbox 641 3774 778 3845; x_wconf 77' lang='lat' dir='ltr'><strong><em>homines,</em></strong></span> <span class='ocrx_word' id='word_1_531' title='bbox 806 3778 919 3833; x_wconf 80' lang='lat' dir='ltr'><strong><em>amorne</em></strong></span> <span class='ocrx_word' id='word_1_532' title='bbox 943 3781 1016 3835; x_wconf 76' lang='lat' dir='ltr'><strong><em>enim</em></strong></span> <span class='ocrx_word' id='word_1_533' title='bbox 1037 3790 1101 3836; x_wconf 70' lang='lat' dir='ltr'><strong><em>runc</em></strong></span> <span class='ocrx_word' id='word_1_534' title='bbox 1126 3775 1164 3830; x_wconf 89' lang='lat' dir='ltr'><strong><em>ad</em></strong></span> <span class='ocrx_word' id='word_1_535' title='bbox 1189 3775 1320 3841; x_wconf 88' lang='lat' dir='ltr'><strong><em>salutem,</em></strong></span> <span class='ocrx_word' id='word_1_536' title='bbox 1345 3791 1429 3846; x_wconf 87' lang='lat' dir='ltr'><strong><em>quam</em></strong></span> <span class='ocrx_word' id='word_1_537' title='bbox 1453 3772 1626 3829; x_wconf 89' lang='lat' dir='ltr'><strong><em>annuntiatio</em></strong></span> <span class='ocrx_word' id='word_1_538' title='bbox 1651 3772 1687 3827; x_wconf 91' lang='lat' dir='ltr'><strong><em>de</em></strong></span> <span class='ocrx_word' id='word_1_539' title='bbox 1707 3770 1818 3826; x_wconf 84' lang='lat' dir='ltr'><strong><em>Christo</em></strong></span> <span class='ocrx_word' id='word_1_540' title='bbox 1837 3769 1958 3827; x_wconf 82' lang='lat' dir='ltr'><strong><em>exhibito</em></strong></span> 
     </span>
     <span class='ocr_line' id='line_1_38' title="bbox 261 3857 1957 3931; baseline 0.001 -21"><span class='ocrx_word' id='word_1_541' title='bbox 261 3858 498 3926; x_wconf 79' lang='lat' dir='ltr'><strong><em>praenuntiantes</em></strong></span> <span class='ocrx_word' id='word_1_542' title='bbox 515 3860 646 3928; x_wconf 79' lang='lat' dir='ltr'><strong><em>gratiam,</em></strong></span> <span class='ocrx_word' id='word_1_543' title='bbox 664 3878 721 3930; x_wconf 76' lang='lat' dir='ltr'><strong><em>qua</em></strong></span> <span class='ocrx_word' id='word_1_544' title='bbox 731 3863 939 3931; x_wconf 76' lang='lat' dir='ltr'><strong><em>justificamur,</em></strong></span> <span class='ocrx_word' id='word_1_545' title='bbox 956 3865 986 3921; x_wconf 86' lang='lat' dir='ltr'><strong><em>id</em></strong></span> <span class='ocrx_word' id='word_1_546' title='bbox 1003 3867 1100 3923; x_wconf 88' lang='lat' dir='ltr'><strong><em>intelli·</em></strong></span> <span class='ocrx_word' id='word_1_547' title='bbox 1126 3861 1156 3916; x_wconf 90' lang='lat' dir='ltr'><strong><em>in</em></strong></span> <span class='ocrx_word' id='word_1_548' title='bbox 1183 3861 1219 3918; x_wconf 90' lang='lat' dir='ltr'><strong><em>N.</em></strong></span> <span class='ocrx_word' id='word_1_549' title='bbox 1250 3860 1283 3915; x_wconf 90' lang='lat' dir='ltr'><strong><em>T.</em></strong></span> <span class='ocrx_word' id='word_1_550' title='bbox 1329 3864 1357 3914; x_wconf 83' lang='grc'><strong><em>3.</em></strong></span> <span class='ocrx_word' id='word_1_551' title='bbox 1380 3860 1519 3915; x_wconf 75' lang='lat' dir='ltr'><strong><em>Lsstlsem</em></strong></span> <span class='ocrx_word' id='word_1_552' title='bbox 1545 3860 1577 3913; x_wconf 82' lang='lat' dir='ltr'><strong><em>in</em></strong></span> <span class='ocrx_word' id='word_1_553' title='bbox 1607 3858 1655 3912; x_wconf 75' lang='lat' dir='ltr'><strong><em>lio.</em></strong></span> <span class='ocrx_word' id='word_1_554' title='bbox 1687 3860 1723 3912; x_wconf 84' lang='lat' dir='ltr'><strong><em>de</em></strong></span> <span class='ocrx_word' id='word_1_555' title='bbox 1752 3866 1824 3928; x_wconf 87' lang='lat' dir='ltr'><strong><em>capt.</em></strong></span> <span class='ocrx_word' id='word_1_556' title='bbox 1854 3857 1957 3925; x_wconf 73' lang='lat' dir='ltr'><strong><em>Burri</em></strong></span> 
     </span>
     <span class='ocr_line' id='line_1_39' title="bbox 264 3942 1958 4020; baseline 0.007 -23"><span class='ocrx_word' id='word_1_557' title='bbox 264 3942 391 4014; x_wconf 76' lang='lat' dir='ltr'><strong><em>gendm</em></strong></span> <span class='ocrx_word' id='word_1_558' title='bbox 421 3948 466 3999; x_wconf 86' lang='lat' dir='ltr'><strong><em>est</em></strong></span> <span class='ocrx_word' id='word_1_559' title='bbox 490 3944 526 4001; x_wconf 90' lang='lat' dir='ltr'><strong><em>do</em></strong></span> <span class='ocrx_word' id='word_1_560' title='bbox 551 3947 729 4003; x_wconf 86' lang='lat' dir='ltr'><strong><em>sacramentis</em></strong></span> <span class='ocrx_word' id='word_1_561' title='bbox 754 3948 891 4020; x_wconf 76' lang='lat' dir='ltr'><strong><em>legalibus</em></strong></span> <span class='ocrx_word' id='word_1_562' title='bbox 915 3950 975 4007; x_wconf 90' lang='lat' dir='ltr'><strong><em>sine</em></strong></span> <span class='ocrx_word' id='word_1_563' title='bbox 997 3952 1052 4010; x_wconf 88' lang='lat' dir='ltr'><strong><em>fide</em></strong></span> <span class='ocrx_word' id='word_1_564' title='bbox 1072 3955 1101 4009; x_wconf 92' lang='lat' dir='ltr'><strong><em>in</em></strong></span> <span class='ocrx_word' id='word_1_565' title='bbox 1127 3965 1190 4017; x_wconf 76' lang='lat' dir='ltr'><strong><em>tap-</em></strong></span> <span class='ocrx_word' id='word_1_566' title='bbox 1216 3949 1252 4001; x_wconf 68' lang='lat' dir='ltr'><strong><em>do</em></strong></span> <span class='ocrx_word' id='word_1_567' title='bbox 1275 3946 1387 4001; x_wconf 74' lang='lat' dir='ltr'><strong><em>setar.</em></strong></span> <span class='ocrx_word' id='word_1_568' title='bbox 1412 3954 1509 4016; x_wconf 66' lang='lat' dir='ltr'><strong><em>sesai,</em></strong></span> <span class='ocrx_word' id='word_1_569' title='bbox 1533 3946 1565 4000; x_wconf 87' lang='lat' dir='ltr'><strong><em>V·</em></strong></span> <span class='ocrx_word' id='word_1_570' title='bbox 1587 3946 1613 3998; x_wconf 84' lang='grc' dir='ltr'><em>Τ</em></span> <span class='ocrx_word' id='word_1_571' title='bbox 1611 3986 1618 3999; x_wconf 89' lang='lat'><strong>·</strong></span> <span class='ocrx_word' id='word_1_572' title='bbox 1641 3945 1769 3998; x_wconf 60' lang='lat' dir='ltr'><strong><em>Mittit&amp;</em></strong></span> <span class='ocrx_word' id='word_1_573' title='bbox 1792 3944 1958 4013; x_wconf 59' lang='grc' dir='ltr'><strong><em>Ρΐθῃῑῑθδῑθ·</em></strong></span> 
     </span>
     <span class='ocr_line' id='line_1_40' title="bbox 264 4029 1958 4110; baseline -0.001 -25"><span class='ocrx_word' id='word_1_574' title='bbox 264 4029 422 4096; x_wconf 84' lang='lat' dir='ltr'><strong><em>Christum,</em></strong></span> <span class='ocrx_word' id='word_1_575' title='bbox 439 4049 521 4103; x_wconf 89' lang='lat' dir='ltr'><strong><em>quem</em></strong></span> <span class='ocrx_word' id='word_1_576' title='bbox 538 4033 773 4107; x_wconf 85' lang='lat' dir='ltr'><strong><em>praefigurabant,</em></strong></span> <span class='ocrx_word' id='word_1_577' title='bbox 791 4038 939 4110; x_wconf 63' lang='lat' dir='ltr'><strong><em>usurpatis</em></strong></span> <span class='ocrx_word' id='word_1_578' title='bbox 970 4040 1100 4097; x_wconf 70' lang='lat' dir='ltr'><strong><em>sicenim</em></strong></span> <span class='ocrx_word' id='word_1_579' title='bbox 1126 4051 1187 4087; x_wconf 89' lang='lat' dir='ltr'><strong><em>nem</em></strong></span> <span class='ocrx_word' id='word_1_580' title='bbox 1213 4032 1387 4087; x_wconf 83' lang='lat' dir='ltr'><strong><em>remissionis</em></strong></span> <span class='ocrx_word' id='word_1_581' title='bbox 1409 4041 1597 4103; x_wconf 85' lang='lat' dir='ltr'><strong><em>peccatorum.</em></strong></span> <span class='ocrx_word' id='word_1_582' title='bbox 1636 4029 1859 4101; x_wconf 85' lang='lat' dir='ltr'><strong><em>Respondemus:</em></strong></span> <span class='ocrx_word' id='word_1_583' title='bbox 1880 4046 1958 4101; x_wconf 89' lang='lat' dir='ltr'><strong><em>repe·</em></strong></span> 
     </span>
     <span class='ocr_line' id='line_1_41' title="bbox 265 4114 1960 4196; baseline -0.001 -25"><span class='ocrx_word' id='word_1_584' title='bbox 265 4117 393 4174; x_wconf 80' lang='lat' dir='ltr'><strong><em>declarat</em></strong></span> <span class='ocrx_word' id='word_1_585' title='bbox 410 4119 585 4190; x_wconf 88' lang='lat' dir='ltr'><strong><em>Augustinus</em></strong></span> <span class='ocrx_word' id='word_1_586' title='bbox 608 4140 638 4178; x_wconf 92' lang='lat' dir='ltr'><strong><em>se</em></strong></span> <span class='ocrx_word' id='word_1_587' title='bbox 663 4123 754 4194; x_wconf 91' lang='lat' dir='ltr'><strong><em>ipsum</em></strong></span> <span class='ocrx_word' id='word_1_588' title='bbox 773 4141 820 4196; x_wconf 91' lang='lat' dir='ltr'><strong><em>qn.</em></strong></span> <span class='ocrx_word' id='word_1_589' title='bbox 839 4131 880 4182; x_wconf 82' lang='lat'><strong><em>25.</em></strong></span> <span class='ocrx_word' id='word_1_590' title='bbox 900 4125 930 4180; x_wconf 90' lang='lat' dir='ltr'><strong><em>in</em></strong></span> <span class='ocrx_word' id='word_1_591' title='bbox 944 4127 1041 4185; x_wconf 66' lang='lat' dir='ltr'><strong><em>Num:</em></strong></span> <span class='ocrx_word' id='word_1_592' title='bbox 1067 4129 1101 4184; x_wconf 75' lang='lat' dir='ltr'><strong><em>si</em></strong></span> <span class='ocrx_word' id='word_1_593' title='bbox 1126 4119 1213 4175; x_wconf 90' lang='lat' dir='ltr'><strong><em>tende</em></strong></span> <span class='ocrx_word' id='word_1_594' title='bbox 1247 4126 1289 4175; x_wconf 91' lang='lat' dir='ltr'><strong><em>est</em></strong></span> <span class='ocrx_word' id='word_1_595' title='bbox 1319 4119 1460 4175; x_wconf 71' lang='lat' dir='ltr'><strong><em>ffisfinmm</em></strong></span> <span class='ocrx_word' id='word_1_596' title='bbox 1488 4119 1614 4190; x_wconf 88' lang='lat' dir='ltr'><strong><em>superius</em></strong></span> <span class='ocrx_word' id='word_1_597' title='bbox 1643 4117 1753 4171; x_wconf 75' lang='lat' dir='ltr'><strong><em>hadita.</em></strong></span> <span class='ocrx_word' id='word_1_598' title='bbox 1798 4114 1960 4172; x_wconf 84' lang='lat' dir='ltr'><strong><em>Substantia</em></strong></span> 
     </span>
     <span class='ocr_line' id='line_1_42' title="bbox 260 4202 1958 4284; baseline -0.002 -23"><span class='ocrx_word' id='word_1_599' title='bbox 260 4222 318 4275; x_wconf 87' lang='lat' dir='ltr'><strong><em>per</em></strong></span> <span class='ocrx_word' id='word_1_600' title='bbox 335 4223 365 4260; x_wconf 89' lang='lat' dir='ltr'><strong><em>se</em></strong></span> <span class='ocrx_word' id='word_1_601' title='bbox 383 4208 568 4262; x_wconf 70' lang='lat' dir='ltr'><strong><em>numduntnr</em></strong></span> <span class='ocrx_word' id='word_1_602' title='bbox 585 4219 772 4280; x_wconf 86' lang='lat' dir='ltr'><strong><em>sacramenta,</em></strong></span> <span class='ocrx_word' id='word_1_603' title='bbox 791 4212 870 4267; x_wconf 83' lang='lat' dir='ltr'><strong><em>nullo</em></strong></span> <span class='ocrx_word' id='word_1_604' title='bbox 883 4221 969 4282; x_wconf 75' lang='lat' dir='ltr'><strong><em>pasto</em></strong></span> <span class='ocrx_word' id='word_1_605' title='bbox 981 4223 1101 4284; x_wconf 64' lang='lat' dir='ltr'><strong><em>possunt</em></strong></span> <span class='ocrx_word' id='word_1_606' title='bbox 1127 4205 1161 4261; x_wconf 90' lang='lat' dir='ltr'><strong><em>V.</em></strong></span> <span class='ocrx_word' id='word_1_607' title='bbox 1179 4205 1213 4261; x_wconf 94' lang='lat' dir='ltr'><strong><em>T.</em></strong></span> <span class='ocrx_word' id='word_1_608' title='bbox 1231 4223 1288 4261; x_wconf 93' lang='lat' dir='ltr'><strong><em>non</em></strong></span> <span class='ocrx_word' id='word_1_609' title='bbox 1303 4206 1439 4261; x_wconf 89' lang='lat' dir='ltr'><strong><em>continuit</em></strong></span> <span class='ocrx_word' id='word_1_610' title='bbox 1454 4204 1661 4276; x_wconf 88' lang='lat' dir='ltr'><strong><em>promissionem</em></strong></span> <span class='ocrx_word' id='word_1_611' title='bbox 1679 4204 1715 4259; x_wconf 91' lang='lat' dir='ltr'><strong><em>de</em></strong></span> <span class='ocrx_word' id='word_1_612' title='bbox 1725 4202 1884 4259; x_wconf 90' lang='lat' dir='ltr'><strong><em>remissione</em></strong></span> <span class='ocrx_word' id='word_1_613' title='bbox 1895 4219 1958 4273; x_wconf 88' lang='lat' dir='ltr'><strong><em>pee-</em></strong></span> 
     </span>
     <span class='ocr_line' id='line_1_43' title="bbox 264 4289 1958 4367; baseline -0.001 -21"><span class='ocrx_word' id='word_1_614' title='bbox 264 4293 374 4347; x_wconf 74' lang='lat' dir='ltr'><strong><em>mederi</em></strong></span> <span class='ocrx_word' id='word_1_615' title='bbox 378 4313 392 4359; x_wconf 80' lang='lat'><strong><em>,¹</em></strong></span> <span class='ocrx_word' id='word_1_616' title='bbox 426 4293 455 4346; x_wconf 81' lang='lat' dir='ltr'><strong><em>si</em></strong></span> <span class='ocrx_word' id='word_1_617' title='bbox 479 4302 570 4348; x_wconf 84' lang='lat' dir='ltr'><strong><em>autem</em></strong></span> <span class='ocrx_word' id='word_1_618' title='bbox 593 4312 639 4348; x_wconf 86' lang='lat' dir='ltr'><strong><em>res</em></strong></span> <span class='ocrx_word' id='word_1_619' title='bbox 663 4297 758 4365; x_wconf 84' lang='lat' dir='ltr'><strong><em>ipsus,</em></strong></span> <span class='ocrx_word' id='word_1_620' title='bbox 783 4315 902 4367; x_wconf 78' lang='lat' dir='ltr'><strong><em>quarum</em></strong></span> <span class='ocrx_word' id='word_1_621' title='bbox 919 4300 989 4354; x_wconf 80' lang='lat' dir='ltr'><strong><em>haec</em></strong></span> <span class='ocrx_word' id='word_1_622' title='bbox 1005 4317 1100 4354; x_wconf 60' lang='lat' dir='ltr'><strong><em>sama-</em></strong></span> <span class='ocrx_word' id='word_1_623' title='bbox 1127 4297 1265 4359; x_wconf 82' lang='lat' dir='ltr'><strong><em>catorum,</em></strong></span> <span class='ocrx_word' id='word_1_624' title='bbox 1296 4293 1406 4348; x_wconf 82' lang='lat' dir='ltr'><strong><em>interim</em></strong></span> <span class='ocrx_word' id='word_1_625' title='bbox 1426 4297 1520 4347; x_wconf 57' lang='lat' dir='ltr'><strong><em>umen</em></strong></span> <span class='ocrx_word' id='word_1_626' title='bbox 1543 4297 1652 4363; x_wconf 82' lang='lat' dir='ltr'><strong><em>patres,</em></strong></span> <span class='ocrx_word' id='word_1_627' title='bbox 1674 4291 1722 4362; x_wconf 85' lang='lat' dir='ltr'><strong><em>qui</em></strong></span> <span class='ocrx_word' id='word_1_628' title='bbox 1745 4289 1874 4346; x_wconf 80' lang='lat' dir='ltr'><strong><em>vixerunt</em></strong></span> <span class='ocrx_word' id='word_1_629' title='bbox 1889 4297 1958 4346; x_wconf 82' lang='lat' dir='ltr'><strong><em>tem·</em></strong></span> 
     </span>
     <span class='ocr_line' id='line_1_44' title="bbox 263 4377 1957 4456; baseline -0.001 -24"><span class='ocrx_word' id='word_1_630' title='bbox 263 4384 359 4432; x_wconf 84' lang='lat' dir='ltr'><strong><em>menta</em></strong></span> <span class='ocrx_word' id='word_1_631' title='bbox 375 4386 450 4447; x_wconf 74' lang='lat' dir='ltr'><strong><em>nint,</em></strong></span> <span class='ocrx_word' id='word_1_632' title='bbox 469 4379 659 4451; x_wconf 72' lang='lat' dir='ltr'><strong><em>inquirantur,</em></strong></span> <span class='ocrx_word' id='word_1_633' title='bbox 677 4384 707 4437; x_wconf 82' lang='lat' dir='ltr'><strong><em>in</em></strong></span> <span class='ocrx_word' id='word_1_634' title='bbox 725 4384 766 4437; x_wconf 83' lang='lat' dir='ltr'><strong><em>eiss</em></strong></span> <span class='ocrx_word' id='word_1_635' title='bbox 782 4386 904 4439; x_wconf 83' lang='lat' dir='ltr'><strong><em>inueniri</em></strong></span> <span class='ocrx_word' id='word_1_636' title='bbox 915 4387 1100 4456; x_wconf 86' lang='lat' dir='ltr'><strong><em>poteritpur·</em></strong></span> <span class='ocrx_word' id='word_1_637' title='bbox 1125 4396 1193 4449; x_wconf 89' lang='lat' dir='ltr'><strong><em>pore</em></strong></span> <span class='ocrx_word' id='word_1_638' title='bbox 1210 4380 1245 4437; x_wconf 93' lang='lat' dir='ltr'><strong><em>V.</em></strong></span> <span class='ocrx_word' id='word_1_639' title='bbox 1263 4379 1297 4437; x_wconf 91' lang='lat' dir='ltr'><strong><em>T.</em></strong></span> <span class='ocrx_word' id='word_1_640' title='bbox 1316 4380 1474 4436; x_wconf 90' lang='lat' dir='ltr'><strong><em>habuerunt</em></strong></span> <span class='ocrx_word' id='word_1_641' title='bbox 1490 4379 1567 4433; x_wconf 86' lang='lat' dir='ltr'><strong><em>illem</em></strong></span> <span class='ocrx_word' id='word_1_642' title='bbox 1585 4377 1790 4449; x_wconf 89' lang='lat' dir='ltr'><strong><em>promissionem</em></strong></span> <span class='ocrx_word' id='word_1_643' title='bbox 1809 4377 1845 4431; x_wconf 89' lang='lat' dir='ltr'><strong><em>de</em></strong></span> <span class='ocrx_word' id='word_1_644' title='bbox 1862 4377 1957 4432; x_wconf 88' lang='lat' dir='ltr'><strong><em>remis·</em></strong></span> 
     </span>
     <span class='ocr_line' id='line_1_45' title="bbox 263 4462 1958 4542; baseline 0.006 -23"><span class='ocrx_word' id='word_1_645' title='bbox 263 4466 343 4535; x_wconf 73' lang='lat' dir='ltr'><strong><em>potio</em></strong></span> <span class='ocrx_word' id='word_1_646' title='bbox 357 4471 546 4535; x_wconf 79' lang='lat' dir='ltr'><strong><em>peccatos-sem.</em></strong></span> <span class='ocrx_word' id='word_1_647' title='bbox 582 4475 661 4523; x_wconf 77' lang='lat' dir='ltr'><strong><em>tract.</em></strong></span> <span class='ocrx_word' id='word_1_648' title='bbox 680 4470 864 4526; x_wconf 68' lang='lat' dir='ltr'><strong><em>saintois:</em></strong></span> <span class='ocrx_word' id='word_1_649' title='bbox 889 4472 926 4526; x_wconf 89' lang='lat' dir='ltr'><strong><em>In</em></strong></span> <span class='ocrx_word' id='word_1_650' title='bbox 949 4473 1038 4542; x_wconf 73' lang='lat' dir='ltr'><strong><em>sionis</em></strong></span> <span class='ocrx_word' id='word_1_651' title='bbox 1056 4474 1099 4528; x_wconf 84' lang='lat' dir='ltr'><strong><em>di·</em></strong></span> <span class='ocrx_word' id='word_1_652' title='bbox 1126 4468 1204 4523; x_wconf 76' lang='lat' dir='ltr'><strong><em>tione</em></strong></span> <span class='ocrx_word' id='word_1_653' title='bbox 1228 4472 1419 4539; x_wconf 56' lang='lat' dir='ltr'><strong><em>potamum,</em></strong></span> <span class='ocrx_word' id='word_1_654' title='bbox 1446 4466 1512 4537; x_wconf 90' lang='lat' dir='ltr'><strong><em>qnia</em></strong></span> <span class='ocrx_word' id='word_1_655' title='bbox 1536 4470 1660 4536; x_wconf 60' lang='lat' dir='ltr'><strong><em>lemtim</em></strong></span> <span class='ocrx_word' id='word_1_656' title='bbox 1677 4463 1713 4520; x_wconf 77' lang='lat' dir='ltr'><strong><em>V·</em></strong></span> <span class='ocrx_word' id='word_1_657' title='bbox 1733 4462 1767 4519; x_wconf 83' lang='grc' dir='ltr'><strong><em>Τ·</em></strong></span> <span class='ocrx_word' id='word_1_658' title='bbox 1790 4481 1847 4519; x_wconf 72' lang='lat' dir='ltr'>¹10ss</span> <span class='ocrx_word' id='word_1_659' title='bbox 1868 4464 1958 4520; x_wconf 62' lang='lat' dir='ltr'><strong><em>mlum</em></strong></span> 
     </span>
     <span class='ocr_line' id='line_1_46' title="bbox 263 4549 1957 4631; baseline 0 -27"><span class='ocrx_word' id='word_1_660' title='bbox 263 4551 354 4605; x_wconf 58' lang='lat' dir='ltr'><strong><em>mnu</em></strong></span> <span class='ocrx_word' id='word_1_661' title='bbox 368 4552 449 4617; x_wconf 82' lang='lat' dir='ltr'><strong><em>sides</em></strong></span> <span class='ocrx_word' id='word_1_662' title='bbox 466 4554 580 4618; x_wconf 71' lang='lat' dir='ltr'><strong><em>mecm,</em></strong></span> <span class='ocrx_word' id='word_1_663' title='bbox 600 4555 672 4608; x_wconf 85' lang='lat' dir='ltr'><strong><em>ss&#39;cut</em></strong></span> <span class='ocrx_word' id='word_1_664' title='bbox 689 4556 720 4609; x_wconf 88' lang='lat' dir='ltr'><strong><em>in</em></strong></span> <span class='ocrx_word' id='word_1_665' title='bbox 737 4558 856 4611; x_wconf 65' lang='lat' dir='ltr'><strong><em>divesis</em></strong></span> <span class='ocrx_word' id='word_1_666' title='bbox 875 4558 966 4612; x_wconf 67' lang='lat' dir='ltr'><strong><em>raim</em></strong></span> <span class='ocrx_word' id='word_1_667' title='bbox 983 4559 1018 4628; x_wconf 89' lang='lat' dir='ltr'><strong><em>(si</em></strong></span> <span class='ocrx_word' id='word_1_668' title='bbox 1036 4577 1098 4631; x_wconf 87' lang='lat' dir='ltr'><strong><em>pro·</em></strong></span> <span class='ocrx_word' id='word_1_669' title='bbox 1126 4554 1178 4618; x_wconf 86' lang='lat' dir='ltr'><strong><em>lex,</em></strong></span> <span class='ocrx_word' id='word_1_670' title='bbox 1196 4554 1246 4610; x_wconf 89' lang='lat' dir='ltr'><strong><em>sed</em></strong></span> <span class='ocrx_word' id='word_1_671' title='bbox 1264 4554 1349 4609; x_wconf 88' lang='lat' dir='ltr'><strong><em>etiam</em></strong></span> <span class='ocrx_word' id='word_1_672' title='bbox 1366 4551 1540 4624; x_wconf 83' lang='lat' dir='ltr'><strong><em>evangelium</em></strong></span> <span class='ocrx_word' id='word_1_673' title='bbox 1559 4550 1594 4606; x_wconf 91' lang='lat' dir='ltr'><strong><em>de</em></strong></span> <span class='ocrx_word' id='word_1_674' title='bbox 1610 4549 1703 4622; x_wconf 59' lang='lat' dir='ltr'><strong><em>mstis</em></strong></span> <span class='ocrx_word' id='word_1_675' title='bbox 1719 4549 1782 4619; x_wconf 90' lang='lat' dir='ltr'><strong><em>Dei,</em></strong></span> <span class='ocrx_word' id='word_1_676' title='bbox 1797 4550 1957 4605; x_wconf 91' lang='lat' dir='ltr'><strong><em>remissione</em></strong></span> 
     </span>
     <span class='ocr_line' id='line_1_47' title="bbox 264 4634 1957 4716; baseline -0.001 -24"><span class='ocrx_word' id='word_1_677' title='bbox 264 4637 359 4692; x_wconf 88' lang='lat' dir='ltr'><strong><em>missio</em></strong></span> <span class='ocrx_word' id='word_1_678' title='bbox 382 4644 413 4693; x_wconf 89' lang='lat' dir='ltr'><strong><em>et</em></strong></span> <span class='ocrx_word' id='word_1_679' title='bbox 432 4637 503 4693; x_wconf 87' lang='lat' dir='ltr'><strong><em>fides</em></strong></span> <span class='ocrx_word' id='word_1_680' title='bbox 529 4640 639 4709; x_wconf 90' lang='lat' dir='ltr'><strong><em>eadem,</em></strong></span> <span class='ocrx_word' id='word_1_681' title='bbox 663 4641 759 4713; x_wconf 90' lang='lat' dir='ltr'><strong><em>utique</em></strong></span> <span class='ocrx_word' id='word_1_682' title='bbox 783 4642 865 4698; x_wconf 90' lang='lat' dir='ltr'><strong><em>etism</em></strong></span> <span class='ocrx_word' id='word_1_683' title='bbox 885 4646 982 4700; x_wconf 82' lang='lat' dir='ltr'><strong><em>eadem</em></strong></span> <span class='ocrx_word' id='word_1_684' title='bbox 997 4645 1099 4716; x_wconf 79' lang='lat' dir='ltr'><strong><em>justifi-</em></strong></span> <span class='ocrx_word' id='word_1_685' title='bbox 1125 4646 1302 4711; x_wconf 78' lang='lat' dir='ltr'><strong><em>penestarum</em></strong></span> <span class='ocrx_word' id='word_1_686' title='bbox 1320 4646 1349 4694; x_wconf 90' lang='lat' dir='ltr'><strong><em>et</em></strong></span> <span class='ocrx_word' id='word_1_687' title='bbox 1365 4639 1424 4693; x_wconf 84' lang='lat' dir='ltr'><strong><em>rita</em></strong></span> <span class='ocrx_word' id='word_1_688' title='bbox 1442 4644 1556 4693; x_wconf 86' lang='lat' dir='ltr'><strong><em>aeterna</em></strong></span> <span class='ocrx_word' id='word_1_689' title='bbox 1573 4635 1750 4692; x_wconf 87' lang='lat' dir='ltr'><strong><em>credentibus</em></strong></span> <span class='ocrx_word' id='word_1_690' title='bbox 1768 4635 1798 4690; x_wconf 92' lang='lat' dir='ltr'><strong><em>in</em></strong></span> <span class='ocrx_word' id='word_1_691' title='bbox 1816 4634 1957 4692; x_wconf 84' lang='lat' dir='ltr'><strong><em>Christum</em></strong></span> 
     </span>
    </p>

    <p class='ocr_par' dir='ltr' id='par_1_4' title="bbox 216 4721 1958 5142">
     <span class='ocr_line' id='line_1_48' title="bbox 216 4721 1955 4798; baseline -0.001 -21"><span class='ocrx_word' id='word_1_692' title='bbox 216 4734 253 4778; x_wconf 73' lang='lat' dir='ltr'><strong><em>ss</em></strong></span> <span class='ocrx_word' id='word_1_693' title='bbox 266 4723 384 4779; x_wconf 88' lang='lat' dir='ltr'><strong><em>estionis</em></strong></span> <span class='ocrx_word' id='word_1_694' title='bbox 404 4724 515 4795; x_wconf 85' lang='lat' dir='ltr'><strong><em>grstia).</em></strong></span> <span class='ocrx_word' id='word_1_695' title='bbox 551 4725 656 4789; x_wconf 86' lang='lat' dir='ltr'><strong><em>Quodsi</em></strong></span> <span class='ocrx_word' id='word_1_696' title='bbox 675 4728 885 4798; x_wconf 86' lang='lat' dir='ltr'><strong><em>explicationem</em></strong></span> <span class='ocrx_word' id='word_1_697' title='bbox 901 4730 978 4785; x_wconf 90' lang='lat' dir='ltr'><strong><em>illam</em></strong></span> <span class='ocrx_word' id='word_1_698' title='bbox 994 4729 1098 4787; x_wconf 84' lang='lat' dir='ltr'><strong><em>Bellar-</em></strong></span> <span class='ocrx_word' id='word_1_699' title='bbox 1125 4725 1254 4781; x_wconf 91' lang='lat' dir='ltr'><strong><em>donanda</em></strong></span> <span class='ocrx_word' id='word_1_700' title='bbox 1271 4726 1300 4780; x_wconf 94' lang='lat' dir='ltr'><strong><em>in</em></strong></span> <span class='ocrx_word' id='word_1_701' title='bbox 1318 4723 1436 4780; x_wconf 88' lang='lat' dir='ltr'><strong><em>eeclesia</em></strong></span> <span class='ocrx_word' id='word_1_702' title='bbox 1446 4722 1602 4778; x_wconf 69' lang='lat' dir='ltr'><strong><em>israelitica</em></strong></span> <span class='ocrx_word' id='word_1_703' title='bbox 1615 4721 1715 4793; x_wconf 76' lang='lat' dir='ltr'><strong><em>sensit,</em></strong></span> <span class='ocrx_word' id='word_1_704' title='bbox 1728 4738 1800 4793; x_wconf 88' lang='lat' dir='ltr'><strong><em>qnae</em></strong></span> <span class='ocrx_word' id='word_1_705' title='bbox 1811 4722 1955 4793; x_wconf 91' lang='lat' dir='ltr'><strong><em>promissio</em></strong></span> 
     </span>
     <span class='ocr_line' id='line_1_49' title="bbox 265 4809 1955 4891; baseline -0.001 -27"><span class='ocrx_word' id='word_1_706' title='bbox 265 4809 358 4865; x_wconf 88' lang='lat' dir='ltr'><strong><em>minus</em></strong></span> <span class='ocrx_word' id='word_1_707' title='bbox 390 4827 448 4866; x_wconf 92' lang='lat' dir='ltr'><strong><em>non</em></strong></span> <span class='ocrx_word' id='word_1_708' title='bbox 477 4811 611 4881; x_wconf 79' lang='lat' dir='ltr'><strong><em>admittit,</em></strong></span> <span class='ocrx_word' id='word_1_709' title='bbox 644 4814 749 4869; x_wconf 91' lang='lat' dir='ltr'><strong><em>utimur</em></strong></span> <span class='ocrx_word' id='word_1_710' title='bbox 776 4832 810 4871; x_wconf 90' lang='lat' dir='ltr'><strong><em>ea</em></strong></span> <span class='ocrx_word' id='word_1_711' title='bbox 835 4816 977 4887; x_wconf 88' lang='lat' dir='ltr'><strong><em>libertate,</em></strong></span> <span class='ocrx_word' id='word_1_712' title='bbox 1015 4836 1098 4891; x_wconf 86' lang='lat' dir='ltr'><strong><em>quam</em></strong></span> <span class='ocrx_word' id='word_1_713' title='bbox 1124 4830 1175 4883; x_wconf 94' lang='lat' dir='ltr'><strong><em>per</em></strong></span> <span class='ocrx_word' id='word_1_714' title='bbox 1192 4811 1427 4867; x_wconf 88' lang='lat' dir='ltr'><strong><em>circumcisionem</em></strong></span> <span class='ocrx_word' id='word_1_715' title='bbox 1444 4810 1498 4866; x_wconf 81' lang='lat' dir='ltr'><strong><em>fuit</em></strong></span> <span class='ocrx_word' id='word_1_716' title='bbox 1514 4810 1582 4883; x_wconf 89' lang='lat' dir='ltr'><strong><em>ipsis</em></strong></span> <span class='ocrx_word' id='word_1_717' title='bbox 1600 4810 1740 4881; x_wconf 89' lang='lat' dir='ltr'><strong><em>applicata</em></strong></span> <span class='ocrx_word' id='word_1_718' title='bbox 1757 4817 1785 4865; x_wconf 91' lang='lat' dir='ltr'><strong><em>et</em></strong></span> <span class='ocrx_word' id='word_1_719' title='bbox 1800 4810 1955 4880; x_wconf 89' lang='lat' dir='ltr'><strong><em>obsignata.</em></strong></span> 
     </span>
     <span class='ocr_line' id='line_1_50' title="bbox 266 4895 1957 4972; baseline 0.008 -21"><span class='ocrx_word' id='word_1_720' title='bbox 266 4895 384 4967; x_wconf 69' lang='lat' dir='ltr'><strong><em>ipsam</em></strong></span> <span class='ocrx_word' id='word_1_721' title='bbox 411 4896 587 4969; x_wconf 86' lang='lat' dir='ltr'><strong><em>Augustinus</em></strong></span> <span class='ocrx_word' id='word_1_722' title='bbox 613 4899 643 4952; x_wconf 93' lang='lat' dir='ltr'><strong><em>in</em></strong></span> <span class='ocrx_word' id='word_1_723' title='bbox 671 4900 767 4956; x_wconf 87' lang='lat' dir='ltr'><strong><em>esdem</em></strong></span> <span class='ocrx_word' id='word_1_724' title='bbox 789 4901 907 4972; x_wconf 88' lang='lat' dir='ltr'><strong><em>epistola</em></strong></span> <span class='ocrx_word' id='word_1_725' title='bbox 930 4902 1010 4959; x_wconf 89' lang='lat' dir='ltr'><strong><em>nobis</em></strong></span> <span class='ocrx_word' id='word_1_726' title='bbox 1035 4921 1098 4960; x_wconf 89' lang='lat' dir='ltr'><strong><em>con·</em></strong></span> <span class='ocrx_word' id='word_1_727' title='bbox 1125 4904 1149 4956; x_wconf 73' lang='lat' dir='ltr'><strong>l.</strong></span> <span class='ocrx_word' id='word_1_728' title='bbox 1164 4899 1348 4964; x_wconf 63' lang='lat' dir='ltr'><strong><em>Sacrificium</em></strong></span> <span class='ocrx_word' id='word_1_729' title='bbox 1357 4899 1438 4963; x_wconf 68' lang='lat' dir='ltr'><strong><em>Abtl·</em></strong></span> <span class='ocrx_word' id='word_1_730' title='bbox 1451 4896 1612 4965; x_wconf 50' lang='lat' dir='ltr'><strong><em>&amp;invium</em></strong></span> <span class='ocrx_word' id='word_1_731' title='bbox 1626 4895 1957 4965; x_wconf 57' lang='lat' dir='ltr'><strong><em>ffldtvussrlmlt’ttt&#39;um</em></strong></span> 
     </span>
     <span class='ocr_line' id='line_1_51' title="bbox 266 4982 1957 5059; baseline -0.003 -20"><span class='ocrx_word' id='word_1_732' title='bbox 266 4983 355 5048; x_wconf 78' lang='lat' dir='ltr'><strong><em>cedo,</em></strong></span> <span class='ocrx_word' id='word_1_733' title='bbox 382 4990 416 5038; x_wconf 90' lang='lat' dir='ltr'><strong><em>ut</em></strong></span> <span class='ocrx_word' id='word_1_734' title='bbox 443 5000 478 5039; x_wconf 88' lang='lat' dir='ltr'><strong><em>ex</em></strong></span> <span class='ocrx_word' id='word_1_735' title='bbox 500 4986 638 5040; x_wconf 76' lang='lat' dir='ltr'><strong><em>mnonieis</em></strong></span> <span class='ocrx_word' id='word_1_736' title='bbox 665 4987 774 5059; x_wconf 90' lang='lat' dir='ltr'><strong><em>scriptis</em></strong></span> <span class='ocrx_word' id='word_1_737' title='bbox 799 4995 923 5046; x_wconf 84' lang='lat' dir='ltr'><strong><em>veterum</em></strong></span> <span class='ocrx_word' id='word_1_738' title='bbox 949 4992 1100 5049; x_wconf 90' lang='lat' dir='ltr'><strong><em>sententias</em></strong></span> <span class='ocrx_word' id='word_1_739' title='bbox 1126 4986 1222 5039; x_wconf 78' lang='lat' dir='ltr'><strong><em>Aeliae</em></strong></span> <span class='ocrx_word' id='word_1_740' title='bbox 1237 5003 1294 5039; x_wconf 92' lang='lat' dir='ltr'><strong><em>non</em></strong></span> <span class='ocrx_word' id='word_1_741' title='bbox 1309 4985 1462 5039; x_wconf 75' lang='lat' dir='ltr'><strong><em>babrmrunt</em></strong></span> <span class='ocrx_word' id='word_1_742' title='bbox 1477 4984 1691 5053; x_wconf 58' lang='lat' dir='ltr'><strong><em>promissorem</em></strong></span> <span class='ocrx_word' id='word_1_743' title='bbox 1706 4982 1879 5037; x_wconf 85' lang='lat' dir='ltr'><strong><em>remissionis</em></strong></span> <span class='ocrx_word' id='word_1_744' title='bbox 1893 4997 1957 5050; x_wconf 89' lang='lat' dir='ltr'><strong><em>pec-</em></strong></span> 
     </span>
     <span class='ocr_line' id='line_1_52' title="bbox 265 5065 1958 5142; baseline -0.002 -17"><span class='ocrx_word' id='word_1_745' title='bbox 265 5069 451 5126; x_wconf 82' lang='lat' dir='ltr'><strong><em>aestimemus.</em></strong></span> <span class='ocrx_word' id='word_1_746' title='bbox 1126 5082 1260 5128; x_wconf 71' lang='lat' dir='ltr'><strong><em>amorum.</em></strong></span> <span class='ocrx_word' id='word_1_747' title='bbox 1294 5071 1516 5142; x_wconf 87' lang='lat' dir='ltr'><strong><em>Respondemus:</em></strong></span> <span class='ocrx_word' id='word_1_748' title='bbox 1541 5069 1682 5125; x_wconf 89' lang='lat' dir='ltr'><strong><em>ordinaria</em></strong></span> <span class='ocrx_word' id='word_1_749' title='bbox 1705 5076 1734 5125; x_wconf 91' lang='lat' dir='ltr'><strong><em>et</em></strong></span> <span class='ocrx_word' id='word_1_750' title='bbox 1756 5067 1866 5140; x_wconf 87' lang='lat' dir='ltr'><strong><em>proprio</em></strong></span> <span class='ocrx_word' id='word_1_751' title='bbox 1883 5065 1958 5122; x_wconf 85' lang='lat' dir='ltr'><strong><em>diets</em></strong></span> 
     </span>
    </p>

    <p class='ocr_par' dir='ltr' id='par_1_5' title="bbox 216 5155 1961 5928">
     <span class='ocr_line' id='line_1_53' title="bbox 216 5155 1957 5236; baseline 0.005 -24"><span class='ocrx_word' id='word_1_752' title='bbox 216 5181 254 5214; x_wconf 83' lang='lat' dir='ltr'><strong><em>ns.</em></strong></span> <span class='ocrx_word' id='word_1_753' title='bbox 302 5162 346 5213; x_wconf 76' lang='lat' dir='ltr'><strong><em>ti.</em></strong></span> <span class='ocrx_word' id='word_1_754' title='bbox 361 5155 432 5227; x_wconf 76' lang='lat' dir='ltr'><strong><em>cap.</em></strong></span> <span class='ocrx_word' id='word_1_755' title='bbox 446 5161 485 5212; x_wconf 85' lang='lat' dir='ltr'><strong><em>to.</em></strong></span> <span class='ocrx_word' id='word_1_756' title='bbox 498 5157 627 5228; x_wconf 86' lang='lat' dir='ltr'><strong><em>producit</em></strong></span> <span class='ocrx_word' id='word_1_757' title='bbox 635 5158 782 5215; x_wconf 85' lang='lat' dir='ltr'><strong><em>cardinalis</em></strong></span> <span class='ocrx_word' id='word_1_758' title='bbox 791 5159 975 5219; x_wconf 85' lang='lat' dir='ltr'><strong><em>Bellarminus</em></strong></span> <span class='ocrx_word' id='word_1_759' title='bbox 983 5170 1102 5236; x_wconf 89' lang='lat' dir='ltr'><strong><em>quatuor</em></strong></span> <span class='ocrx_word' id='word_1_760' title='bbox 1126 5165 1300 5216; x_wconf 62' lang='lat' dir='ltr'><strong><em>estromenta</em></strong></span> <span class='ocrx_word' id='word_1_761' title='bbox 1328 5157 1363 5213; x_wconf 83' lang='lat' dir='ltr'><strong><em>V·</em></strong></span> <span class='ocrx_word' id='word_1_762' title='bbox 1393 5155 1426 5214; x_wconf 80' lang='lat' dir='ltr'><strong><em>T·</em></strong></span> <span class='ocrx_word' id='word_1_763' title='bbox 1455 5155 1568 5212; x_wconf 67' lang='lat' dir='ltr'><strong><em>fuerunt</em></strong></span> <span class='ocrx_word' id='word_1_764' title='bbox 1598 5155 1769 5211; x_wconf 65' lang='grc' dir='ltr'><strong><em>θὶΐῦῑῑωθῑῦῑῡ</em></strong></span> <span class='ocrx_word' id='word_1_765' title='bbox 1804 5160 1833 5209; x_wconf 65' lang='lat' dir='ltr'><strong><em>ei</em></strong></span> <span class='ocrx_word' id='word_1_766' title='bbox 1867 5170 1957 5225; x_wconf 63' lang='grc' dir='ltr'><strong><em>ΨΜ</em></strong></span> 
     </span>
     <span class='ocr_line' id='line_1_54' title="bbox 265 5240 1954 5318; baseline -0.002 -20"><span class='ocrx_word' id='word_1_767' title='bbox 265 5242 402 5298; x_wconf 63' lang='lat' dir='ltr'><strong><em>rabones:</em></strong></span> <span class='ocrx_word' id='word_1_768' title='bbox 420 5246 446 5296; x_wconf 88' lang='lat'><strong><em>1.</em></strong></span> <span class='ocrx_word' id='word_1_769' title='bbox 465 5243 582 5298; x_wconf 82' lang='lat' dir='ltr'><strong><em>Nullum</em></strong></span> <span class='ocrx_word' id='word_1_770' title='bbox 597 5254 689 5314; x_wconf 87' lang='lat' dir='ltr'><strong><em>potest</em></strong></span> <span class='ocrx_word' id='word_1_771' title='bbox 706 5248 773 5300; x_wconf 83' lang='lat' dir='ltr'><strong><em>dari</em></strong></span> <span class='ocrx_word' id='word_1_772' title='bbox 790 5259 995 5305; x_wconf 88' lang='lat' dir='ltr'><strong><em>sacramentum</em></strong></span> <span class='ocrx_word' id='word_1_773' title='bbox 1016 5252 1047 5307; x_wconf 87' lang='lat' dir='ltr'><strong><em>V.</em></strong></span> <span class='ocrx_word' id='word_1_774' title='bbox 1069 5254 1101 5308; x_wconf 84' lang='lat' dir='ltr'><strong><em>T.</em></strong></span> <span class='ocrx_word' id='word_1_775' title='bbox 1126 5246 1280 5318; x_wconf 81' lang='lat' dir='ltr'><strong><em>pasehalis3</em></strong></span> <span class='ocrx_word' id='word_1_776' title='bbox 1314 5243 1423 5316; x_wconf 87' lang='lat' dir='ltr'><strong><em>reliqua</em></strong></span> <span class='ocrx_word' id='word_1_777' title='bbox 1446 5241 1605 5314; x_wconf 84' lang='lat' dir='ltr'><strong><em>analogiam</em></strong></span> <span class='ocrx_word' id='word_1_778' title='bbox 1622 5240 1762 5314; x_wconf 87' lang='lat' dir='ltr'><strong><em>quandam</em></strong></span> <span class='ocrx_word' id='word_1_779' title='bbox 1779 5256 1842 5294; x_wconf 89' lang='lat' dir='ltr'><strong><em>cum</em></strong></span> <span class='ocrx_word' id='word_1_780' title='bbox 1862 5256 1954 5295; x_wconf 86' lang='lat' dir='ltr'><strong><em>saera-</em></strong></span> 
     </span>
     <span class='ocr_line' id='line_1_55' title="bbox 266 5324 1957 5407; baseline -0.003 -23"><span class='ocrx_word' id='word_1_781' title='bbox 266 5331 346 5401; x_wconf 73' lang='lat' dir='ltr'><strong><em>puod</em></strong></span> <span class='ocrx_word' id='word_1_782' title='bbox 363 5330 466 5384; x_wconf 77' lang='lat' dir='ltr'><strong><em>habeut</em></strong></span> <span class='ocrx_word' id='word_1_783' title='bbox 484 5347 620 5385; x_wconf 75' lang='lat' dir='ltr'><strong><em>annerum</em></strong></span> <span class='ocrx_word' id='word_1_784' title='bbox 634 5333 851 5401; x_wconf 84' lang='lat' dir='ltr'><strong><em>promissionem</em></strong></span> <span class='ocrx_word' id='word_1_785' title='bbox 867 5337 986 5405; x_wconf 67' lang='lat' dir='ltr'><strong><em>gratiae.</em></strong></span> <span class='ocrx_word' id='word_1_786' title='bbox 1021 5340 1101 5407; x_wconf 75' lang='lat' dir='ltr'><strong><em>Erpo</em></strong></span> <span class='ocrx_word' id='word_1_787' title='bbox 1126 5333 1226 5389; x_wconf 90' lang='lat' dir='ltr'><strong><em>mentis</em></strong></span> <span class='ocrx_word' id='word_1_788' title='bbox 1243 5330 1409 5388; x_wconf 86' lang='lat' dir='ltr'><strong><em>obtinentin</em></strong></span> <span class='ocrx_word' id='word_1_789' title='bbox 1421 5327 1629 5387; x_wconf 83' lang='lat' dir='ltr'><strong><em>confirmatione</em></strong></span> <span class='ocrx_word' id='word_1_790' title='bbox 1639 5327 1713 5383; x_wconf 88' lang='lat' dir='ltr'><strong><em>fidei.</em></strong></span> <span class='ocrx_word' id='word_1_791' title='bbox 1739 5325 1814 5382; x_wconf 86' lang='lat' dir='ltr'><strong><em>Abel</em></strong></span> <span class='ocrx_word' id='word_1_792' title='bbox 1828 5343 1862 5381; x_wconf 86' lang='lat' dir='ltr'><strong><em>ex</em></strong></span> <span class='ocrx_word' id='word_1_793' title='bbox 1873 5324 1957 5380; x_wconf 87' lang='lat' dir='ltr'><strong><em>sacri·</em></strong></span> 
     </span>
     <span class='ocr_line' id='line_1_56' title="bbox 265 5406 1958 5492; baseline -0.002 -20"><span class='ocrx_word' id='word_1_794' title='bbox 265 5417 376 5472; x_wconf 81' lang='lat' dir='ltr'><strong><em>ssuiium</em></strong></span> <span class='ocrx_word' id='word_1_795' title='bbox 409 5432 505 5471; x_wconf 87' lang='lat' dir='ltr'><strong><em>eorum</em></strong></span> <span class='ocrx_word' id='word_1_796' title='bbox 528 5419 721 5488; x_wconf 78' lang='lat' dir='ltr'><strong><em>justificabat.</em></strong></span> <span class='ocrx_word' id='word_1_797' title='bbox 767 5419 993 5491; x_wconf 82' lang='lat' dir='ltr'><strong><em>Respondemus:</em></strong></span> <span class='ocrx_word' id='word_1_798' title='bbox 1029 5406 1182 5492; x_wconf 67' lang='lat' dir='ltr'><strong><em>con-lfieii</em></strong></span> <span class='ocrx_word' id='word_1_799' title='bbox 1199 5418 1370 5485; x_wconf 90' lang='lat' dir='ltr'><strong><em>incensione,</em></strong></span> <span class='ocrx_word' id='word_1_800' title='bbox 1394 5415 1508 5473; x_wconf 90' lang='lat' dir='ltr'><strong><em>Noshns</em></strong></span> <span class='ocrx_word' id='word_1_801' title='bbox 1526 5432 1560 5471; x_wconf 85' lang='lat' dir='ltr'><strong><em>ex</em></strong></span> <span class='ocrx_word' id='word_1_802' title='bbox 1577 5414 1659 5484; x_wconf 89' lang='lat' dir='ltr'><strong><em>iride,</em></strong></span> <span class='ocrx_word' id='word_1_803' title='bbox 1687 5411 1797 5469; x_wconf 79' lang='lat' dir='ltr'><strong><em>Gideon</em></strong></span> <span class='ocrx_word' id='word_1_804' title='bbox 1815 5430 1848 5468; x_wconf 86' lang='lat' dir='ltr'><strong><em>ex</em></strong></span> <span class='ocrx_word' id='word_1_805' title='bbox 1864 5413 1958 5469; x_wconf 87' lang='lat' dir='ltr'><strong><em>made·</em></strong></span> 
     </span>
     <span class='ocr_line' id='line_1_57' title="bbox 265 5497 1959 5575; baseline -0.002 -16"><span class='ocrx_word' id='word_1_806' title='bbox 265 5504 383 5559; x_wconf 69' lang='lat' dir='ltr'><strong><em>uarium</em></strong></span> <span class='ocrx_word' id='word_1_807' title='bbox 407 5500 577 5559; x_wconf 81' lang='lat' dir='ltr'><strong><em>mtendimus</em></strong></span> <span class='ocrx_word' id='word_1_808' title='bbox 602 5505 737 5575; x_wconf 83' lang='lat' dir='ltr'><strong><em>superius.</em></strong></span> <span class='ocrx_word' id='word_1_809' title='bbox 782 5506 926 5571; x_wconf 79' lang='lat' dir='ltr'><strong><em>Quomodo</em></strong></span> <span class='ocrx_word' id='word_1_810' title='bbox 950 5527 1016 5565; x_wconf 86' lang='lat' dir='ltr'><strong><em>vero</em></strong></span> <span class='ocrx_word' id='word_1_811' title='bbox 1038 5510 1101 5566; x_wconf 84' lang='lat' dir='ltr'><strong><em>Bel-</em></strong></span> <span class='ocrx_word' id='word_1_812' title='bbox 1126 5505 1248 5561; x_wconf 85' lang='lat' dir='ltr'><strong><em>faotione</em></strong></span> <span class='ocrx_word' id='word_1_813' title='bbox 1269 5503 1393 5569; x_wconf 80' lang='lat' dir='ltr'><strong><em>velleris,</em></strong></span> <span class='ocrx_word' id='word_1_814' title='bbox 1416 5501 1551 5558; x_wconf 80' lang='lat' dir='ltr'><strong><em>Ezechias</em></strong></span> <span class='ocrx_word' id='word_1_815' title='bbox 1571 5518 1605 5557; x_wconf 84' lang='lat' dir='ltr'><strong><em>ex</em></strong></span> <span class='ocrx_word' id='word_1_816' title='bbox 1622 5515 1749 5572; x_wconf 89' lang='lat' dir='ltr'><strong><em>regressu</em></strong></span> <span class='ocrx_word' id='word_1_817' title='bbox 1768 5497 1883 5553; x_wconf 87' lang='lat' dir='ltr'><strong><em>umbrae</em></strong></span> <span class='ocrx_word' id='word_1_818' title='bbox 1900 5515 1959 5555; x_wconf 89' lang='lat' dir='ltr'><strong><em>eer-</em></strong></span> 
     </span>
     <span class='ocr_line' id='line_1_58' title="bbox 265 5586 1960 5661; baseline 0.001 -17"><span class='ocrx_word' id='word_1_819' title='bbox 265 5589 402 5644; x_wconf 84' lang='lat' dir='ltr'><strong><em>larmiuus</em></strong></span> <span class='ocrx_word' id='word_1_820' title='bbox 421 5590 523 5661; x_wconf 82' lang='lat' dir='ltr'><strong><em>probat</em></strong></span> <span class='ocrx_word' id='word_1_821' title='bbox 539 5592 725 5647; x_wconf 78' lang='lat' dir='ltr'><strong><em>antecedens?</em></strong></span> <span class='ocrx_word' id='word_1_822' title='bbox 763 5599 784 5650; x_wconf 88' lang='lat' dir='ltr'><strong><em>t.</em></strong></span> <span class='ocrx_word' id='word_1_823' title='bbox 810 5593 897 5651; x_wconf 88' lang='lat' dir='ltr'><strong><em>Hebr.</em></strong></span> <span class='ocrx_word' id='word_1_824' title='bbox 920 5600 950 5652; x_wconf 87' lang='lat'><strong><em>8:</em></strong></span> <span class='ocrx_word' id='word_1_825' title='bbox 974 5597 1102 5652; x_wconf 80' lang='lat' dir='ltr'><strong><em>Oirisoss</em></strong></span> <span class='ocrx_word' id='word_1_826' title='bbox 1126 5594 1211 5649; x_wconf 88' lang='lat' dir='ltr'><strong><em>tiores</em></strong></span> <span class='ocrx_word' id='word_1_827' title='bbox 1236 5591 1304 5647; x_wconf 85' lang='lat' dir='ltr'><strong><em>facti</em></strong></span> <span class='ocrx_word' id='word_1_828' title='bbox 1330 5596 1397 5645; x_wconf 90' lang='lat' dir='ltr'><strong><em>sunt</em></strong></span> <span class='ocrx_word' id='word_1_829' title='bbox 1423 5589 1459 5645; x_wconf 87' lang='lat' dir='ltr'><strong><em>do</em></strong></span> <span class='ocrx_word' id='word_1_830' title='bbox 1481 5588 1536 5645; x_wconf 89' lang='lat' dir='ltr'><strong><em>Dei</em></strong></span> <span class='ocrx_word' id='word_1_831' title='bbox 1562 5586 1667 5660; x_wconf 58' lang='lat' dir='ltr'><strong><em>gratim</em></strong></span> <span class='ocrx_word' id='word_1_832' title='bbox 1694 5586 1792 5657; x_wconf 90' lang='lat' dir='ltr'><strong><em>utique</em></strong></span> <span class='ocrx_word' id='word_1_833' title='bbox 1817 5586 1900 5641; x_wconf 87' lang='lat' dir='ltr'><strong><em>etism</em></strong></span> <span class='ocrx_word' id='word_1_834' title='bbox 1924 5588 1960 5645; x_wconf 88' lang='lat' dir='ltr'><strong><em>de</em></strong></span> 
     </span>
     <span class='ocr_line' id='line_1_59' title="bbox 267 5672 1961 5753; baseline -0.002 -22"><span class='ocrx_word' id='word_1_835' title='bbox 267 5677 375 5731; x_wconf 80' lang='lat' dir='ltr'><strong><em>dicitur</em></strong></span> <span class='ocrx_word' id='word_1_836' title='bbox 410 5676 537 5731; x_wconf 86' lang='lat' dir='ltr'><strong><em>melioris</em></strong></span> <span class='ocrx_word' id='word_1_837' title='bbox 568 5681 726 5734; x_wconf 86' lang='lat' dir='ltr'><strong><em>testamenti</em></strong></span> <span class='ocrx_word' id='word_1_838' title='bbox 759 5682 916 5752; x_wconf 59' lang='lat' dir='ltr'><strong><em>memntor,</em></strong></span> <span class='ocrx_word' id='word_1_839' title='bbox 960 5686 1038 5753; x_wconf 79' lang='lat' dir='ltr'><strong><em>quod</em></strong></span> <span class='ocrx_word' id='word_1_840' title='bbox 1070 5685 1101 5738; x_wconf 91' lang='lat' dir='ltr'><strong><em>in</em></strong></span> <span class='ocrx_word' id='word_1_841' title='bbox 1127 5680 1287 5736; x_wconf 88' lang='lat' dir='ltr'><strong><em>remissione</em></strong></span> <span class='ocrx_word' id='word_1_842' title='bbox 1301 5683 1497 5749; x_wconf 81' lang='lat' dir='ltr'><strong><em>peccatorum,</em></strong></span> <span class='ocrx_word' id='word_1_843' title='bbox 1521 5690 1585 5731; x_wconf 89' lang='lat' dir='ltr'><strong><em>oum</em></strong></span> <span class='ocrx_word' id='word_1_844' title='bbox 1602 5674 1679 5729; x_wconf 89' lang='lat' dir='ltr'><strong><em>Deus</em></strong></span> <span class='ocrx_word' id='word_1_845' title='bbox 1696 5673 1834 5729; x_wconf 89' lang='lat' dir='ltr'><strong><em>neminem</em></strong></span> <span class='ocrx_word' id='word_1_846' title='bbox 1850 5672 1880 5728; x_wconf 91' lang='lat' dir='ltr'><strong><em>in</em></strong></span> <span class='ocrx_word' id='word_1_847' title='bbox 1897 5691 1961 5746; x_wconf 88' lang='lat' dir='ltr'><strong><em>gra·</em></strong></span> 
     </span>
     <span class='ocr_line' id='line_1_60' title="bbox 264 5759 1960 5841; baseline -0.002 -21"><span class='ocrx_word' id='word_1_848' title='bbox 264 5763 431 5820; x_wconf 77' lang='lat' dir='ltr'><strong><em>melioribus</em></strong></span> <span class='ocrx_word' id='word_1_849' title='bbox 449 5764 685 5833; x_wconf 70' lang='lat' dir='ltr'><strong><em>promnmonibus</em></strong></span> <span class='ocrx_word' id='word_1_850' title='bbox 710 5768 846 5822; x_wconf 89' lang='lat' dir='ltr'><strong><em>sancitum</em></strong></span> <span class='ocrx_word' id='word_1_851' title='bbox 869 5770 922 5837; x_wconf 86' lang='lat' dir='ltr'><strong><em>sit,·</em></strong></span> <span class='ocrx_word' id='word_1_852' title='bbox 947 5786 1103 5841; x_wconf 80' lang='lat' dir='ltr'><strong><em>quaerero</em></strong></span> <span class='ocrx_word' id='word_1_853' title='bbox 1127 5769 1194 5824; x_wconf 89' lang='lat' dir='ltr'><strong><em>tiam</em></strong></span> <span class='ocrx_word' id='word_1_854' title='bbox 1211 5765 1342 5838; x_wconf 84' lang='lat' dir='ltr'><strong><em>recipiat,</em></strong></span> <span class='ocrx_word' id='word_1_855' title='bbox 1360 5764 1414 5822; x_wconf 88' lang='lat' dir='ltr'><strong><em>nisi</em></strong></span> <span class='ocrx_word' id='word_1_856' title='bbox 1429 5763 1550 5821; x_wconf 66' lang='lat' dir='ltr'><strong><em>remmus</em></strong></span> <span class='ocrx_word' id='word_1_857' title='bbox 1569 5766 1682 5834; x_wconf 87' lang='lat' dir='ltr'><strong><em>propter</em></strong></span> <span class='ocrx_word' id='word_1_858' title='bbox 1699 5759 1839 5816; x_wconf 84' lang='lat' dir='ltr'><strong><em>Christum</em></strong></span> <span class='ocrx_word' id='word_1_859' title='bbox 1856 5762 1960 5818; x_wconf 89' lang='lat' dir='ltr'><strong><em>medis·</em></strong></span> 
     </span>
     <span class='ocr_line' id='line_1_61' title="bbox 263 5847 1961 5928; baseline 0.001 -21"><span class='ocrx_word' id='word_1_860' title='bbox 263 5852 325 5907; x_wconf 86' lang='lat' dir='ltr'><strong><em>sint</em></strong></span> <span class='ocrx_word' id='word_1_861' title='bbox 341 5850 414 5904; x_wconf 80' lang='lat' dir='ltr'><strong><em>ons</em></strong></span> <span class='ocrx_word' id='word_1_862' title='bbox 431 5849 562 5907; x_wconf 81' lang='lat' dir='ltr'><strong><em>meliores</em></strong></span> <span class='ocrx_word' id='word_1_863' title='bbox 574 5851 793 5924; x_wconf 65' lang='lat' dir='ltr'><strong><em>momnsisnes,</em></strong></span> <span class='ocrx_word' id='word_1_864' title='bbox 817 5855 982 5910; x_wconf 78' lang='lat' dir='ltr'><strong><em>declaratur</em></strong></span> <span class='ocrx_word' id='word_1_865' title='bbox 999 5857 1102 5912; x_wconf 79' lang='lat' dir='ltr'><strong><em>itidem</em></strong></span> <span class='ocrx_word' id='word_1_866' title='bbox 1127 5862 1215 5913; x_wconf 83' lang='lat' dir='ltr'><strong><em>terem</em></strong></span> <span class='ocrx_word' id='word_1_867' title='bbox 1229 5851 1361 5928; x_wconf 79' lang='lat' dir='ltr'><strong><em>peccatis.</em></strong></span> <span class='ocrx_word' id='word_1_868' title='bbox 1388 5851 1432 5908; x_wconf 80' lang='lat' dir='ltr'><strong><em>Ex</em></strong></span> <span class='ocrx_word' id='word_1_869' title='bbox 1448 5849 1549 5923; x_wconf 88' lang='lat' dir='ltr'><strong><em>quibus</em></strong></span> <span class='ocrx_word' id='word_1_870' title='bbox 1566 5847 1694 5906; x_wconf 90' lang='lat' dir='ltr'><strong><em>omnibns</em></strong></span> <span class='ocrx_word' id='word_1_871' title='bbox 1706 5856 1832 5922; x_wconf 80' lang='lat' dir='ltr'><strong><em>apparet,</em></strong></span> <span class='ocrx_word' id='word_1_872' title='bbox 1843 5849 1961 5921; x_wconf 86' lang='lat' dir='ltr'><strong><em>primam</em></strong></span> 
     </span>
    </p>

    <p class='ocr_par' dir='ltr' id='par_1_6' title="bbox 317 5943 1631 6011">
     <span class='ocr_line' id='line_1_62' title="bbox 317 5943 1631 6011; baseline 0.002 -24"><span class='ocrx_word' id='word_1_873' title='bbox 317 5943 485 5995; x_wconf 63' lang='lat' dir='ltr'><strong><em>winilind.</em></strong></span> <span class='ocrx_word' id='word_1_874' title='bbox 510 5944 545 5990; x_wconf 82' lang='lat' dir='ltr'><strong><em>IV.</em></strong></span> <span class='ocrx_word' id='word_1_875' title='bbox 1598 5956 1631 6011; x_wconf 75' lang='lat'><strong><em>13</em></strong></span> 
     </span>
    </p>
   </div>
   <div class='ocr_carea' id='block_1_3' title="bbox 0 0 2404 6659">
    <p class='ocr_par' dir='ltr' id='par_1_7' title="bbox 0 0 2404 6659">
     <span class='ocr_line' id='line_1_63' title="bbox 0 0 2404 6659; baseline 0 0"><span class='ocrx_word' id='word_1_876' title='bbox 0 0 2404 6659; x_wconf 95' lang='lat' dir='ltr'><strong><em> </em></strong></span> 
     </span>
    </p>
   </div>
  </div>
 </body>
</html>
