4800 6659
275 581 279 600 ,
355 521 412 579 ss.
948 511 1072 570 rocus
1087 508 1261 569 uncinus
1276 510 1465 574 aarum

355 673 449 739 potest
467 686 500 724 sx
519 684 553 723 ea
569 667 672 732 inferri,
692 666 768 739 quod
784 665 856 722 fides
871 665 1001 722 omnibns
1010 663 1191 736 bonisopcri-
1204 665 1207 776 q
1219 683 1295 721 mus:
1316 673 1337 722 l.
1356 666 1492 723 Concedit
1508 665 1704 735 Bellarminus,
1723 664 1815 738 legem
1832 680 1889 720 non
1905 678 1987 737 porse
2006 658 2059 715 im·

357 753 410 809 bus
433 754 545 809 realiter
569 753 702 807 deantuta
720 733 855 824 ju'stiiicet
880 758 909 807 st
928 752 1024 808 salvem
1060 750 1208 846 Concide-q
1219 753 1290 826 pleri
1308 770 1358 824 per
1374 754 1446 808 solas
1465 752 1545 808 liberi
1562 752 1671 807 arbitrii
1689 752 1774 817 vires,
1799 768 1856 823 qua
1873 750 1981 808 udone
2001 746 2059 801 dis·

301 875 304 880 -
357 840 412 895 rari
430 846 522 910 potest
539 838 609 894 fides
631 840 737 910 absque
763 838 908 909 operibus,
932 854 989 892 non
1008 844 1101 892 autem
1119 840 1294 908 esse37cedit
1318 857 1335 895 a
1361 840 1528 911 quibusdam
1554 838 1731 895 Scholasticis
1754 845 1783 893 et
1807 834 1960 894 Pontificiis
1985 834 2060 891 Scri-

358 926 458 999 quodsi
476 941 532 980 non
548 931 592 982 est
608 924 714 996 absque
734 925 873 993 operibus,
895 924 992 994 utique
1007 923 1088 979 etiam
1100 925 1194 978 nullus
1205 949 1209 994 ι
1221 926 1354 997 ptoribus.
1389 926 1487 995 Neque
1513 925 1585 980 enim
1609 942 1659 995 per
1676 925 1843 980 calumniam
1861 921 1916 975 illis
1933 921 1989 977 hoc
2007 921 2057 974 tri·

359 1011 474 1068 effectus
497 1012 522 1067 ei
539 1010 626 1066 tribui
642 1018 748 1081 potest,
772 1027 844 1066 uon·
852 1010 923 1065 eutis
943 1009 1016 1065 enim
1036 1011 1115 1064 nulla
1130 1015 1195 1065 sunt
1206 1008 1209 1054 l
1221 1011 1340 1077 buimus,
1353 1018 1384 1067 ut
1396 1010 1581 1066 Bellarminus
1594 1011 1623 1064 in
1637 1009 1688 1065 boc
1701 1010 1793 1081 capite
1803 1006 1991 1078 conqueritur,
2009 1007 2059 1061 sed

359 1097 465 1153 effecta
502 1096 547 1153 Sic
571 1096 645 1168 ignis
663 1102 693 1151 et
711 1096 786 1152 calor
804 1096 911 1151 rationo
928 1095 1051 1166 separari
1070 1098 1296 1169 possunttquod
1313 1114 1357 1153 res
1375 1104 1418 1152 est
1438 1096 1564 1151 dicimus.
1595 1096 1699 1152 Notum
1712 1097 1782 1151 enim
1795 1103 1851 1158 est,
1868 1093 1936 1164 quid
1949 1092 2061 1161 Scotus,

358 1184 469 1239 interim
486 1189 579 1238 tamen
596 1200 625 1238 re
645 1200 752 1253 semper
765 1189 831 1237 sunt
849 1184 1012 1253 conjuncta,
1031 1183 1194 1252 praesertim
1208 1206 1210 1237 ι
1222 1182 1370 1253 Occamus,
1398 1183 1498 1238 Petrus
1521 1182 1556 1237 dc
1573 1180 1673 1237 Aliaco
1691 1187 1718 1238 et
1736 1178 1796 1234 Biel
1816 1185 1955 1246 statuant,
1980 1178 2059 1250 quod

360 1269 452 1342 quoad
474 1267 656 1325 odefaciendi
679 1269 843 1340 potentiam,
868 1285 953 1340 quam
971 1268 1136 1339 nequidem
1155 1267 1350 1324 di·'catuntae
1371 1270 1490 1324 viatoris
1513 1286 1546 1323 ca
1569 1270 1628 1323 cuis
1651 1267 1827 1320 naturalitate
1844 1266 1940 1335 poseat
1965 1268 2062 1321 Deum

359 1355 424 1410 rina
440 1355 566 1426 potentia
582 1355 618 1410 ab
635 1355 701 1427 igue
720 1356 843 1426 separari
862 1356 1006 1425 disputant
1023 1353 1195 1420 Scholastici,
1208 1374 1307 1444 qrupcr
1332 1358 1427 1410 omnia
1450 1357 1584 1425 diligere,
1616 1355 1691 1424 qaod
1717 1353 1834 1407 libmm
1859 1352 2010 1407 arbitrium
2029 1368 2062 1406 ec

360 1447 391 1497 ut
407 1448 504 1497 notum
524 1447 566 1497 est
582 1441 765 1510 Bellnrmin03
791 1442 832 1496 ita
849 1458 960 1513 quoque
980 1439 1050 1495 fider
1069 1446 1097 1495 et
1112 1456 1197 1510 opera
1221 1442 1281 1496 suis
1308 1443 1485 1497 naturalibus
1513 1443 1574 1496 siae
1601 1440 1696 1508 matio
1717 1440 1809 1509 parsit
1837 1440 1938 1494 elicere
1964 1448 2060 1493 actum

360 1528 465 1583 ratione
489 1526 612 1597 separari
636 1527 693 1597 (rel
710 1531 742 1582 ιιι
759 1528 860 1583 rectius
878 1526 1025 1599 loquamur
1050 1525 1195 1595 distingui)
1222 1528 1369 1583 moraliter
1398 1530 1507 1595 meurs,
1528 1534 1678 1596 paccatum
1703 1526 1821 1580 mortale
1849 1543 1950 1580 nocam
1971 1527 2060 1594 quod·

360 1619 489 1684 possunt,
513 1612 624 1669 interim
646 1619 740 1668 tamen
758 1631 788 1669 re
805 1614 867 1684 ipsa
884 1629 993 1684 semper
1012 1617 1078 1666 aaut
1092 1619 1121 1667 et
1140 1629 1198 1667 ma·
1224 1614 1288 1667 litet
1313 1630 1425 1681 cavere,
1453 1613 1551 1666 divina
1577 1619 1728 1681 praccepta
1755 1613 1852 1679 quood
1873 1611 2060 1666 mtstantiam

361 1705 428 1755 nent
446 1698 603 1769 conjuncta,
621 1697 678 1753 lide
696 1698 770 1754 enim
788 1698 914 1755 Christus
931 1698 1088 1755 habitatin
1109 1698 1196 1753 cordi·
1224 1708 1303 1753 actus
1321 1700 1445 1769 implere.
1482 1698 1614 1763 Quamvis
1632 1714 1696 1753 vero
1711 1697 1825 1766 addant,
1841 1702 1993 1768 praecepta
2005 1697 2060 1754 Dei

362 1784 414 1839 bus
434 1785 541 1848 nostris,
560 1783 609 1840 ubi
630 1781 764 1852 Christus,
785 1784 922 1855 quomodo
940 1784 980 1839 ibi
998 1783 1123 1840 exsulare
1134 1800 1197 1853 pos·
1223 1803 1279 1842 non
1292 1803 1374 1857 posse
1385 1786 1493 1856 impleri
1505 1785 1564 1840 sine
1576 1784 1667 1856 gratia
1681 1786 1777 1854 qrroad
1788 1785 2060 1853 intentionemprae-

242 1883 302 1925 viu.
315 1883 349 1925 co.
362 1875 428 1926 suut
444 1887 531 1941 opera
546 1869 640 1925 bona?
659 1869 829 1925 Manendum
846 1876 949 1939 tamem
966 1888 1016 1942 per
1029 1887 1112 1942 opera
1123 1869 1198 1925 bona
1224 1874 1367 1943 cipicntis,
1389 1873 1417 1927 in
1435 1889 1468 1927 eo
1488 1879 1581 1927 nmen
1598 1871 1651 1927 sibi
1667 1871 1735 1942 ipsis
1747 1870 1950 1929 contradicunt.
1983 1870 2065 1935 Quae

362 1949 481 2026 intelligi
499 1954 552 2012 hoc
571 1955 633 2011 loco
650 1955 809 2012 interiorem
825 1957 1032 2013 renovationem
1050 1961 1079 2012 et
1097 1956 1197 2011 sancu-
1212 1960 1297 2014 lenim
1316 1960 1374 2015 alia
1390 1959 1445 2014 Dei
1462 1958 1657 2030 praecipientia
1674 1957 1800 2027 intentio,
1818 1974 1902 2029 quam
1914 1963 1946 2013 ιιι
1958 1974 1988 2014 se
2000 1958 2065 2014 dili·

363 2040 527 2105 fioafionem,
550 2058 617 2096 nam
633 2048 748 2097 externa
766 2042 840 2097 bona
859 2060 944 2113 opera
962 2060 979 2098 a
998 2043 1054 2098 fide
1071 2049 1099 2097 et
1116 2042 1198 2112 justi·
1227 2063 1325 2116 gamus
1344 2062 1427 2116 super
1446 2044 1539 2100 omnia
1555 2062 1589 2099 ex
1609 2053 1667 2101 toto
1682 2046 1774 2112 corde,
1789 2051 1850 2100 tota
1863 2044 1958 2100 anima
1974 2045 2063 2100 omui·

363 2128 453 2184 ficetis
472 2128 639 2200 quandoque
657 2128 763 2193 abesse,
781 2128 841 2199 ipse
858 2129 1043 2184 Bellarminus
1062 2128 1197 2191 concedit.
1227 2131 1336 2202 busque
1354 2132 1479 2187 viribus?
1509 2131 1585 2202 Ergo
1611 2131 1635 2185 si
1657 2130 1739 2186 homo
1760 2149 1816 2185 non
1836 2136 1950 2185 renatus
1970 2137 2064 2202 potest

363 2216 406 2270 uti
432 2215 552 2270 vidimus
581 2211 609 2288 ξ.
632 2221 673 2270 ti.
701 2215 813 2270 membr.
842 2221 880 2271 ιι.
920 2216 1115 2287 fililDupliciter
1134 2231 1199 2270 vero
1227 2218 1318 2274 Deum
1346 2217 1464 2288 diligero
1492 2234 1575 2288 super
1599 2217 1693 2271 omnia
1716 2233 1751 2271 er
1774 2215 1850 2287 puris
1877 2215 2061 2281 naturalibus,

364 2301 470 2373 aliquid
488 2301 591 2356 dicitur
608 2303 708 2355 adem
722 2319 777 2371 per
795 2303 935 2360 acciacae.
971 2303 1035 2359 Uno
1055 2303 1148 2370 modo,
1168 2308 1200 2356 ut
1227 2304 1323 2376 utique
1353 2303 1436 2359 etiam
1456 2304 1548 2374 quoad
1566 2303 1745 2358 intentionem
1765 2292 1962 2373 praecipientis
1983 2319 2063 2373 prae·

365 2389 463 2446 adesse
480 2387 569 2458 poerit
585 2396 614 2444 et
632 2387 731 2443 abesae
748 2388 945 2457 indifferenter,
964 2389 1061 2457 altero,
1079 2395 1111 2442 ut
1126 2388 1200 2442 adsit
1227 2397 1309 2459 cepta
1331 2390 1446 2460 implore
1471 2396 1571 2459 potest.
1622 2388 1760 2444 Roffensis
1785 2395 1882 2444 contra
1908 2388 2065 2443 Lutherum

363 2492 420 2530 uon
436 2474 604 2544 immediate,
622 2474 672 2529 sed
688 2480 801 2545 propter
819 2474 904 2531 aliud.
939 2474 1030 2529 Priori
1043 2474 1199 2529 modocon·
1227 2476 1365 2547 agnoscit,
1383 2476 1455 2530 hauc
1478 2494 1538 2532 esse
1557 2476 1730 2547 quorundam
1750 2474 1982 2533 scholasticorum
2002 2491 2064 2531 sen-

364 2562 508 2617 cederetur
525 2560 688 2615 Bellarmiui
709 2560 924 2631 consequentia,
952 2560 1089 2631 quomodo
1109 2567 1199 2630 pater·
1227 2561 1349 2617 tentiam.
1396 2564 1498 2617 Patres
1523 2561 1635 2634 linquit)
1660 2570 1801 2625 asserunt,
1823 2562 1960 2615 neminem
1980 2580 2066 2631 passe

364 2647 443 2704 nitati
462 2648 501 2703 ita
520 2664 568 2719 per
585 2647 716 2703 accidens
735 2646 815 2702 adest
833 2646 960 2703 eruditio.
995 2646 1084 2717 Atqui
1102 2646 1132 2700 in
1148 2646 1199 2701 hoc
1227 2649 1377 2716 quicquam
1404 2650 1470 2703 boni
1487 2650 1556 2703 uelle
1574 2648 1633 2702 sine
1652 2648 1773 2717 speciali
1791 2649 1848 2701 Dei
1866 2647 1990 2715 ancilia,
2015 2665 2065 2701 nec

363 2735 460 2790 ordine
485 2732 617 2790 constitui
641 2750 698 2787 uon
719 2738 836 2803 possunt
861 2749 947 2802 opera
965 2732 1051 2795 bona,
1080 2732 1133 2786 nisi
1153 2732 1200 2787 de·
1226 2736 1358 2803 sufficere
1392 2737 1552 2801 pecoralem
1599 2735 1679 2787 illum
1718 2735 1859 2803 irsjiuaum.
1922 2734 2065 2789 Nonnulli

341 2829 343 2834 “
365 2826 487 2875 struatur
514 2819 576 2889 ipsa
602 2817 779 2889 hypothesis,
806 2835 877 2890 quae
902 2818 980 2889 ponit
1007 2818 1200 2874 necessitatem
1228 2829 1327 2874 contra
1347 2821 1518 2876 &luctamini
1541 2823 1725 2887 contendunt,
1755 2820 1827 2873 bunc
1856 2821 2000 2884 sufficere,
2034 2830 2064 2874 ut

364 2905 546 2978 praesentiae.
582 2903 681 2959 Altero
701 2905 783 2960 modo
802 2912 919 2974 possunt
938 2905 1051 2975 quidem
1070 2904 1202 2959 nonnulla
1229 2908 1291 2976 quis
1316 2908 1418 2976 absque
1449 2908 1500 2960 illo
1527 2907 1636 2961 armilla
1663 2908 1729 2960 lenc
1756 2905 1903 2959 moraliter
1928 2923 2013 2973 apere
2041 2916 2067 2960 et

365 2991 449 3047 etiam
468 2991 565 3046 adeam
584 2998 613 3046 et
632 2990 739 3059 abesse,
756 2991 806 3046 sed
824 3009 880 3045 non
893 2990 986 3047 omnia
998 2998 1099 3060 tamen,
1118 3008 1204 3062 opera
1232 2994 1331 3047 lanum
1347 2995 1445 3055 facere
1460 2993 1552 3061 possit
1570 3011 1626 3046 non
1639 2992 1728 3046 solum
1742 3009 1774 3046 cs
1790 3008 1900 3060 cancre,
1919 2993 2068 3046 sedetiam

365 3077 418 3134 etsi
441 3077 533 3133 adsint
555 3094 606 3147 por
630 3076 761 3134 accidens
784 3077 825 3133 rei
843 3078 1018 3148 propositae,
1047 3078 1076 3133 id
1095 3086 1137 3134 est
1153 3095 1203 3150 per
1231 3081 1308 3150 quod
1333 3079 1436 3133 debitis
1465 3080 1588 3148 undique
1615 3079 1833 3133 circumstantiis
1859 3086 1989 3131 amatum
2022 3079 2068 3133 eit.

320 3195 323 3203 ·
366 3164 457 3232 aliud,
473 3169 566 3232 tamen
584 3162 648 3217 hnic
666 3163 728 3234 ipsi,
748 3181 798 3235 per
816 3164 892 3237 quod
910 3164 1028 3229 adsunt,
1047 3165 1204 3220 necessaria
1229 3166 1363 3220 Latomus
1386 3165 1497 3236 scriptis
1524 3165 1635 3236 publice
1659 3165 1739 3220 editis
1773 3164 1911 3230 defendit,
1943 3165 2131 3219 homimum

367 3259 437 3308 suut
472 3249 518 3306 Sic
535 3249 625 3306 lsaaci
646 3249 763 3305 hominis
791 3267 825 3306 ac
848 3250 966 3320 proinde
987 3251 1129 3306 rationalia
1155 3268 1202 3322 ge·
1229 3261 1293 3307 ante
1306 3252 1427 3320 ltloyscn
1445 3253 1570 3306 solorum
1589 3269 1646 3305 csse
1666 3253 1726 3320 lece
1745 3260 1873 3307 naturae.
1901 3250 1935 3305 In
1948 3249 2066 3307 coneilio

367 3338 483 3394 nitorem
507 3341 617 3408 oportet
644 3353 704 3392 esse
720 3336 892 3392 rationalem.
929 3335 975 3391 Ita
1000 3337 1064 3392 huic
1088 3353 1203 3408 genera·
1228 3338 1391 3393 Tridentino
1410 3338 1560 3393 monachus
1579 3338 1692 3409 quidam
1712 3337 1917 3393 Franciscanus
1936 3337 2064 3392 Tridenti

368 3424 437 3479 tioni
454 3422 525 3478 ratio
544 3428 586 3478 est
603 3422 766 3487 necessaria,
787 3422 839 3477 etsi
857 3439 907 3493 per
920 3422 1058 3487 accidens,
1074 3423 1203 3478 nimirum
1230 3425 1341 3496 publice
1363 3426 1542 3480 concionatus
1565 3432 1619 3488 est,
1645 3424 1778 3492 perstilce,
1802 3426 1852 3492 qui
1872 3425 1960 3478 uitam
1980 3424 2066 3478 lione·

367 3528 417 3581 per
444 3509 529 3565 aliud.
567 3510 630 3568 Non
656 3510 730 3564 enim
757 3509 837 3564 adest
862 3509 932 3565 ratio
956 3510 1128 3581 generationi
1153 3527 1205 3582 per
1230 3522 1302 3567 stam
1320 3512 1458 3578 eluserint,
1477 3513 1562 3565 ctiam
1579 3512 1638 3564 ειίιε
1658 3511 1813 3579 consitione
1826 3508 1932 3571 Christi
1941 3511 2066 3565 salomon

367 3614 396 3652 se
415 3605 443 3652 et
462 3612 496 3650 ex
516 3596 578 3667 ipsa
597 3596 784 3668 generationis
801 3601 916 3662 natura,
944 3596 993 3651 sed
1014 3597 1094 3652 adest
1111 3603 1204 3651 tamen
1230 3617 1297 3656 esse.
1333 3598 1428 3653 Refert
1453 3597 1599 3654 Sleidanus
1627 3596 1689 3650 libr.
1714 3602 1755 3651 23.
1781 3595 1875 3651 histor.
1920 3595 2065 3667 idipsum

367 3683 432 3738 huic
451 3682 625 3754 generationi
643 3682 845 3737 neeusnio.**
1231 3692 1328 3755 postea
1344 3684 1514 3752 Andradius,
1533 3702 1604 3737 uuus
1622 3699 1655 3737 er
1674 3682 1844 3737 Tridentinis
1862 3682 1994 3753 patribus,
2015 3701 2065 3755 pu·

240 3778 275 3819 rn
295 3779 356 3818 mm
403 3775 444 3825 tl.
465 3769 561 3839 Atque
579 3768 649 3825 haec
669 3769 817 3824 dictasint
834 3770 868 3823 de
888 3769 1052 3825 necessitate
1070 3770 1204 3824 bonorum
1232 3772 1311 3827 blicis
1323 3772 1433 3841 scriptis
1447 3771 1572 3825 asseruit.
1595 3770 1699 3825 Notum
1711 3777 1752 3825 est
1764 3768 1871 3822 Erasmi
1882 3768 1918 3823 de
1930 3767 2066 3825 Cicerone

241 3839 353 3930 qqqrqw
368 3872 493 3927 operum,
512 3854 637 3909 succedit
656 3854 781 3926 quaestio
803 3855 838 3909 de
859 3856 1007 3912 eorundem
1027 3855 1204 3927 perfectione.
1228 3857 1384 3928 judicium,
1405 3862 1457 3911 etc·
1493 3856 1598 3922 Quodsi
1617 3855 1735 3927 gentiles
1757 3854 1816 3908 sine
1833 3854 1940 3910 Christo
1958 3854 2068 3924 amiati,

240 3933 307 3973 Μ’·
369 3941 554 3997 Bellarminus
581 3939 627 3996 lib.
651 3946 676 3996 l.
701 3940 735 3995 de
756 3940 901 4010 justificat.
927 3958 950 3998 c.
973 3948 1012 3999 10.
1034 3941 1115 3997 nobis
1132 3941 1206 3996 hanc
1232 3952 1281 3998 aut
1304 3962 1336 4000 ex
1360 3943 1431 4014 lege,
1458 3950 1507 3997 aut
1533 3961 1566 3998 ex
1585 3942 1728 4013 evangelio
1753 3941 1828 3995 salus
1846 3940 1912 4011 ipsis
1931 3940 2064 4012 contigitc

369 4027 467 4083 tribuit
484 4026 663 4095 sententiam,
690 4026 765 4096 quod
783 4027 943 4095 doceamus,
972 4029 1060 4097 icpcm
1079 4028 1204 4082 divinum
1232 4046 1289 4083 nou
1307 4047 1341 4084 er
1360 4028 1518 4100 evangelio,
1536 4029 1576 4083 uti
1594 4033 1794 4099 constatergo
1813 4026 1935 4097 exlege.
1972 4023 2064 4090 Quod-

370 4130 427 4168 case
442 4115 532 4183 plone
552 4113 749 4184 impossibilem
767 4112 984 4177 bominiscticm
995 4116 1084 4183 justo,
1101 4115 1205 4168 acnul-
1232 4115 1256 4169 si
1270 4131 1303 4170 er
1317 4115 1388 4185 lege,
1407 4115 1503 4187 utiquc
1515 4115 1638 4186 perfecte
1650 4113 1799 4184 implerunt
1810 4113 1909 4183 legem,
1929 4107 2064 4183 siquidem

369 4200 428 4254 lum
454 4217 514 4254 csse
544 4200 573 4253 in
599 4200 678 4254 nolis
701 4199 840 4253 actualem
856 4199 1015 4267 justitiam,
1042 4203 1093 4254 secl
1111 4201 1206 4255 anania
1232 4219 1287 4255 nou
1313 4208 1406 4272 potest
1428 4220 1461 4256 er
1483 4202 1546 4273 lege
1572 4202 1677 4272 sperari
1707 4199 1781 4253 salus
1809 4198 1915 4270 absque
1942 4193 2066 4264 perlecta

370 4304 457 4357 opera
481 4287 626 4356 justorum
655 4303 712 4340 esse
740 4286 875 4339 mortalia
902 4295 1021 4355 peccata
1045 4303 1078 4339 en
1102 4296 1206 4340 notura
1234 4287 1358 4358 ejusdem
1375 4288 1543 4359 impletione.
1587 4288 1661 4357 Ergo
1679 4304 1713 4341 er
1730 4285 1807 4356 puris
1826 4280 1994 4338 naturalibus
2014 4279 2064 4333 im·

369 4393 431 4440 sua,
451 4381 549 4428 contra
566 4389 631 4428 vero
649 4388 666 4426 a
682 4370 833 4426 Catholicis
846 4371 1086 4439 (Romanensibus)
1100 4389 1207 4427 summa
1233 4376 1379 4445 pleveruut
1402 4375 1506 4446 legem,
1532 4375 1583 4428 hoc
1609 4379 1651 4429 est
1675 4374 1780 4444 absque
1799 4368 1901 4426 Christi
1927 4365 2017 4435 gratia
2035 4372 2064 4421 et

371 4458 551 4515 consensione
571 4459 640 4513 dicit
658 4457 750 4513 doceri
768 4457 948 4521 contrarium,
966 4457 1096 4513 videlicet
1109 4460 1205 4527 primo
1232 4460 1346 4531 Spiritu,
1365 4462 1412 4531 qui
1431 4479 1482 4531 por
1499 4460 1586 4514 solam
1603 4459 1739 4530 evangelii
1750 4447 1981 4516 ι’ῐῦθᾰῑθιῑῖῑθῦθ1η
1998 4468 2063 4507 cou-

369 4548 458 4616 lcpem
476 4545 537 4597 Dei
551 4545 637 4612 justis
655 4544 811 4597 bominibus
825 4544 952 4596 absolute
966 4561 1024 4597 csse
1034 4545 1206 4614 possibilem,
1232 4544 1327 4601 fertur.
1368 4546 1442 4610 Quid
1466 4546 1541 4618 quod
1571 4545 1630 4616 ipse
1648 4530 1830 4586 Feflfll'mlssul
1850 4531 1929 4587 saliri
1947 4536 2064 4607 ⁰⁰gilllr·

370 4650 425 4686 non
447 4633 559 4699 quidem
575 4649 630 4700 per
646 4631 722 4685 solas
740 4631 812 4684 circs
830 4630 914 4683 liberi
930 4631 1057 4700 arbitrii,
1087 4634 1137 4684 secl
1151 4649 1206 4701 per
1233 4632 1419 4703 impletionem
1436 4632 1506 4704 legis
1526 4650 1558 4681 cr
1577 4619 1653 4692 puris
1671 4616 1844 4672 naturalibus
1861 4618 1956 4675 haberi
1969 4639 2061 4692 posse.

369 4717 506 4773 aradium
531 4718 644 4785 oratioe
673 4724 698 4770 ct
724 4716 854 4785 spiritum
877 4717 953 4785 Jides‘
976 4725 1001 4770 ct
1026 4718 1153 4773 caritatis
1176 4719 1206 4771 in
1233 4720 1278 4777 Sic
1299 4719 1373 4773 enim
1390 4717 1599 4784 argumentatur
1616 4705 1662 4758 lib.
1681 4709 1706 4759 4.
1725 4703 1760 4759 de
1773 4704 1888 4774 justitio.
1908 4723 1931 4759 e.
1953 4714 2056 4766 ltrat.

368 4803 433 4876 epau
452 4804 658 4873 justificatione
686 4802 812 4870 infusum
819 4823 830 4870 ,·
858 4804 980 4856 secundo
1006 4820 1094 4872 opera
1112 4805 1205 4873 jurato·
1234 4812 1263 4861 3:
1285 4807 1319 4858 Si
1336 4807 1379 4859 lca
1397 4808 1466 4853 essct
1485 4790 1671 4861 impossibilis,
1689 4799 1859 4859 ‘itineranti
1878 4794 1970 4845 Dsstlm
1985 4799 2060 4851 (imni

368 4909 431 4945 rum
450 4906 508 4943 csse
528 4890 694 4958 simpliciter
713 4897 738 4943 et
758 4888 883 4943 absolute
900 4890 982 4958 justo
1000 4907 1034 4941 oc
1052 4907 1102 4942 suo
1122 4891 1205 4944 ruodo
1231 4901 1350 4960 tyranno
1368 4899 1427 4936 ⁰⁸⁸⁰
1448 4874 1631 4935 fflldilt'ffl'ssm
1651 4883 1676 4928 Εἰ
1690 4877 1861 4946 ‘llummmr
1888 4879 1988 4948 ΨιῖΡΡθ
2012 4886 2063 4952 qul

370 4978 454 5031 ctiam
475 4977 621 5049 perfecta,
650 4963 776 5044 qualisvis
801 4993 856 5029 non
876 4993 909 5030 cn
924 4975 1115 5045 perfectione,
1138 4976 1204 5040 quin
1232 4972 1268 5023 ab
1290 4970 1360 5039 ipsis
1388 4970 1469 5021 cisum
1486 4961 1585 5013 amicir
1602 4963 1734 5030 eriperet,
1761 4966 1838 5032 quod
1861 4980 1939 5017 nenio
1957 4965 2061 5023 calcare

370 5080 494 5119 crescere
508 5064 619 5134 possint
638 5071 663 5115 ct
682 5062 749 5131 quin
767 5081 823 5116 non
840 5062 1050 5115 admisceantur·
1066 5060 1205 5113 interdum
1227 5064 1338 5123 panset,
1356 5061 1380 5102 ec
1400 5049 1475 5114 loces
1492 5049 1593 5113 ferret,
1618 5066 1687 5118 quas
1706 5051 1789 5103 sciret
1808 5068 1827 5102 a
1844 5046 1952 5098 nemina
1972 5053 2060 5107 otacr-

370 5149 499 5220 φθήῃ,
530 5150 608 5203 poni,
638 5148 736 5217 aliqua
768 5166 856 5218 opera
884 5148 974 5207 mala,
1009 5161 1065 5195 non
1092 5141 1204 5204 quidem
1230 5138 1348 5191 carratas.
1387 5134 1476 5205 Atqui
1501 5134 1543 5187 lex
1568 5134 1621 5189 Dei
1642 5154 1698 5192 non
1726 5137 1812 5190 solum
1838 5130 1874 5184 ad
1898 5140 2008 5189 renatos
2035 5156 2064 5198 er

370 5237 533 5302 mortifera,
555 5236 607 5288 ,αι
622 5234 758 5302 venialia,
782 5250 852 5299 qnae
871 5242 925 5275 non
944 5221 1111 5290 impediunt,
1138 5235 1204 5290 quc·
1231 5220 1284 5276 Dei
1305 5220 1417 5287 amicos,
1436 5219 1485 5273 sed
1504 5219 1539 5272 ad
1555 5237 1649 5276 omnes
1667 5221 1776 5276 omnino
1794 5215 1917 5273 homines
1932 5222 2064 5295 pertinet,

370 5322 460 5372 minus
475 5322 550 5386 justi
567 5326 713 5379 maneant,
735 5311 783 5380 qui
796 5310 872 5379 justi
891 5316 986 5375 crant,·
1012 5308 1093 5360 tertio
1114 5308 1204 5376 opem'-
1231 5323 1316 5378 quare
1335 5306 1359 5359 si
1377 5304 1510 5360 cornerio
1528 5306 1636 5375 majoris
1653 5307 1722 5359 satis
1738 5303 1831 5369 firma,
1849 5310 1993 5374 sequetur,
2013 5318 2064 5366 aut

371 5404 524 5473 trajectis
542 5399 678 5455 bominem
695 5414 758 5450 oerc
772 5395 931 5466 jrrstilicori
948 5411 1002 5446 non
1016 5394 1127 5463 prima,
1154 5395 1206 5447 scd
1230 5392 1353 5447 homiues
1382 5409 1437 5446 non
1466 5397 1572 5461 renatos
1598 5391 1693 5446 itidem
1719 5387 1830 5458 implere
1853 5406 1934 5459 posse
1960 5390 2061 5466 legem,

369 5490 492 5544 secunda
503 5484 723 5558 justificatione,
740 5499 813 5552 quae
833 5499 888 5534 non
905 5480 979 5544 facit
989 5479 1084 5547 justos
1102 5497 1135 5533 ca
1153 5480 1203 5534 im·
1230 5478 1332 5549 quippe
1355 5477 1456 5549 quibus
1477 5492 1532 5530 nou
1554 5475 1644 5531 miuus
1662 5490 1742 5548 quam
1761 5473 1864 5529 renatis
1883 5479 2057 5553 proponitur,

365 5578 442 5648 piis,
460 5577 512 5629 secl
525 5574 664 5644 jmtiorce
682 5587 713 5624 ea
732 5571 774 5624 iis.
805 5568 883 5624 Haec
901 5566 955 5621 tria
974 5565 1042 5619 dicit
1058 5565 1155 5621 haberi
1174 5566 1204 5621 in
1229 5572 1278 5619 aut
1295 5566 1404 5619 illorum
1423 5569 1548 5634 respectu
1560 5564 1651 5619 Deum
1668 5577 1723 5618 esso
1742 5559 1881 5617 crudelem
1900 5569 2058 5634 tyrannum.

370 5661 486 5718 concilio
512 5659 675 5715 Tridentino
703 5674 769 5712 sess.
795 5661 818 5711 6.
846 5670 906 5724 cap.
934 5658 972 5707 lt.
1001 5659 1029 5705 et
1056 5658 1094 5706 ll.
1118 5670 1202 5723 seque
1229 5651 1301 5706 Vide
1318 5655 1397 5705 tract
1416 5650 1450 5705 de
1469 5650 1531 5721 lege
1546 5646 1573 5724 ξ.
1587 5656 1642 5705 188.
1669 5651 1693 5699 2·
1712 5644 1800 5700 Nimis
1819 5646 1934 5719 largiter
1952 5652 2057 5709 Beller-

370 5749 467 5805 eadem
485 5746 629 5821 sigillatim
651 5743 834 5820 probaturum
854 5738 1006 5806 pollicetur.
1041 5737 1202 5809 Responde·
1229 5737 1318 5797 murus
1338 5735 1445 5802 scribit,
1473 5756 1523 5789 reos
1539 5738 1649 5799 ‹loces-r,
1677 5734 1754 5798 quod
1775 5734 1856 5788 nullo
1874 5738 1911 5790 sit
1930 5739 1959 5791 in
1978 5743 2058 5798 nolr's
