4800 6659
586 1631 873 1755 nocue
913 1617 1315 1759 nnuman
1358 1637 1802 1763 sarmaria

741 1917 846 2070 DE
903 1916 1156 2076 BONIS
1209 1920 1644 2079 OPERIBUS.

1175 2223 1202 2287 1.

238 2401 297 2443 vm.
309 2401 327 2443 1.
377 2334 545 2444 Doctrinae
565 2389 600 2444 de
614 2390 813 2460 justificatione
832 2408 882 2462 per
901 2392 986 2448 fidem
1003 2392 1177 2448 convenienti
1204 2396 1352 2466 accipitur,
1378 2396 1565 2467 appellatione
1589 2396 1663 2451 euim
1680 2395 1816 2451 bonorum
1834 2413 1948 2467 operum
1968 2394 2039 2452 Seri·

218 2468 328 2561 ffi⁰f¹¹⁰
343 2474 439 2530 ordine
457 2474 582 2531 succedit
599 2476 733 2531 articulus
752 2478 788 2533 de
804 2478 884 2533 bonis
903 2477 1042 2548 operibus.
1076 2478 1177 2541 Quam·
1204 2488 1289 2551 ptura
1313 2482 1505 2553 complectitur
1532 2481 1615 2537 etiam
1638 2481 1845 2536 renovationem
1871 2481 2039 2551 interiorem,

218 2534 328 2621 seuseieo
343 2561 385 2614 vis
403 2560 476 2615 euim
495 2559 551 2615 fide
570 2561 628 2615 siae
646 2562 775 2631 operibus
791 2563 990 2633 justificemur,
1010 2582 1044 2619 ac
1061 2565 1177 2636 proinde
1205 2567 1306 2622 bouem
1328 2568 1514 2633 voluntatem,
1541 2568 1643 2623 bonam
1665 2568 1861 2623 conscientiam
1888 2573 1941 2622 etc.
1976 2566 2040 2622 Pla·

218 2625 284 2665 '‘¹¹²‘'
343 2664 360 2700 a
383 2646 442 2702 foro
469 2645 676 2717 justificationis
705 2648 781 2704 bona
804 2667 888 2721 opera
911 2650 966 2705 sint
989 2652 1176 2722 sejungenda3
1204 2652 1262 2705 cuit
1280 2660 1373 2709 autem
1391 2654 1494 2708 sancus
1512 2652 1580 2707 DEI
1595 2652 1752 2707 homiuibus
1771 2652 1955 2723 appellatione
1974 2668 2039 2724 opo·

342 2742 432 2788 tamen
451 2749 519 2787 vera
539 2732 588 2787 illa
608 2739 637 2789 et
658 2735 724 2789 viva
747 2735 817 2790 fides
823 2776 830 2804 ,
858 2754 909 2807 per
937 2754 1020 2807 quam
1041 2736 1176 2806 justifica·
1188 2699 1191 2782 Ι
1203 2756 1264 2793 rum
1284 2740 1477 2812 potiusquam
1495 2739 1640 2794 habituum
1659 2738 1704 2794 vel
1720 2737 1871 2793 affectuum
1890 2737 1945 2802 uti,
1974 2753 2039 2793 eum

343 2838 414 2887 mur,
431 2836 488 2873 non
507 2818 624 2874 estsine
643 2820 786 2891 operibus,
807 2838 871 2876 cum
890 2821 1026 2879 beneficia
1040 2821 1176 2893 justifica·
1187 2791 1191 2904 i
1203 2826 1293 2878 omnis
1311 2827 1376 2879 laus
1394 2842 1477 2880 verae
1495 2825 1608 2879 virtutis
1627 2825 1658 2877 ia
1676 2824 1785 2878 actim
1805 2824 1945 2891 canescat,
1963 2839 2039 2879 oum·

341 2905 421 2959 tionis
445 2912 474 2960 et
500 2904 739 2975 sanctificationis,
767 2908 983 2979 regenerationis
1008 2914 1036 2963 et
1060 2907 1256 3006 renova-{que
1283 2928 1369 2981 opera
1395 2917 1509 2967 externa
1525 2910 1634 2966 notiora
1649 2902 1705 2964 sint
1723 2910 1840 2964 internis
1857 2910 2039 2982 qualitatibus

341 2992 420 3047 tionis
440 2997 577 3060 perpetuo
600 3009 632 3046 ac
651 2992 836 3048 indissolubili
853 3012 926 3049 nexu
944 2994 1000 3049 siut
1017 2996 1230 3108 conjunctaqet
1260 2996 1422 3061 affectibus,
1451 2997 1571 3068 denique
1597 3013 1661 3051 cum
1687 2995 1748 3050 sola
1771 3002 1930 3052 renatorum
1954 3013 2040 3068 opera

340 3076 420 3132 Adde
438 3078 512 3147 quod
530 3077 655 3148 exemplo
673 3077 709 3134 D.
725 3077 808 3132 Pauli
827 3079 969 3134 doctrinae
987 3080 1021 3134 de
1037 3080 1174 3150 justifica·
1200 3082 1256 3136 sint
1278 3082 1414 3139 bonorum
1440 3100 1555 3153 operum
1581 3082 1705 3137 encomio
1729 3081 1829 3151 digna3
1855 3100 1911 3138 non
1929 3087 2039 3139 renato·

342 3164 412 3218 tione
431 3180 482 3234 per
504 3162 589 3217 fidem
613 3163 772 3219 immediate
791 3165 978 3237 subjungatur
997 3166 1122 3222 doct-ina
1139 3168 1174 3223 de
1200 3186 1261 3223 rum
1288 3185 1374 3240 opera
1396 3168 1538 3223 moraliter
1564 3184 1597 3221 ac
1620 3168 1649 3222 in
1673 3166 1794 3237 speeiem
1812 3167 1887 3223 bona
1905 3167 1962 3223 siut
1978 3185 2038 3223 um·

342 3249 418 3304 bonis
436 3249 575 3320 operibus.
610 3250 639 3305 Is
656 3268 790 3324 namque,
812 3252 854 3306 uti
873 3257 982 3306 constat
1001 3270 1034 3307 ex
1050 3252 1174 3325 epistulis
1199 3254 1267 3310 brae
1282 3260 1391 3309 tantum
1409 3272 1442 3309 ac
1461 3254 1556 3309 larvae
1574 3253 1699 3322 viantis,
1726 3253 1928 3323 imprecata,
1945 3259 1978 3309 ut
1996 3253 2037 3309 di·

341 3336 374 3389 ad
389 3336 530 3390 Romanos
548 3343 577 3392 et
587 3336 712 3407 Galatas,
731 3338 828 3394 eadem
841 3337 972 3393 methodo
985 3340 1079 3408 utitur,
1098 3340 1174 3412 quod
1199 3348 1273 3396 serta
1294 3345 1429 3395 vocantur
1448 3341 1484 3396 ab
1507 3338 1634 3410 apostolo
1651 3339 1731 3396 Rom.
1753 3344 1790 3394 14.
1810 3356 1836 3391 r.
1854 3338 1904 3395 ult
1938 3340 2037 3412 Angu-

340 3422 473 3493 singulari
501 3423 614 3478 consilio
644 3429 674 3478 et
702 3424 795 3479 divino
824 3424 946 3495 impulsu
975 3425 1081 3480 factum
1113 3442 1173 3482 esse
1199 3425 1273 3480 stino
1298 3426 1346 3481 lib.
1367 3432 1391 3482 3.
1417 3426 1455 3481 ad
1479 3425 1656 3481 Bouifacium
1680 3442 1704 3480 c.
1729 3431 1754 3481 5.
1787 3424 1926 3496 Prospero
1945 3425 1994 3483 lib.
2013 3431 2036 3482 1.

340 3508 498 3579 neutiquam
527 3508 649 3563 dubitari
677 3515 777 3581 potest.
818 3510 956 3566 Eximitur
982 3511 1096 3582 insuper
1120 3512 1173 3569 hac
1200 3512 1237 3567 de
1255 3517 1343 3566 vocat
1364 3516 1439 3583 gent
1458 3527 1481 3565 c.
1500 3517 1523 3567 3.
1559 3510 1694 3566 Anselmo
1718 3511 1748 3565 in
1772 3528 1795 3565 c.
1818 3518 1856 3567 lt.
1878 3511 1914 3565 ad
1935 3511 2036 3566 Βοωι-

341 3595 442 3650 ratione
468 3595 568 3651 animis
590 3597 732 3651 homiuum
754 3615 828 3652 vana
854 3614 888 3652 ac
907 3597 979 3653 falsa
996 3598 1044 3652 illa
1061 3616 1173 3670 persua·
1198 3616 1262 3665 nos,
1292 3614 1348 3669 qua
1372 3597 1407 3652 de
1429 3613 1459 3650 re
1483 3596 1564 3667 plura
1587 3614 1638 3651 suo
1660 3597 1728 3652 loco.
1764 3597 1852 3652 Porro
1870 3596 1981 3668 quando
2000 3596 2036 3653 de

340 3681 392 3749 sio,
419 3682 494 3753 quod
518 3681 589 3738 fides
614 3682 650 3737 sit
674 3684 751 3738 nuda
771 3684 908 3755 quaedam
932 3684 1032 3739 notitia
1049 3685 1173 3740 fiduciali
1199 3683 1320 3738 externis
1336 3682 1493 3738 actionibus
1513 3681 1664 3752 appellatio
1682 3682 1942 3753 bonorumoporum
1958 3700 2036 3738 usur·
2123 3723 2126 3730 .

340 3768 428 3823 cerdis
449 3767 669 3839 apprehensione
687 3776 772 3840 atque
789 3770 913 3827 interiori
930 3771 1107 3826 renovatione
1126 3772 1173 3827 de·
1198 3774 1293 3841 patur,
1324 3775 1390 3822 tunc
1420 3769 1573 3839 generatim
1604 3786 1660 3823 uon
1692 3767 1781 3821 solum
1809 3768 1885 3838 ipsas
1912 3769 2036 3824 actiones

339 3854 446 3922 stituta,
474 3855 549 3925 quod
573 3856 611 3908 sit
630 3861 769 3911 mortuum
787 3863 816 3913 et
833 3857 928 3912 sterile
946 3857 1080 3928 quiddam
1100 3859 1172 3914 vitae
1198 3861 1387 3923 nauseantes,
1413 3856 1463 3909 sed
1483 3855 1566 3909 etiam
1585 3856 1662 3909 facta
1678 3862 1707 3910 et
1726 3853 1826 3909 effecta
1845 3854 2037 3925 permanentia

338 3939 487 4009 spiritualis
521 3940 642 3996 motibus
671 3958 706 3998 ae
733 3941 868 3997 honorum
895 3960 1009 4012 operum
1035 3943 1172 3998 fructibus
1198 3945 1284 3994 notat
1322 3940 1368 3995 Sic
1386 3940 1489 3995 bonum
1509 3958 1579 4010 opus
1599 3946 1642 3995 est
1658 3939 1776 4010 proximi
1793 3938 1913 4002 dilectio,
1931 3939 2035 3996 bonum

338 4042 467 4094 vacuum,
493 4026 569 4097 quod
596 4026 633 4080 sit
655 4026 774 4082 exterior
800 4029 937 4099 quaedam
962 4029 1015 4082 oris
1039 4030 1173 4098 professio
1199 4026 1283 4080 etiam
1303 4043 1372 4095 opus
1391 4033 1434 4081 est
1451 4026 1554 4081 donum
1573 4043 1605 4080 ex
1626 4025 1775 4079 dilectione
1792 4024 1916 4094 proximo
1929 4024 2033 4083 datum.

338 4118 364 4167 et
389 4113 528 4182 jactantia
558 4112 717 4168 testimonio
744 4131 857 4183 operum
885 4114 1040 4182 denudata3
1071 4102 1410 4212 quibusJObservandum
1441 4112 1537 4181 etiam,
1567 4111 1642 4183 quod
1672 4128 1724 4165 vox
1752 4110 1887 4167 bonorum
1918 4128 2033 4181 operum

338 4197 550 4271 cogitationibus
566 4198 730 4268 opponimus
743 4198 814 4253 illud
826 4200 999 4255 Jaeohaeum
1012 4218 1034 4254 c,
1051 4207 1075 4256 2.
1087 4219 1111 4255 v.
1127 4208 1171 4257 17:
1183 4223 1185 4235 ·
1198 4204 1348 4268 usurpetur
1375 4205 1407 4252 ut
1429 4198 1577 4268 plurimum
1596 4197 1763 4268 generaliter
1780 4215 1830 4268 pro
1850 4202 1910 4252 tota
1926 4205 2033 4254 renato-

337 4285 435 4354 Fr’des‚
459 4302 530 4353 qaae
549 4304 605 4338 aon
622 4285 705 4363 babet
723 4302 825 4354 opera,
851 4294 962 4340 urortaa
981 4294 1022 4339 est
1040 4287 1070 4339 in
1087 4263 1258 4356 semetimm
1278 4284 1437 4339 obedientia
1455 4289 1485 4340 et
1501 4284 1578 4338 vitae
1595 4284 1725 4340 novitate.
1762 4282 1864 4355 Ephes.
1885 4289 1915 4346 2,
1939 4300 1965 4337 r.
1985 4289 2032 4341 10:

336 4371 416 4439 ipsa;
438 4388 464 4423 v.
485 4375 530 4426 18:
557 4372 671 4424 oriende
689 4371 759 4423 metri
773 4372 859 4434 sidem
877 4380 954 4424 taam
972 4389 1005 4425 es
1024 4361 1313 4468 operibunyCoaditi
1338 4388 1433 4423 samus
1458 4371 1487 4421 s‘n
1514 4370 1625 4423 Gbrr'eto
1649 4371 1691 4423 ad
1709 4372 1782 4422 bona
1801 4386 1898 4439 opera.
1933 4369 2034 4439 Titi,

335 4475 359 4510 v.
378 4463 423 4512 26:
448 4457 520 4510 sicat
544 4473 647 4525 corpas
672 4458 731 4509 siae
756 4458 859 4527 spirita
886 4466 1026 4511 montaum
1048 4467 1102 4522 est,
1128 4460 1222 4516 iram.
1250 4462 1294 4511 14:
1335 4456 1463 4511 Cbrrirtae
1491 4456 1547 4508 sibi
1569 4455 1737 4524 parificavit
1758 4456 1899 4525 populum
1922 4456 2035 4512 sebam

330 4544 404 4611 fides
427 4543 487 4595 sine
511 4543 641 4613 operibus
668 4551 708 4596 est
732 4551 852 4596 mortua.
892 4543 1021 4614 Denique
1045 4543 1098 4598 hoc
1122 4531 1330 4628 do-[boaornm
1348 4560 1477 4611 opernm,
1500 4547 1527 4595 et
1544 4541 1612 4597 ahbi
1630 4542 1748 4611 passim,
1774 4558 1830 4612 quo
1847 4558 1930 4596 seusu
1950 4542 2034 4598 etiam

334 4628 413 4683 cendi
436 4629 532 4683 ordine
556 4627 667 4684 obviam
693 4628 727 4683 iri
746 4634 839 4699 potest
858 4629 1013 4685 calumniae
1031 4629 1225 4716 Tridentiiiu
1250 4629 1302 4684 hoo
1328 4633 1448 4683 tractatu
1474 4626 1660 4697 appellatione
1685 4627 1821 4682 bonoram
1846 4645 1962 4697 operum
1980 4628 2033 4684 uti·

335 4732 400 4784 nae,
431 4714 511 4786 quasi
539 4714 568 4767 in
596 4714 698 4769 nostris
723 4714 847 4770 ecclesiis
874 4734 978 4785 mapsa
996 4718 1270 4779 contentioneimun
1290 4715 1458 4786 quandoque
1476 4730 1540 4768 vero
1558 4712 1715 4784 specialiter
1733 4720 1883 4784 usurpatur
1893 4731 1943 4783 pro
1957 4719 2034 4770 certa

329 4802 515 4871 praedicetur
546 4801 601 4854 illa
627 4802 663 4853 ab
688 4802 764 4855 omni
788 4802 896 4870 pietate
921 4811 1027 4856 remota
1048 4799 1290 4901 fideicia.jaliqua
1311 4801 1403 4870 specie
1429 4799 1630 4871 ιῖγαθοεργίας,
1656 4799 1815 4870 cumprimis
1840 4817 1890 4871 pro
1913 4799 2032 4856 liberali·

333 4886 421 4957 Atqui
444 4884 530 4939 fidem
551 4892 581 4940 et
603 4902 689 4955 opera
714 4886 884 4958 distinguere
910 4894 995 4958 atque
1017 4888 1168 4960 unicuique
1181 4893 1252 4941 =tate
1282 4894 1311 4941 et
1332 4884 1515 4941 beneficentia
1538 4885 1567 4939 in
1587 4900 1733 4956 pauperes.
1769 4885 1864 4940 Actor.
1886 4891 1918 4954 9,
1942 4903 1968 4939 r.
1988 4890 2031 4941 36.

333 4972 429 5025 horum
455 4970 530 5041 quod
559 4989 639 5025 suum
665 4978 707 5026 est
734 4972 856 5028 tribuere
881 4991 936 5027 non
963 4981 1006 5029 est
1032 4972 1115 5029 fidem
1141 4982 1169 5029 et
1195 4972 1230 5027 de
1255 4972 1385 5026 Dorcade
1408 4971 1553 5038 scribitur,
1581 4972 1657 5042 quod
1683 4971 1761 5024 dines
1782 4973 1876 5039 suerit
1898 4973 2032 5025 bonorum

332 5072 418 5126 opera
438 5072 581 5126 separare,
608 5057 645 5111 ab
669 5062 733 5111 actu
753 5057 963 5127 justificationis
980 5075 1064 5129 opera
1082 5078 1168 5116 remo·
1195 5075 1311 5127 operam
1329 5066 1354 5111 et
1375 5063 1616 5126 eleemosynarum,
1635 5076 1706 5126 qaae
1720 5058 1895 5126 praestabat.
1918 5062 1939 5111 1.
1957 5056 2030 5114 Tim.

332 5158 411 5209 vore,
439 5159 495 5196 uon
521 5148 564 5197 est
593 5143 689 5198 eadem
716 5161 748 5198 ex
771 5142 932 5213 justificatis
958 5144 1056 5199 tallere
1081 5152 1109 5199 et
1134 5129 1225 5227 exit,
1245 5160 1271 5200 v.
1294 5150 1332 5198 10.
1350 5144 1499 5214 requiritur
1517 5141 1553 5196 ab
1572 5159 1620 5211 ea,
1647 5159 1718 5213 quae
1736 5159 1800 5198 vere
1819 5143 1903 5196 vidua
1920 5148 1976 5211 est,
2001 5152 2032 5198 at

332 5227 465 5283 eeclesiae
484 5228 587 5283 linibus
605 5229 717 5299 penitus
735 5230 923 5285 exterminare.
1195 5231 1225 5281 in
1250 5230 1329 5281 bonis
1355 5229 1485 5297 operibus
1503 5230 1605 5281 idoneo
1625 5230 1781 5283 testimonio
1798 5230 1835 5281 sit
1854 5236 1972 5298 mata,
1997 5246 2031 5285 ac

232 5324 318 5368 muz
368 5320 391 5369 2.
421 5314 484 5368 Vox
513 5315 605 5385 operis
631 5314 667 5369 ab
695 5316 835 5385 operando
864 5316 984 5370 deducta
1013 5317 1042 5370 in
1073 5317 1169 5371 schola
1193 5322 1293 5385 postea
1311 5314 1478 5386 explicatur,
1497 5331 1632 5384 quaenam
1651 5314 1707 5368 sint
1723 5314 1772 5368 ills
1790 5314 1863 5368 bona
1880 5328 1980 5384 opera,
2005 5317 2033 5370 ei

218 5388 311 5457 Ε’Ψθ·
331 5400 452 5471 Spiritus
477 5400 566 5454 sancti
590 5418 645 5454 uon
670 5401 705 5454 de
729 5402 848 5457 externis
866 5402 955 5457 solum
973 5402 1057 5473 inque
1073 5404 1167 5457 oculos
1193 5401 1325 5456 videlicet
1341 5402 1437 5469 suerit
1462 5400 1624 5470 hospitalis,
1651 5402 1679 5453 ει·
1702 5408 1861 5453 sannorum
1879 5402 1966 5469 pedes
1989 5400 2031 5454 la·

218 5456 306 5565 ¹3¹2,
330 5485 538 5540 incurrentibus
553 5486 722 5552 actionibus,
745 5487 794 5541 sed
812 5487 895 5542 etiam
914 5488 949 5543 de
967 5488 1082 5543 internis
1100 5488 1166 5544 sffe-
1193 5489 1279 5555 verit,
1298 5489 1325 5540 ei
1341 5487 1461 5556 afflictis
1479 5487 1635 5539 moveant
1655 5492 1708 5541 etc.
1744 5484 1813 5539 Cum
1832 5484 1905 5539 enim
1922 5504 2030 5542 samm

218 5536 305 5667 Minu
329 5571 424 5626 atibus
440 5571 531 5625 cerdis
550 5577 579 5626 et
596 5571 716 5628 motibus
735 5572 885 5628 voluntatis
908 5574 1033 5644 adeoque
1053 5574 1089 5628 de
1107 5575 1265 5642 totalegis
1283 5574 1417 5626 consistat
1439 5574 1469 5625 ia
1489 5573 1653 5639 dilectione,
1689 5570 1766 5624 Rom.
1787 5575 1832 5636 13,
1856 5587 1882 5626 v.
1906 5578 1943 5626 10.
1967 5572 2031 5627 ideo

218 5630 285 5670 ω’
307 5659 488 5714 'narratorum
511 5674 584 5711 nova
602 5657 773 5727 obedientia,
797 5665 855 5713 tam
875 5660 997 5724 interna,
1018 5676 1101 5731 quam
1122 5678 1167 5715 ex·
1194 5660 1294 5714 mirum
1322 5675 1378 5712 non
1407 5663 1467 5727 est,
1500 5657 1636 5713 bonorum
1669 5672 1784 5725 operum
1815 5655 2029 5727 appellationem

326 5751 423 5812 terna,
447 5748 505 5797 tam
523 5743 674 5815 habituali,
699 5762 782 5815 quam
805 5746 908 5801 actuali
929 5746 1039 5816 piorum
1054 5746 1167 5817 justitia
1194 5746 1301 5805 εἰδικῶς
1334 5743 1533 5799 beneficentiae
1569 5758 1636 5813 erga
1664 5740 1820 5811 proximum
1845 5740 1947 5807 tribui,
1977 5757 2030 5813 per

376 5838 541 5881 Gerhardilooi.
567 5838 603 5880 Ν.
1681 5848 1694 5898 1
