4800 6659
401 516 442 574 es
993 506 1117 567 1100118
1134 505 1305 570 aeduus
1322 508 1511 570 murus

403 663 531 720 stolieum
548 662 651 719 referre
668 661 744 734 velit,
762 662 939 722 menifestum
958 670 1008 735 est,
1028 665 1103 737 quod
1122 663 1235 724 nobilis·
1263 664 1302 720 ita
1325 682 1435 737 quoqne
1458 665 1497 737 pii
1517 665 1546 721 in
1562 684 1593 724 se
1610 672 1689 726 extra
1705 668 1758 724 Dei
1775 666 1894 741 gratiam
1913 671 1942 724 et
1955 664 2098 730 mum

404 750 489 805 simae
512 749 623 821 pietatis
647 750 735 820 parti,
760 749 827 806 fidei
846 750 953 807 scilicet
975 750 1004 808 in
1021 750 1174 819 Christum,
1200 767 1236 806 ea
1261 751 1426 808 considerati
1452 770 1506 809 non
1535 761 1600 811 sunt
1631 754 1710 826 digni
1735 754 1800 812 ullis
1823 753 1969 825 praemiis,
1994 754 2099 812 nedum

404 837 555 901 tribuatur;
572 852 605 891 ae
622 836 800 908 singulariter
819 837 1031 906 observandum,
1047 837 1235 894 retributionis
1260 839 1322 910 ipsa
1349 837 1406 897 vita
1431 847 1560 906 aeterna,
1591 840 1640 898 sed
1669 840 1756 896 relate
1783 840 1814 897 in
1842 839 1952 900 Christo
1976 839 2098 910 spectati

403 924 491 991 iliius,
516 938 572 993 qua
597 922 693 992 pietati
714 922 798 994 hujus
822 929 851 980 et
872 928 1002 980 aeteram
1018 925 1093 980 sitae
1111 922 1236 995 praemia
1261 925 1339 997 digni
1363 930 1440 991 sunt,
1467 926 1510 981 vel
1536 926 1629 997 potius
1647 928 1730 996 degni
1748 927 1883 984 autenm
1901 929 1948 995 (ut
1964 926 2097 998 vulgatu·

291 1064 294 1071 ,
405 1009 518 1079 dantur,
550 1008 761 1064 fundamentum
786 1008 824 1066 ah
852 989 978 1081 apoitolo
1002 1010 1145 1077 constitui,
1179 1028 1235 1066 non
1262 1011 1397 1082 interpres
1420 1010 1488 1068 Luc.
1511 1018 1558 1085 20,
1582 1031 1609 1068 v.
1634 1018 1676 1071 at.
1708 1019 1730 1068 2.
1748 1012 1847 1070 then.
1867 1018 1895 1079 t,
1921 1030 1948 1071 v.
1967 1018 1992 1069 b.
2019 1017 2095 1069 recte
2134 1049 2137 1053 -

404 1095 568 1167 dignitatem
587 1094 632 1150 vel
649 1094 778 1151 meritum
796 1112 925 1167 operum,
945 1097 995 1153 sed
1015 1096 1165 1168 gratuitam
1180 1095 1236 1152 Dei
1261 1097 1355 1166 vertit)
1379 1114 1465 1167 repro
1483 1100 1548 1154 Dei
1584 1099 1642 1158 Coi
1662 1107 1689 1166 1,
1714 1118 1741 1157 v.
1766 1106 1811 1158 12:
1844 1098 1966 1156 Gratias
1985 1099 2096 1167 αρέσκει

403 1181 618 1253 promissionem.
659 1180 701 1237 Ut
728 1180 801 1236 enim
827 1182 864 1237 ad
890 1182 944 1238 ista
969 1182 1157 1254 promittenda
1180 1199 1236 1237 non
1263 1184 1326 1238 Deo
1344 1184 1442 1253 Patri,
1471 1185 1640 1255 pridianos
1658 1186 1808 1255 mesae,
1829 1184 1995 1242 ἰκανόσανπι
2014 1184 2095 1256 ἡμᾶς,

404 1267 498 1339 aliqua
516 1266 652 1339 dignitato
669 1284 781 1339 operum
800 1273 891 1323 motus
909 1275 964 1339 est,
983 1269 1032 1325 sed
1050 1276 1168 1341 paterna
1185 1286 1237 1324 sua
1261 1271 1292 1324 iu
1314 1277 1427 1339 partem
1451 1272 1535 1326 amath
1560 1280 1719 1327 soacensis
1742 1274 1773 1326 ia
1796 1273 1909 1332 lumine.
1944 1271 2010 1328 Non
2029 1286 2096 1344 ergo

404 1354 509 1425 gratis,
529 1370 584 1426 qua
602 1353 745 1409 eredentes
763 1353 792 1410 in
810 1354 949 1412 Christum
971 1355 1177 1426 complentium
1197 1355 1238 1409 ita
1262 1363 1356 1412 nostra
1380 1355 1531 1428 dignitato,
1554 1358 1605 1414 sed
1624 1357 1677 1413 Dei
1697 1357 1857 1430 dignahone
1874 1356 1949 1414 vitae
1965 1363 2096 1416 aeternae

405 1457 515 1513 quoquc
546 1440 682 1512 promissa
711 1441 837 1511 praemia
864 1458 896 1497 rs
924 1442 986 1514 ipsa
1013 1447 1152 1513 praestat,
1181 1457 1237 1496 nou
1262 1443 1412 1515 participes
1436 1443 1585 1516 reddimur.
1622 1450 1646 1500 3.
1671 1444 1714 1503 Ne
1737 1462 1802 1506 rero
1822 1444 2007 1504 Beliarminua
2024 1443 2096 1500 exci-

405 1532 519 1597 propter
545 1526 709 1598 dignitatem
730 1532 853 1582 nostram
873 1528 917 1584 vel
942 1546 1055 1600 operum
1075 1532 1238 1595 nostrorum,
1262 1530 1336 1600 piat,
1371 1530 1495 1597 pralium
1527 1529 1588 1586 Dei
1614 1539 1713 1588 nostru
1744 1547 1833 1600 opera
1861 1532 1973 1595 afficere
1999 1531 2097 1599 slim

406 1613 454 1667 sed
472 1618 586 1683 propter
603 1630 680 1668 suam
697 1614 913 1670 misericordiam
931 1615 1127 1671 etveritatem.
1151 1613 1237 1668 Bern-
1263 1615 1361 1689 paitru
1390 1615 1456 1684 spru
1485 1616 1545 1669 rita
1574 1622 1689 1673 actm
1711 1623 1845 1684 mapsam
1870 1616 1967 1671 dedita
1989 1633 2095 1674 mear

407 1699 510 1753 hardus
532 1715 613 1755 serm.
639 1706 680 1756 68.
705 1700 734 1754 in
758 1700 853 1757 Cant:
881 1704 928 1756 De
947 1703 1056 1756 mertis
1072 1701 1143 1771 quid
1159 1700 1237 1756 sotii-
1262 1703 1417 1767 reddata,-
1434 1701 1600 1771 notandum,
1620 1703 1695 1773 quod
1712 1702 1854 1772 apostolus
1870 1702 1951 1760 Rom.
1969 1708 2095 1772 8,v.18.

407 1788 463 1841 cita
482 1788 520 1839 sit
537 1787 667 1854 eeclesia,
687 1788 734 1841 cui
752 1790 788 1841 de
805 1789 955 1859 proposito
973 1788 1033 1844 Dei
1048 1789 1158 1853 tersior
1173 1805 1239 1857 sup·
1264 1788 1300 1842 de
1321 1788 1496 1859 passionibus
1519 1794 1677 1844 sanctonum
1698 1788 1903 1859 expressissima
1919 1794 2017 1861 neget,
2045 1806 2094 1848 aaa

402 1874 476 1944 petit
504 1875 683 1944 securiorque
712 1874 861 1943 gloriandi
888 1876 985 1930 ratio!
1015 1893 1072 1930 aaa
1091 1882 1238 1944 potestas
1265 1890 1323 1929 esre
1346 1876 1450 1945 dipsas
1466 1877 1508 1929 ud
1522 1876 1653 1942 futuram
1671 1875 1806 1945 pertua
1832 1892 1904 1944 moue
1926 1875 2099 1934 suasam

406 1961 496 2030 speum
524 1977 626 2029 negare
652 1962 732 2015 Deua
758 1978 845 2031 aeque
871 1980 926 2016 aaa
944 1964 1057 2030 fucere,
1086 1978 1157 2031 quae
1172 1963 1238 2031 jam
1264 1962 1295 2015 ia
1317 1962 1405 2016 aubia
1441 1960 1516 2025 Quas
1541 1978 1607 2018 veto
1631 1960 1800 2018 christinae
1818 1960 1883 2018 haia
1901 1961 1958 2019 luti
1977 1961 2096 2020 nebulae

406 2048 490 2115 feeit,
508 2054 539 2100 ut
557 2047 692 2116 amptum
709 2055 765 2101 est:
791 2047 849 2110 Qui
865 2048 936 2113 feeit
954 2066 1026 2118 grue
1040 2050 1149 2126 suerro
1166 2055 1239 2115 suut,
1264 2048 1394 2106 obfundit
1418 2045 1620 2113 Bellen-ruinas,
1643 2065 1689 2107 eas
1714 2048 1839 2119 superius
1863 2044 1890 2123 ξ.
1909 2054 1952 2106 93.
1970 2048 2099 2104 ᾱίιωαί-

330 2147 334 2156 ’
406 2134 511 2203 fueiet;
538 2134 640 2203 saciet,
664 2151 715 2189 aee
738 2134 829 2188 deerit
847 2136 996 2205 proposito
1011 2154 1062 2189 suo
1080 2137 1169 2189 Deus.
1207 2135 1241 2189 Si
1265 2152 1335 2190 mus.
1370 2140 1395 2191 4.
1413 2133 1553 2199 Quantum
1571 2150 1637 2191 vern
1654 2134 1690 2188 ab
1702 2134 1755 2194 hac
1769 2133 1945 2205 persuasione
1957 2134 1993 2192 de
2007 2134 2099 2207 digai·

408 2239 463 2274 nou
480 2228 520 2275 est
537 2222 691 2290 quodjuris
706 2237 842 2292 arueras,
860 2223 960 2291 putus
976 2222 1083 2276 matis
1100 2238 1240 2291 spasmus
1265 2225 1323 2276 tate
1341 2220 1482 2276 meritoria
1498 2238 1612 2292 opernm
1627 2238 1738 2277 snomm
1749 2220 1901 2278 sumum
1911 2237 1976 2277 vers
1987 2220 2099 2278 morit

409 2308 488 2376 bona,
502 2309 673 2377 praesertim
691 2326 752 2363 cum
771 2309 874 2363 audias
891 2310 972 2378 apud
984 2309 1167 2379 prophetem,
1183 2327 1240 2362 sors
1267 2306 1338 2364 Cen.
1358 2313 1404 2376 11,
1427 2325 1452 2361 v.
1475 2314 1514 2363 11).
1537 2307 1696 2378 pah-iareha
1719 2306 1908 2364 muamus
1924 2307 1965 2363 ita
1982 2306 2099 2379 alloqui·

405 2383 523 2472 propter
539 2412 600 2462 vor,
618 2396 672 2448 sed
685 2403 802 2465 prepter
821 2414 863 2450 me
883 2413 932 2465 epo
943 2397 1072 2463 sermm,
1092 2396 1162 2450 dicit
1181 2397 1239 2450 Do·
1266 2401 1312 2449 tur
1331 2394 1435 2449 Deum:
1464 2396 1564 2450 Miror
1584 2412 1645 2449 sum
1668 2395 1776 2450 uinetis
1798 2394 2024 2449 miserationibus
2044 2394 2100 2448 rste

409 2481 501 2534 minua
518 2484 570 2535 ete.
608 2485 632 2535 1.
649 2480 772 2536 Jacobus
791 2481 874 2550 dicit,
894 2499 955 2551 eos,
981 2482 1029 2553 qui
1048 2481 1168 2552 diligunt
1185 2482 1240 2536 Do·
1267 2489 1292 2534 st
1310 2481 1388 2534 ornei
1402 2481 1527 2549 amiate,
1545 2498 1627 2550 quum
1637 2481 1740 2547 fecisti
1749 2499 1810 2536 cum
1827 2498 1908 2536 aereo
1919 2488 1976 2538 eso.
1995 2478 2099 2536 esan.

409 2567 528 2637 minum,
547 2584 675 2622 coronam
690 2568 763 2625 vitae
783 2576 956 2640 accepturos,
981 2585 1157 2641 nequaquam
1174 2586 1240 2624 vero
1270 2573 1331 2636 tt5,
1351 2586 1376 2620 v.
1399 2574 1424 2623 l:
1451 2568 1517 2622 Noa
1533 2569 1623 2636 nebu,
1647 2568 1781 2638 Damas,
1798 2585 1854 2621 aon
1871 2566 1963 2634 nohis,
1980 2568 2033 2622 aad
2051 2582 2100 2622 no·

409 2654 520 2719 asserit,
547 2672 598 2708 sua
621 2654 768 2711 dilectione
795 2672 923 2711 coronam
945 2655 1019 2710 vitae
1036 2655 1240 2726 promerituros.
1266 2654 1338 2729 miti
1352 2661 1399 2708 tao
1417 2657 1458 2710 du
1474 2654 1597 2722 plurim
1618 2662 1739 2724 propter
1753 2652 1977 2710 madium
1990 2660 2017 2710 st
2029 2654 2100 2710 aeri·

408 2740 558 2795 Promissio
584 2740 647 2809 illa,
673 2758 728 2811 qua
746 2740 925 2812 diligentibus
942 2740 1033 2797 Deum
1051 2758 1153 2797 corona
1167 2741 1241 2797 vitae
1265 2748 1351 2794 tutem
1371 2748 1453 2796 nrum.
1489 2740 1560 2796 Dan.
1579 2747 1609 2809 9,
1626 2759 1652 2798 v.
1672 2747 1701 2795 7:
1726 2741 1803 2804 Tibi,
1822 2740 1958 2809 Domine,
1974 2739 2101 2808 jaetitr'a,

408 2832 578 2894 reservatur,
603 2826 814 2882 tundamentum
839 2826 924 2882 habet
939 2844 995 2882 non
1013 2827 1042 2882 in
1059 2844 1174 2899 operum
1192 2844 1240 2882 no·
1267 2828 1346 2882 sobre
1372 2835 1461 2882 autem
1484 2828 1614 2896 confusio
1638 2827 1736 2891 faciei.
1772 2825 1870 2884 Meua
1891 2831 1918 2891 t,
1941 2843 1967 2880 v.
1988 2830 2013 2882 8.
2033 2824 2102 2885 dicit

410 2918 527 2967 atrorum
556 2912 705 2984 dignitate,
736 2912 786 2968 sed
815 2913 844 2967 in
876 2914 999 2984 gratuita
1025 2913 1079 2969 Dei
1107 2914 1239 2976 bonitate.
1267 2911 1405 2971 tentarios
1431 2913 1569 2982 Domine,
1593 2931 1650 2968 eoa
1673 2931 1733 2968 sum
1758 2914 1874 2981 durrus,
1896 2919 1928 2968 at
1944 2912 2034 2968 ineu
2051 2911 2100 2966 rab

410 2999 549 3054 Promissa
575 3003 618 3053 est
639 2998 819 3082 diligentibus
841 2998 931 3055 Deum
950 3000 1023 3055 vitae
1043 3017 1158 3069 corona,
1186 3019 1241 3056 non
1267 3008 1368 3053 tectum
1386 3017 1484 3054 meum.
1509 2998 1572 3055 doh.
1593 3004 1616 3062 1,
1633 3017 1660 3053 r.
1672 3004 1712 3055 11.
1730 2998 1799 3054 dicit
1809 2997 1951 3055 lohannes
1962 2996 2100 3068 Baptista,

412 3086 486 3159 quod
513 3085 625 3141 dilectio
649 3086 685 3140 sit
709 3085 850 3144 meritoria
868 3086 965 3142 salutis
984 3104 1080 3156 causa,
1108 3088 1156 3144 sed
1177 3088 1243 3159 quia
1269 3104 1324 3157 quo
1342 3088 1431 3157 major
1449 3103 1505 3140 non
1524 3091 1567 3139 cst
1583 3085 1655 3141 inter
1671 3090 1751 3140 natos
1768 3083 1927 3142 mulierum:
1952 3084 2021 3138 Noa
2039 3101 2100 3138 aare

410 3178 453 3229 est
480 3171 634 3227 infallibilis
658 3188 724 3227 vere
752 3172 780 3226 in
806 3172 946 3228 Christum
974 3174 1144 3229 credentium
1167 3182 1242 3231 nota.
1269 3173 1389 3242 stipasse,
1429 3179 1460 3226 ut
1492 3172 1599 3226 soleam
1632 3171 1783 3239 cangium
1818 3170 2003 3226 calceamenti
2039 3171 2100 3239 ejas

410 3258 598 3330 Diligentibus
617 3257 709 3313 Deum
735 3258 816 3313 datur
838 3275 941 3314 corona
963 3260 1051 3328 vitae,
1076 3266 1242 3315 nouantem
1269 3258 1401 3327 (Christi).
1437 3257 1510 3322 Quin
1534 3259 1588 3314 imo
1607 3262 1667 3312 tota
1686 3255 1857 3328 triumphans
1875 3255 1994 3311 uaeas
2011 3255 2100 3327 hypo·

411 3346 493 3401 datur
511 3352 623 3416 propter
639 3344 830 3408 dilectionem,
856 3344 959 3416 quippe
980 3362 1051 3416 quae
1068 3345 1097 3399 in
1114 3345 1166 3401 hac
1184 3347 1245 3401 rita
1270 3345 1396 3399 criticam
1417 3344 1493 3399 iilam
1518 3342 1724 3414 persuasionem
1745 3342 1779 3398 de
1796 3342 1933 3413 dignitate
1951 3342 2102 3407 meritoria,

412 3431 547 3502 languida
564 3437 607 3486 est
626 3435 655 3485 et
672 3428 850 3501 imperfecta,
867 3430 934 3500 quin
955 3430 1050 3500 etjam
1063 3438 1127 3487 aute
1140 3432 1243 3489 debita.
1269 3430 1337 3501 ipsis
1355 3430 1485 3502 operibus
1502 3430 1671 3498 inhaerente,
1688 3428 1855 3486 validissime
1870 3428 1990 3499 repellit.
2009 3428 2099 3500 Apoa

347 3547 351 3555 ·
413 3517 536 3574 Jacobus
561 3517 622 3588 ipse
645 3534 668 3571 c.
692 3523 722 3584 2,
751 3534 776 3572 v.
803 3522 826 3571 5.
854 3516 983 3572 fidelibus
1008 3523 1040 3572 ut
1063 3518 1243 3574 hereditatem
1271 3524 1301 3584 t,
1321 3536 1345 3572 v.
1367 3523 1407 3574 10.
1431 3516 1580 3588 procidunt
1599 3515 1699 3587 viginti
1722 3522 1840 3587 quatuor
1863 3515 1984 3574 seniores
2007 3532 2102 3572 coram

410 3621 527 3675 regnum
546 3604 682 3659 coelorum
701 3601 846 3674 obtingere
864 3604 976 3659 statuit:
1000 3604 1116 3671 Audite,
1128 3606 1244 3673 fratrer
1270 3603 1384 3659 sedente
1410 3603 1439 3657 in
1467 3602 1566 3657 throno
1594 3618 1627 3656 ac
1654 3601 1768 3657 mittunt
1797 3617 1912 3658 coronas
1945 3618 2011 3660 suas
2037 3606 2103 3660 ante

411 3690 468 3743 mei
498 3690 596 3743 dilecti
603 3728 609 3753 ,
640 3706 730 3743 nonne
759 3692 839 3743 Deus
867 3687 950 3757 elegit
977 3707 1118 3760 puerperus
1145 3693 1246 3745 mundi
1271 3689 1399 3744 thronum
1418 3688 1540 3743 dieentes
1560 3704 1585 3742 v.
1608 3693 1653 3743 11:
1682 3688 1795 3756 Dignus
1813 3704 1856 3756 er,
1881 3689 2003 3745 Domine
2022 3691 2103 3746 Dm

412 3777 510 3844 hujus,
539 3776 640 3829 divites
658 3776 688 3829 iu
704 3777 763 3844 fide
781 3784 807 3830 et
826 3778 943 3830 heredes
966 3778 1058 3846 regui,
1082 3780 1159 3847 quod
1176 3796 1244 3847 pro-
1271 3784 1372 3838 noster,
1391 3775 1519 3843 accipere
1535 3774 1655 3842 ommam
1674 3782 1700 3827 et
1718 3775 1849 3830 houmere
1868 3783 1894 3829 et
1908 3775 2102 3831 seruauere
2127 3768 2134 3780 ⁹

411 3861 487 3915 mabit
506 3862 559 3924 iis,
578 3880 596 3913 a
615 3862 713 3929 quibus
732 3862 852 3916 dilectus
862 3865 979 3931 fuerit?
1271 3880 1326 3916 non
1354 3865 1448 3915 nostra
1473 3860 1624 3932 dignitate,
1654 3860 1703 3916 sed
1726 3864 1776 3915 tua
1799 3860 1961 3931 dignatione
1985 3876 2103 3918 coronae

284 3960 351 4003 aru
366 3962 400 4002 ss·
450 3953 504 4003 121.
541 3947 651 4003 Sextum
671 3955 895 4019 argumentorum
914 3950 1030 4004 classem
1050 3950 1171 4020 complet
1182 3951 1244 4006 Bel·
1272 3947 1334 4002 illas
1353 3953 1500 4019 gestamus.
1537 3953 1562 4002 5.
1583 3945 1662 4011 Quod
1681 3946 1865 4002 Bellarminus
1884 3945 1967 4014 dicit,
1984 3947 2103 4015 dipem

286 4017 366 4114 iffi?
412 4032 543 4089 larminus
563 4051 596 4089 ex
615 4033 671 4086 iliis
688 4033 763 4098 locis,
781 4034 809 4088 in
823 4034 923 4105 quibus
935 4034 967 4089 fit
979 4035 1081 4091 mentio
1093 4036 1245 4108 dignitatis,
1273 4052 1331 4089 csse
1350 4035 1479 4103 proemio
1504 4041 1529 4087 et
1550 4034 1654 4088 mereri
1669 4034 1840 4102 praemium,
1864 4041 1995 4103 respecta
2018 4034 2103 4104 aperi·

285 4117 383 4209 2',¹,‘‡„⁸⁰'
413 4121 528 4193 dignum
545 4121 616 4176 enim
632 4138 692 4176 esse
705 4121 827 4191 praemio
847 4127 876 4175 et
895 4122 990 4176 mereri
1005 4123 1155 4192 praemium
1173 4124 1245 4179 idem
1272 4120 1391 4173 tualium
1412 4120 1612 4189 beneficiorum,
1631 4122 1755 4188 adeoque
1774 4120 1864 4189 ipsius
1879 4118 1954 4173 uitae
1972 4128 2104 4176 Munus

351 4196 357 4209 ⁸
413 4225 472 4263 esse
492 4208 593 4278 probat
611 4225 644 4262 ex
661 4206 729 4262 Luc.
753 4213 797 4272 10,
815 4225 840 4261 v.
858 4215 885 4263 7:
906 4209 1019 4275 Dipsas
1039 4218 1079 4262 est
1096 4211 1246 4280 operarius
1273 4206 1499 4279 ἰσοδυναμοῦντα
1523 4222 1595 4274 erse,
1620 4205 1648 4259 id
1666 4204 1810 4261 manifeste
1827 4205 1928 4261 falsum
1946 4210 1996 4262 est.
2033 4206 2104 4262 Cum

413 4297 539 4348 mercede
563 4313 623 4350 suu.
663 4294 798 4349 Producit
821 4300 913 4350 autem
937 4294 1005 4349 haee
1031 4296 1106 4351 dieta
1131 4296 1195 4365 Sap.
1215 4301 1243 4351 3:
1273 4293 1345 4348 enim
1370 4290 1468 4348 Matth.
1492 4308 1553 4361 eap.
1581 4297 1621 4347 10.
1645 4290 1770 4346 Christus
1797 4291 1948 4362 discipulos
1974 4308 2040 4347 suos
2067 4293 2104 4347 ad

415 4382 497 4434 Deus
514 4381 627 4433 tentavit
645 4398 691 4434 eos
710 4389 735 4434 et
751 4382 853 4435 inuenit
870 4400 916 4435 eos
929 4383 1031 4449 clipeos
1047 4400 1084 4435 se.
1110 4389 1134 4438 2.
1146 4382 1244 4439 Thess.
1273 4379 1395 4450 perditas
1422 4395 1487 4434 oves
1514 4378 1612 4431 domus
1636 4376 1725 4431 Israiil
1750 4378 1909 4449 ablegaret,
1935 4395 1961 4434 v.
1979 4383 2004 4433 6.
2031 4379 2104 4435 inter

416 4471 446 4521 1:
472 4466 505 4518 Ut
523 4466 606 4536 stipsi
624 4467 784 4520 lubeamini
803 4486 888 4536 repro
907 4468 980 4536 Dei,
1008 4486 1062 4536 pro
1080 4485 1134 4536 pue
1153 4476 1179 4522 et
1191 4486 1245 4537 pa·
1273 4466 1329 4520 alia
1346 4465 1428 4520 etiam
1448 4462 1501 4518 hoc
1521 4463 1683 4518 mandatum
1701 4464 1741 4519 eis
1759 4464 1836 4521 dedit
1854 4480 1880 4521 v.
1902 4470 1946 4520 12:
1975 4464 2045 4519 Ciam
2062 4466 2104 4520 irs·

280 4569 341 4609 vlu.
358 4553 513 4610 ueremini.
549 4553 617 4608 Luc.
637 4558 682 4609 20:
714 4553 768 4616 Qui
791 4555 873 4621 digni
895 4555 1067 4608 iubebantur
1082 4556 1176 4609 seculo
1194 4556 1245 4608 illo
1272 4552 1385 4606 trahitis
1404 4553 1530 4618 domum,
1553 4551 1769 4620 salutaturum
1796 4569 1821 4605 v.
1842 4557 1887 4607 13:
1916 4559 1942 4606 et
1964 4552 2105 4621 riqrddem

414 4648 440 4693 et
458 4640 658 4693 resurreetione
677 4656 709 4693 ea
733 4641 857 4697 osortuis.
892 4640 980 4711 Apoc.
1001 4646 1031 4696 3:
1059 4640 1247 4695 Ambulubunt
1272 4640 1361 4702 fuerit
1386 4639 1485 4692 domus
1508 4636 1562 4690 illa
1589 4638 1690 4705 degsa,
1716 4638 1805 4691 venia
1824 4655 1885 4707 poa
1908 4645 2001 4692 vestm
2018 4656 2105 4708 super

414 4743 519 4781 mecvm
549 4725 578 4778 ia
607 4726 693 4794 albet,
723 4726 790 4795 qru‘o
817 4726 899 4796 stipsi
917 4735 987 4780 suat.
1022 4725 1245 4800 Respondemus:
1274 4725 1362 4779 itiam.
1398 4723 1524 4794 Cumque
1549 4721 1651 4778 iudaei
1668 4722 1899 4792 praedicationem
1917 4724 2104 4794 apostolorum

417 4817 440 4869 1.
453 4811 516 4867 Vox
528 4811 672 4881 dignitatis
688 4812 806 4865 sumitur
818 4813 861 4867 vel
874 4812 1009 4884 legaliter,
1021 4811 1065 4865 vel
1079 4814 1245 4885 evangelice.
1274 4809 1494 4867 contradicentes
1512 4816 1540 4864 et
1558 4808 1782 4879 blasphemantes
1800 4810 1989 4880 repudiarent,
2011 4811 2051 4866 ita
2067 4811 2103 4866 ab

414 4898 558 4970 Legaliter
579 4915 659 4953 nemo
678 4898 779 4969 dignus
796 4904 838 4953 est
856 4916 948 4953 coram
967 4898 1028 4953 Deo
1050 4898 1107 4953 vita
1125 4908 1247 4968 aeterna,
1273 4897 1397 4969 apostolo
1414 4896 1503 4950 Paulo
1517 4895 1637 4950 'audiunt
1655 4895 1719 4951 Aet.
1741 4901 1785 4962 13,
1802 4914 1827 4953 v.
1847 4903 1893 4953 46:
1924 4898 2005 4954 Vobis
2022 4916 2105 4968 opor-

415 4985 518 5057 quippe
540 4986 584 5039 lex
609 4991 723 5038 accusat
747 4992 775 5039 et
800 4986 966 5041 condemnat
985 5002 1078 5039 omnes
1096 5003 1152 5040 non
1168 5004 1246 5058 prae·
1273 4987 1348 5039 tebet
1361 4984 1486 5053 primum
1505 4982 1585 5051 toqui
1600 4998 1751 5037 samonem
1766 4985 1828 5052 Dei,
1844 4986 1898 5040 scd
1912 4985 2045 5052 quoumm
2062 5003 2105 5039 re

415 5080 518 5127 stantes
541 5070 594 5125 sibi
618 5070 769 5141 perfectam
796 5070 987 5128 obedientiam.
1022 5071 1190 5144 Euangeliou
1207 5072 1246 5143 pii
1269 5072 1379 5142 pellitis
1402 5071 1484 5124 illum
1506 5078 1532 5124 et
1553 5061 1608 5123 roo
1631 5069 1731 5137 stigma
1744 5070 1886 5140 judicatis
1902 5073 2105 5126 recesserita

416 5159 544 5214 dicuntur
562 5157 639 5228 digni
658 5174 743 5228 regno
761 5156 822 5225 Dei,
842 5159 890 5212 sed
909 5157 977 5213 haee
997 5162 1039 5212 est
1057 5158 1180 5228 dignitas
1191 5174 1246 5213 non
1274 5166 1401 5223 auersa,
1429 5172 1489 5211 eece
1513 5156 1697 5210 concutimur
1721 5160 1762 5211 od
1783 5165 1893 5227 greater,¹
1917 5159 2015 5230 utique
2038 5176 2105 5231 ergo

415 5245 521 5312 activa,
547 5244 596 5298 sed
615 5244 740 5313 passiva3
765 5261 821 5298 non
842 5244 1001 5308 inhaerens,
1027 5245 1075 5299 sod
1095 5244 1247 5315 imputata;
1275 5245 1298 5299 si
1326 5243 1494 5314 recepissent
1519 5260 1672 5298 sermonem
1697 5243 1762 5311 Dei,
1794 5243 1872 5314 digni
1901 5243 2021 5301 fuissent
2047 5246 2109 5302 vita

414 5348 470 5385 non
490 5328 643 5393 meritoria,
668 5330 716 5385 sed
736 5330 873 5401 gratuita3
897 5335 1040 5401 respectus
1066 5330 1138 5385 enim
1164 5330 1248 5386 habe·
1275 5338 1395 5385 aeterna.
1430 5329 1470 5382 At
1501 5330 1639 5401 quodnam
1670 5335 1713 5385 est
1739 5328 1783 5386 vel
1810 5347 1870 5385 essa
1895 5336 1986 5400 potest
2012 5332 2108 5388 ovium

415 5423 462 5472 tur
481 5416 635 5485 adsidam,
664 5432 736 5486 quae
762 5422 793 5469 ut
817 5416 960 5471 credentes
979 5417 1007 5471 in
1026 5415 1135 5472 Christo
1153 5423 1247 5487 gratos
1275 5416 1444 5487 perditarum
1462 5431 1495 5469 ac
1513 5414 1651 5471 hominurn
1670 5414 1822 5471 infidelium
1835 5417 1982 5471 meritum?
2001 5435 2112 5475 annon

416 5510 445 5558 et
471 5510 601 5573 acceptos
624 5503 700 5569 Deo,
728 5502 768 5557 ita
795 5520 906 5573 quoque
929 5504 1028 5575 dignos
1051 5504 1109 5559 vita
1133 5511 1248 5559 aeterna
1276 5504 1335 5573 ipse
1361 5501 1545 5558 Bellarminus
1573 5501 1669 5556 scribit
1691 5501 1739 5556 lib.
1762 5509 1786 5559 5.
1809 5502 1844 5557 de
1866 5503 2010 5574 justificat
2032 5523 2057 5562 e.
2076 5514 2108 5563 5:

416 5589 517 5645 reddit.
557 5595 580 5647 2.
604 5588 841 5657 Quemadmodum
869 5588 943 5643 enim
970 5589 1109 5659 apostolus
1135 5589 1259 5659 fureur,
1275 5592 1366 5644 latura
1387 5587 1532 5657 justitium
1556 5595 1582 5640 et
1607 5604 1708 5656 opera,
1733 5606 1804 5658 quos
1826 5591 1911 5651 tidem
1935 5599 1961 5646 et
1981 5593 2109 5660 aratiam

416 5694 445 5730 re
462 5694 518 5729 nors
536 5693 594 5731 esse
614 5677 743 5747 dignum,
770 5676 821 5746 qui
837 5684 948 5730 rocetar
968 5678 1128 5744 apostolus,
1151 5643 1259 5744 pratia.
1276 5678 1335 5730 Dei
1354 5678 1542 5745 praecedunt,
1564 5693 1616 5729 noa
1640 5693 1746 5745 quoque
1770 5678 1940 5747 despicim
1963 5688 1989 5734 et
2005 5681 2106 5736 mereto

416 5770 508 5817 autem
531 5764 592 5818 Dei
611 5764 645 5818 id
666 5780 723 5817 esee
742 5764 819 5833 quod
835 5770 890 5831 est,
919 5769 940 5818 t.
961 5760 1022 5816 Cor.
1045 5767 1089 5825 15,
1115 5780 1140 5820 v.
1160 5769 1184 5820 a.
1208 5769 1247 5819 111.
1274 5763 1348 5816 uuus
1371 5770 1501 5817 menae
1524 5779 1579 5817 soa
1602 5779 1660 5816 esee
1678 5762 1874 5817 concedimur!
1908 5770 1932 5820 6.
1951 5764 2030 5822 Neve
2050 5766 2105 5822 nlla
