4800 6659
964 714 1016 771 DE
1033 711 1306 774 SACRAMENTIS.
1924 726 1980 784 167

288 869 355 936 bus,·
384 871 426 922 ita
452 887 503 924 nse
532 879 710 924 samamenta
738 874 889 926 secundum
915 871 1041 941 ipsoram
1066 876 1238 961 sen-yneqroe
1265 874 1394 936 mtreltris,
1419 874 1479 927 sine
1495 875 1558 939 side
1577 881 1669 926 wien
1683 874 1776 941 aliqui
1794 873 1984 940 iustificantur

288 957 412 1012 tentiam.
455 958 580 1010 Conntur
606 959 783 1012 Chemnicins
806 960 869 1012 loce
887 959 973 1012 edalo
993 957 1138 1025 refellere:
1150 963 1181 1007 at
1193 960 1321 1025 paruuli,
1340 961 1390 1027 qni
1407 962 1491 1024 tidem
1505 961 1656 1028 propriam
1674 960 1783 1013 nnllam
1803 959 1909 1029 habmt,
1928 977 1984 1028 qna

288 1041 360 1093 tane
382 1043 594 1097 similitedinern
619 1046 654 1097 de
674 1045 788 1114 pictura
816 1053 841 1098 et
869 1047 1014 1098 ostendere
1032 1015 1288 1120 nescietrecipiant
1299 1046 1536 1114 justificationem.
1561 1044 1786 1116 Respondemus:
1800 1044 1983 1099 Bellarminus

289 1146 371 1195 quam
389 1131 580 1184 eremitatem
585 1152 597 1195 ;
616 1135 668 1184 sed
684 1150 739 1184 non
756 1139 847 1200 petest
864 1149 975 1199 seqare,
995 1129 1178 1185 similitu-'id
1199 1129 1289 1198 ipsum
1316 1131 1426 1185 disertis
1457 1131 1548 1185 verbis
1575 1132 1686 1195 asserit,
1715 1131 1744 1185 in
1762 1149 1817 1203 quc
1834 1130 1982 1185 asserendo

288 1215 381 1266 dinem
399 1216 482 1268 illam
499 1234 558 1270 esse
575 1219 605 1270 in
624 1218 781 1286 Apolopia,
801 1235 885 1285 qnam
903 1233 932 1270 se
952 1217 982 1268 in
1001 1212 1337 1270 ornnibnsChemnicium
1360 1217 1468 1271 mentiri
1491 1217 1607 1271 dixerat.
1653 1217 1682 1271 Si
1707 1217 1778 1271 enim
1804 1216 1873 1271 fides
1898 1215 1982 1271 etiam

287 1304 366 1369 sequi
375 1304 535 1371 profitetur.
561 1307 600 1358 Et
611 1313 761 1373 praeterea
776 1305 944 1357 aliisuerlis
958 1302 1123 1367 irlemdieit,·
1150 1301 1268 1356 maxima
1295 1320 1350 1357 non
1371 1303 1520 1372 justificat,
1547 1303 1599 1357 nisi
1627 1303 1700 1357 adsit
1718 1309 1918 1357 sacramentum
1938 1301 1982 1356 vel

287 1388 360 1439 nihil
377 1389 451 1440 enim
469 1391 528 1442 visit
545 1399 720 1443 sacramenta
740 1407 799 1443 esee
815 1391 898 1443 alind
915 1389 972 1441 nisi
989 1389 1074 1454 ritus,
1094 1386 1176 1450 iniin
1202 1404 1232 1441 re
1255 1388 1299 1442 vel
1323 1389 1351 1442 in
1380 1395 1455 1453 vota,
1479 1406 1514 1443 an
1540 1408 1595 1443 non
1620 1406 1652 1444 eo
1671 1390 1732 1459 ipso
1751 1393 1981 1443 sacramentorum

289 1474 386 1540 quibus
401 1476 550 1528 visibiliter
568 1484 794 1544 repraesentetur
808 1475 968 1543 promissio,
989 1475 1060 1526 sicat
1075 1489 1122 1524 art·
1149 1473 1297 1529 necessitas
1320 1474 1511 1543 justificationi
1535 1493 1584 1546 per
1610 1476 1697 1529 solem
1715 1474 1797 1531 fidem
1816 1473 1983 1546 opponitur?

289 1560 430 1628 diddiler,
454 1570 486 1614 at
513 1564 553 1615 sic
579 1563 696 1630 loquar,
723 1569 953 1630 repraesentatur
981 1562 1011 1613 in
1033 1561 1122 1613 verbo.
1150 1558 1207 1612 Nos
1234 1569 1329 1614 oonua
1353 1562 1576 1631 pronuntiamus,
1601 1570 1774 1619 sacramenta
1792 1579 1851 1617 esse
1871 1560 1982 1632 quidem

289 1647 388 1715 Itaqrse
407 1664 507 1701 revera
524 1650 955 1715 ncnopneeenntnecessitatem,
975 1646 1320 1715 licernes-,necessaria,
1346 1646 1454 1701 interim
1478 1654 1571 1703 tanim
1595 1648 1645 1703 soli
1670 1649 1733 1704 fidei
1757 1647 1982 1718 justificationem

287 1734 395 1787 dantur
403 1752 433 1786 se
443 1737 669 1802 aqnoseere„sed
677 1735 767 1787 seium
778 1744 888 1787 tenuem
898 1735 1039 1802 qrranslarn
1047 1733 1138 1785 atili—i
1149 1732 1275 1803 relinqui,
1305 1751 1367 1787 cum
1397 1734 1511 1788 verbum
1543 1737 1576 1788 et'
1602 1738 1774 1788 sacramenta
1805 1735 1861 1787 sint
1893 1732 1983 1787 media

289 1829 370 1872 latera
383 1828 631 1873 samonentorurn.
655 1818 732 1873 Haec
747 1819 941 1882 Bellarminns,
956 1819 1001 1872 cui
1013 1834 1123 1887 respon-
1135 1778 1137 1879 i
1149 1818 1305 1885 offerentia,
1335 1819 1403 1874 fides
1421 1821 1480 1874 sola
1496 1820 1533 1873 sit
1552 1820 1672 1875 medinm
1692 1820 1842 1888 recipiens3
1861 1818 1982 1889 applica·

290 1907 397 1960 demus:
418 1914 591 1961 sacramenta
601 1923 656 1960 non
668 1906 756 1960 solum
768 1905 886 1958 dicimus
899 1921 958 1959 esse
970 1892 1231 1977 promissio-{tionis
1257 1923 1310 1958 vox
1336 1913 1481 1976 utrumque
1506 1905 1697 1976 complectitur
1723 1905 1844 1958 medium
1864 1903 1982 1959 offerens

289 2010 353 2046 num
373 1993 531 2047 divinarum
548 1992 650 2062 sigilla,
670 1991 719 2045 sed
738 1992 822 2045 etiam
839 1991 931 2045 media
948 2008 998 2045 seu
1009 2006 1123 2061 organa,
1149 1996 1177 2044 et
1206 1990 1355 2060 recipiens,
1383 1992 1447 2047 ideo
1472 2010 1527 2046 non
1545 2009 1691 2062 negamus,
1714 1993 1749 2046 ad
1767 1991 1981 2061 applicationem

290 2096 336 2148 per
356 2097 431 2150 qnae
450 2080 526 2135 Dens
544 2080 625 2134 offert
644 2085 672 2133 et
689 2077 758 2132 fides
778 2079 881 2149 accipit
897 2078 1014 2148 gratiam
1035 2084 1063 2131 et
1080 2093 1122 2129 sa·
1134 2100 1137 2137 ι
1149 2076 1257 2144 gratiae
1274 2082 1332 2130 tnm
1348 2077 1530 2132 ministerium
1549 2078 1625 2132 vmbi
1643 2096 1675 2132 ac
1697 2082 1929 2132 sacramentorum
1948 2092 1981 2131 ex

289 2164 390 2235 lutum,
410 2166 515 2220 ratione
533 2166 631 2236 prioris
650 2166 710 2218 finis
728 2165 907 2218 conferuntur
925 2164 1050 2234 picturis,
1069 2142 1226 2271 nongparte
1245 2162 1312 2230 Dei,
1337 2170 1396 2217 tum
1421 2163 1505 2218 fidem
1530 2169 1663 2233 exparte
1681 2169 1776 2218 nostra
1796 2163 1906 2233 requiri.
1945 2163 1983 2219 Ut

289 2259 380 2305 autem
406 2253 514 2306 radone
534 2253 706 2322 posterioris3
730 2249 902 2310 ἀπαιδεύτως
919 2251 1005 2321 igitur
1024 2268 1042 2304 a
1060 2249 1137 2303 Bet
1179 2266 1216 2319 go
1239 2266 1295 2301 non
1316 2249 1472 2304 excluditur
1495 2250 1585 2321 gratia
1609 2250 1661 2305 Dei
1685 2256 1713 2304 et
1733 2250 1860 2304 meritum
1879 2248 1982 2303 Christi

288 2337 406 2391 termino
424 2338 554 2406 infertur,
578 2343 751 2392 sacramenta
770 2337 888 2391 conferri
908 2335 1033 2407 pictruis,
1061 2353 1121 2406 pro·
1149 2334 1177 2388 in
1200 2334 1296 2389 ordine
1320 2352 1420 2391 causae
1448 2336 1609 2406 principalis
1630 2343 1659 2390 et
1675 2335 1844 2404 meritoriae,
1871 2335 1982 2406 qnando

289 2423 352 2477 inde
370 2423 459 2478 nihilo
479 2424 541 2494 plns
554 2423 724 2479 necessitatis
743 2430 771 2477 et
790 2422 932 2478 efficaciae
946 2421 1123 2476 sacramentis
1150 2421 1209 2475 sola
1226 2420 1282 2475 fide
1296 2419 1444 2489 justificari
1465 2422 1597 2489 dicimnr3
1622 2422 1661 2476 its
1678 2439 1730 2477 nee
1748 2426 1981 2477 sacramentorum

288 2510 372 2565 tribui
403 2526 487 2581 quam
511 2509 640 2580 picturis,
663 2510 718 2563 imo
735 2526 800 2564 vera
817 2508 989 2580 comparatio
1007 2525 1062 2561 non
1081 2513 1125 2560 est
1150 2509 1300 2563 necessitas
1327 2512 1356 2561 et
1380 2507 1505 2563 efficacia
1531 2507 1686 2563 excluditur
1712 2508 1741 2561 in
1757 2509 1861 2563 ,ordine
1879 2523 1981 2562 causae
2084 2557 2087 2569 ,

288 2597 465 2651 extendenda
490 2597 563 2658 ultra
587 2596 657 2650 illud
679 2597 804 2664 tertium,
831 2597 912 2666 cnjus
940 2595 1031 2665 gratia
1047 2558 1367 2677 mhi-{instrumentalis
1399 2594 1547 2651 offerentis.
1595 2594 1668 2659 Quid
1698 2595 1732 2649 de
1762 2593 1818 2650 fide
1844 2594 1982 2649 infantum

290 2683 377 2737 betur.
420 2682 557 2738 Videatur
574 2683 634 2752 ipse
653 2682 840 2747 Chemnicius,
865 2683 911 2751 qni
930 2681 1122 2735 necessitatem
1149 2680 1327 2734 statuendum
1353 2681 1403 2748 sit,
1432 2681 1607 2750 exposuimus
1633 2681 1662 2733 in
1691 2685 1800 2734 tractat.
1826 2678 1919 2736 Germ.
1947 2680 1982 2736 de

288 2777 524 2824 sacramentorum
551 2770 767 2824 luculentissime
790 2770 917 2839 exponit,
943 2768 992 2822 uhi
1016 2774 1122 2834 monet3
1151 2766 1226 2835 bapt.
1244 2785 1268 2821 c.
1289 2775 1328 2822 25.
1361 2774 1386 2823 2.
1406 2767 1521 2821 Dixerat
1535 2765 1717 2829 Chemnicius,
1737 2767 1982 2820 consiliumetiam

287 2859 462 2910 sacramenta
479 2856 582 2925 ,quoad
610 2872 659 2910 nos
685 2873 745 2910 esse
770 2855 851 2926 signa
875 2853 1065 2910 confirmantia
1092 2851 1121 2906 fi·
1148 2853 1274 2922 reliquos
1296 2855 1369 2907 ritae
1398 2853 1633 2921 consternationis,
1670 2860 1806 2906 eetremae
1836 2853 1981 2918 unctionis,

287 2941 349 2995 dem
379 2958 449 3012 erga
480 2942 689 3011 promissionem
723 2942 872 3012 evangelii,
910 2940 1002 3010 quoad
1029 2938 1121 2993 Deum
1148 2939 1324 2992 auricularis
1343 2940 1528 3003 confessionis
1551 2946 1603 2995 etc.
1627 2939 1700 2991 inter
1720 2946 1899 2992 samamente
1916 2939 1981 2994 nm·

288 3028 728 3098 ssseorgansseuinstrumenta,
747 3045 797 3098 per
815 3044 886 3097 quae
898 3027 975 3080 Dens
995 3025 1120 3080 inverbo
1143 3025 1261 3092 pliciter
1279 3026 1455 3078 adsalutem
1475 3025 1629 3078 necessaria
1646 3026 1766 3092 referre.
1796 3023 1982 3079 Bellarminus

287 3130 336 3167 sna
368 3115 495 3182 potentia
526 3122 554 3169 et
588 3115 748 3185 operatione
785 3113 902 3184 gratiam
932 3111 1120 3181 promissionis
1147 3110 1263 3178 clamat,
1284 3112 1335 3166 hec
1355 3129 1412 3165 esee
1430 3111 1615 3175 mendesium,
1633 3129 1694 3164 cam
1713 3129 1769 3165 non
1786 3113 1912 3164 addatm
1929 3129 1982 3164 coe

287 3200 464 3270 evangelicae
484 3200 661 3255 credentibus
679 3199 815 3263 exhibeat,
835 3197 964 3268 applicet,
983 3197 1119 3269 obsignat,
1146 3198 1311 3266 simplicior
1329 3206 1354 3251 et
1378 3198 1529 3252 communis
1552 3198 1741 3265 desoloporum
1762 3198 1912 3262 renuntia,
1937 3215 1981 3250 so-

288 3285 442 3354 confirmet,
461 3293 563 3357 augeat
582 3294 609 3341 et
627 3291 786 3353 conservet3
807 3285 986 3339 sacramentis
1004 3300 1059 3338 non
1077 3301 1119 3338 so·
1146 3285 1289 3338 lemnario
1311 3286 1369 3338 tria
1394 3292 1572 3339 sacraemnta
1598 3285 1697 3337 doceat
1728 3300 1786 3337 esse
1814 3284 1980 3353 simpliciter

288 3372 342 3425 lum
363 3391 414 3427 nos
439 3380 529 3446 certos
546 3373 640 3443 reddi,
668 3374 742 3444 quad
765 3371 831 3425 ioris
857 3371 886 3424 in
905 3370 997 3440 specie
1015 3369 1119 3424 risibili
1146 3372 1322 3440 necessaria,
1355 3371 1415 3424 sine
1451 3371 1568 3438 reliquis
1596 3387 1678 3440 posse
1708 3369 1833 3424 leminea
1863 3371 1980 3438 salvari,

289 3460 345 3529 geri
363 3461 510 3526 cernimus,
530 3461 600 3515 illud
616 3462 690 3514 intus
708 3459 811 3513 virtute
830 3464 858 3512 et
876 3457 1000 3528 patentia
1018 3455 1071 3512 Dei
1091 3457 1118 3510 in
1146 3461 1230 3512 morlo
1248 3458 1320 3511 alsit
1339 3458 1509 3527 nepliqentia
1527 3465 1553 3511 et
1565 3465 1722 3512 commem.
1757 3457 1980 3527 Respondemus:

289 3546 364 3600 nobis
384 3546 474 3609 efflei,
501 3546 549 3600 sed
573 3547 669 3600 eadem
692 3561 803 3616 quoqne
827 3560 886 3597 esse
904 3550 1017 3598 externe
1035 3549 1063 3596 et
1079 3541 1118 3595 vi·
1145 3543 1201 3597 Cur
1226 3544 1312 3614 igitur
1336 3544 1366 3598 in
1386 3560 1488 3615 genere
1511 3544 1673 3615 pronuntiat
1698 3543 1857 3612 concilium,
1882 3562 1979 3598 sacra·

289 3631 377 3685 sibilia
405 3634 486 3703 signa
510 3638 538 3687 et
564 3632 682 3703 pignora
706 3631 813 3702 gratim
839 3635 868 3683 et
891 3629 1042 3684 voluntatis
1066 3628 1119 3683 Dei
1145 3638 1237 3683 menta
1254 3648 1342 3683 navae
1359 3631 1430 3699 lepis
1448 3647 1507 3683 esse
1528 3631 1704 3684 adsalutem
1721 3632 1889 3698 massaria,
1909 3648 1979 3702 quae

288 3735 352 3788 erga
373 3736 438 3786 nos,
456 3719 558 3789 quibus
576 3718 677 3771 illustri
696 3724 724 3771 et
743 3716 846 3771 visibili
865 3715 1021 3770 testimonio
1041 3715 1118 3769 testi·
1145 3733 1205 3770 cau.
1228 3723 1250 3772 1.
1267 3717 1451 3786 praecedente
1470 3734 1584 3772 numero
1603 3717 1757 3787 septenario
1772 3724 1838 3771 sunt
1850 3718 1979 3775 inclusa?

288 3802 395 3870 ficetm,
419 3805 495 3875 qnod
518 3804 663 3874 promissio
688 3804 725 3857 ad
748 3802 871 3874 singulos
896 3802 1046 3871 pertineat,
1070 3801 1118 3872 qui
1145 3802 1213 3867 Quis
1230 3802 1354 3857 divinare
1373 3801 1479 3872 potuit,
1498 3820 1581 3872 quam
1598 3803 1734 3874 cujusque
1752 3805 1915 3860 sacramenti
1931 3823 1978 3861 ne·

288 3888 341 3943 fide
357 3907 418 3945 eam
436 3889 464 3943 in
481 3907 535 3944 usn
552 3897 784 3944 sacramentorum
802 3888 1015 3959 amplectuntur.
1040 3886 1118 3941 Haec
1145 3888 1302 3943 cessitatem
1326 3887 1477 3943 definiant?
1512 3888 1610 3954 Adde,
1633 3890 1707 3961 qnod
1732 3906 1768 3944 ne
1786 3890 1897 3961 quidem
1915 3909 1978 3961 pro-

287 3976 376 4030 omnia
404 3993 438 4029 ex
464 3976 643 4046 sequentibus
672 3979 754 4029 erunt
778 3973 907 4037 clariora,
933 3973 980 4027 nbi
1006 3973 1041 4028 de
1064 3972 1119 4028 fine
1144 3975 1203 4044 prie
1232 3974 1307 4029 dicta
1335 3981 1510 4030 sacramenta
1529 3975 1586 4030 sint
1611 3975 1773 4046 simpliciter
1798 3982 1827 4030 et
1852 3977 1977 4031 absolute

288 4070 519 4117 ncmmentorurn
544 4063 740 4132 disputabitur,
789 4067 814 4116 ὁ.
839 4062 918 4114 Ordo
945 4059 1119 4113 necesaria
1145 4061 1314 4130 nmessmia,
1339 4067 1371 4116 nt
1393 4060 1454 4117 sine
1478 4062 1533 4117 illis
1551 4079 1632 4118 nemo
1652 4061 1739 4132 possit
1756 4062 1872 4127 salvari,
1895 4063 1977 4118 modo

287 4158 326 4202 est
348 4168 405 4203 nan
426 4150 548 4218 sinpnlis
574 4150 742 4214 hominibus,
776 4149 829 4200 sed
856 4147 914 4216 ipsi
933 4144 1066 4199 eeclesiae
1089 4147 1120 4199 in
1145 4147 1218 4201 absit
1237 4147 1410 4219 negligentia
1426 4154 1455 4204 et
1472 4153 1641 4215 contemtus,
1662 4147 1738 4218 quod
1759 4148 1793 4201 de
1812 4147 1979 4204 eucharistia

288 4237 443 4290 mineram
463 4237 625 4288 necessitate
646 4235 736 4287 medii
757 4233 940 4301 simpliciter,
961 4233 1057 4301 posita
1076 4233 1118 4287 di·
1144 4233 1329 4288 Bellarminus
1354 4251 1409 4288 non
1431 4241 1531 4306 negat,
1551 4235 1586 4288 de
1603 4234 1740 4303 baptismo
1759 4233 1788 4287 id
1809 4234 1977 4291 demonstra-

287 4323 351 4376 vina
373 4322 555 4376 imitatione.
591 4320 850 4377 altimanniam
872 4321 1060 4372 neeessariam
1078 4327 1119 4372 est
1144 4321 1234 4374 rimus
1255 4321 1390 4390 superius.
1435 4328 1460 4378 3.
1484 4320 1600 4375 Dixerat
1623 4318 1814 4388 Chemnicius,
1844 4323 1978 4377 nerninem

288 4410 442 4462 eddanum
461 4414 521 4462 esse
541 4404 903 4475 nonsinpnlisirominibas,
920 4406 972 4457 seri
984 4404 1118 4458 rectane
1143 4426 1243 4462 sanum
1267 4409 1499 4478 justificationem
1522 4426 1576 4478 per
1601 4409 1692 4460 solam
1720 4408 1804 4471 tidem
1831 4409 1872 4461 sie
1897 4410 1978 4464 intel·

288 4496 315 4547 in
337 4495 503 4548 minaeum.
539 4494 582 4547 De
599 4493 642 4547 his
664 4511 720 4547 non
740 4499 782 4545 est
799 4489 998 4552 controversia,
1023 4507 1118 4561 quam·
1143 4495 1253 4561 lasese,
1273 4495 1357 4563 qnasi
1373 4513 1393 4548 a
1411 4495 1612 4564 iustificatione
1623 4494 1790 4548 secludatur
1803 4495 1898 4563 pratia
1911 4497 1978 4562 Dei,

288 4581 326 4633 vis
351 4597 385 4636 es
410 4597 475 4635 rere
502 4588 529 4634 et
558 4581 668 4650 proprie
694 4579 771 4633 dicta
797 4581 969 4632 sacramenta
992 4594 1052 4632 esse
1070 4595 1117 4632 ne·
1145 4581 1274 4634 meritum
1295 4580 1400 4634 Christi
1424 4572 1450 4634 et
1476 4581 1659 4634 ministerium
1680 4581 1757 4634 serbi
1775 4589 1801 4632 et
1819 4592 1979 4635 sacramen-

289 4683 389 4737 gemns.
1144 4674 1243 4720 torrem
1288 4665 1472 4721 Bellarminns
1498 4666 1616 4736 regerit,
1648 4666 1800 4719 Latiarum
1828 4667 1922 4720 maltis
1949 4669 1978 4721 in

320 4759 360 4808 it.
396 4752 583 4807 Bellarminns
601 4750 652 4805 hoc
673 4751 734 4805 loeo
751 4748 940 4805 Chemnicium
957 4749 1117 4816 insectatur,
1144 4752 1215 4805 lacis
1239 4752 1403 4821 apposuisse
1420 4752 1509 4820 fidem
1535 4753 1718 4805 sacrementis
1736 4768 1770 4805 ae
1788 4753 1903 4806 inertis
1919 4769 1978 4806 ver·

225 4824 257 4907 ἶ
290 4839 361 4909 qnod
385 4839 536 4893 mendaciis
556 4845 583 4893 et
601 4837 745 4892 calumniis
765 4835 861 4890 concil.
880 4835 1004 4890 Trident.
1022 4852 1118 4894 onera:
1144 4838 1186 4890 bis
1212 4838 1353 4906 manase,
1379 4838 1421 4889 ita
1443 4838 1507 4891 sola
1528 4839 1587 4901 fide
1611 4837 1736 4890 hemines
1761 4839 1924 4907 iustificari,
1949 4847 1979 4892 nt

225 4920 367 5012 ,τρεπὴς
389 4932 414 4981 1.
434 4925 542 4979 dixerat
560 4923 744 4991 Chemnicius,
764 4922 910 4975 consilinm
928 4923 1117 4976 necessitatem
1143 4923 1225 4976 neella
1247 4941 1319 4992 pars
1335 4923 1551 4990 justificationes
1577 4925 1618 4975 ad
1637 4932 1814 4977 sacramenta
1830 4925 1978 4995 pertineat.

225 5024 258 5061 urs
288 5020 522 5068 insanientes-ran
554 5026 694 5079 oprpenae
718 5008 920 5076 justificationi
944 5025 998 5076 per
1028 5008 1118 5062 solam
1143 5009 1368 5080 Respondemus:
1403 5009 1535 5079 Disputat
1558 5009 1697 5066 Lutherus
1718 5016 1814 5065 conus
1831 5010 1978 5066 Scholasti-

225 5075 263 5164 fss,
289 5099 376 5161 idern
418 5097 601 5152 Bellarminus
633 5096 716 5164 dicit,
746 5095 798 5149 hoc
829 5109 889 5148 csse
926 5093 1116 5148 mendacium:
1144 5112 1205 5163 cos,
1232 5095 1278 5164 qui
1297 5100 1471 5148 sacramenta
1488 5112 1521 5148 ex
1540 5113 1622 5166 opere
1644 5103 1758 5167 operato
1774 5098 1905 5167 prodesse
1923 5103 1978 5152 sta·

225 5191 280 5237 tte.
290 5182 451 5250 Concilium
469 5183 567 5254 inquit,
586 5200 641 5235 non
663 5184 780 5234 άαηιησι
805 5198 859 5246 ees,
878 5182 955 5247 qnod
969 5181 1119 5233 secludant
1144 5186 1241 5249 tunnt,
1264 5181 1316 5234 hoc
1341 5197 1424 5234 sensu
1448 5187 1476 5235 et
1498 5189 1627 5252 respectu
1645 5189 1730 5254 negat
1747 5183 1884 5237 Lutherus
1898 5185 1979 5255 justi-

225 5265 465 5353 'geminem
487 5287 505 5322 a
521 5267 725 5337 justificatione
742 5267 838 5334 qrroin's
857 5268 955 5332 modo,
974 5267 1026 5317 sed
1044 5268 1120 5334 quod
1144 5266 1300 5321 ficationem
1323 5265 1499 5320 tribuendam
1518 5283 1579 5323 esse
1598 5269 1791 5330 sacramentis.
1810 5269 1914 5326 scilieet
1935 5288 1978 5324 so·

225 5371 270 5408 us
288 5357 436 5411 aslum
452 5356 489 5408 ab
511 5355 670 5408 irremediales
695 5354 857 5421 acceptione
880 5360 906 5405 et
928 5351 1119 5420 applicatione
1144 5354 1178 5407 lis
1204 5352 1310 5423 absque
1336 5351 1391 5408 fide
1409 5355 1563 5424 usurpatis,
1582 5355 1696 5425 perinde
1714 5361 1746 5408 ut
1763 5355 1854 5424 ipsum
1876 5352 1978 5410 Christi

225 5421 511 5512 {zybstificationm
541 5443 592 5494 sed
615 5441 681 5507 cult,
710 5442 751 5493 ad
778 5441 810 5491 iel
835 5439 993 5492 necesaria
1009 5439 1120 5507 requiri
1145 5439 1272 5494 meritum
1290 5438 1393 5494 nemini
1412 5439 1527 5510 prodest
1547 5441 1606 5495 sine
1626 5440 1697 5509 fide,
1714 5440 1789 5495 absit
1806 5441 1930 5512 interim,
1948 5451 1980 5498 ut

225 5529 255 5565 Μ
286 5537 472 5610 mameae,
489 5530 563 5580 odeo
579 5528 648 5579 atsi
657 5527 883 5594 jielesinaliquo
896 5526 1010 5577 exsistat
1024 5542 1119 5592 qaum·
1145 5543 1163 5579 a
1178 5524 1378 5597 justificatione
1395 5525 1464 5580 illud
1483 5526 1652 5581 excludatur.
1688 5525 1734 5582 Sic
1754 5526 1826 5580 enim
1839 5527 1978 5582 Lutherus

286 5618 324 5670 ris
341 5616 480 5678 memma,
505 5635 560 5668 nors
585 5622 678 5666 lamen
689 5613 839 5682 justificet,
864 5612 923 5663 nisi
939 5612 1017 5663 arbit
1036 5611 1119 5664 etiam
1144 5612 1267 5682 loquitur
1285 5611 1314 5664 in
1333 5609 1394 5666 loco
1414 5629 1432 5666 a
1450 5612 1619 5667 Bellarmino
1638 5612 1723 5668 citato
1742 5613 1770 5666 in
1790 5612 1837 5667 lib.
1859 5615 1894 5668 de
1906 5620 1979 5685 capt.

283 5709 488 5757 momentana
512 5704 542 5755 in
567 5719 598 5755 re
616 5701 801 5767 selinunte,
820 5701 874 5751 irae
893 5698 1119 5767 mapisreqairi-
1146 5697 1245 5767 Babyl.
1271 5713 1332 5767 cap.
1357 5697 1392 5752 de
1417 5697 1492 5768 bapt.
1523 5705 1587 5752 tom.
1622 5705 1646 5752 2.
1675 5698 1738 5754 Jen.
1769 5699 1832 5756 Lat.
1862 5699 1883 5755 f.
1914 5707 1978 5756 tlt:

283 5797 330 5846 lue·
344 5796 565 5856 merentem,
583 5808 666 5857 quarn
678 5789 763 5854 fides,
783 5805 850 5839 narn
868 5786 928 5838 eine
946 5792 1118 5838 sacrarnento
1147 5783 1288 5838 Arlr'trati
1302 5791 1366 5836 sant
1385 5801 1468 5851 quarn
1482 5784 1610 5853 plurimi,
1629 5801 1687 5839 ase
1706 5786 1835 5854 aliquam
1852 5787 1979 5840 virtutem

283 5879 315 5934 is
333 5895 369 5933 re
389 5877 434 5931 rel
452 5876 482 5930 is
499 5884 562 5929 coto
580 5893 660 5929 neme
671 5876 860 5943 justificatur,
878 5889 965 5941 neque
977 5870 1118 5940 parvulus
1145 5871 1282 5925 necabam
1300 5869 1479 5940 spiritualem
1500 5870 1529 5924 in
1549 5870 1632 5924 uerbo
1651 5878 1677 5924 et
1697 5889 1782 5943 aqua,
1799 5888 1978 5942 quaeopere·
