4800 6659
409 598 472 657 250
1003 593 1007 599 ’
1023 591 1148 653 mous
1167 590 1339 649 DECIMUS
1355 591 1484 651 nemis

409 746 532 802 Rolano
559 755 585 801 et
615 749 736 819 Huqone
763 749 803 806 de
831 750 863 808 8.
893 750 1005 805 Victore
1038 755 1246 803 sacramentum
1270 745 1337 801 ferri
1353 746 1540 803 testimenium
1561 766 1612 819 pre
1629 750 1787 819 septenario
1804 754 2042 821 ssersmenterum
2059 766 2108 803 nn·

302 901 306 909 ι
409 833 598 902 impositionis
621 851 754 890 manwen
771 851 823 890 ssu
839 835 999 892 elnsmatss
1016 844 1043 889 et
1061 836 1246 905 confirmatio·
1271 849 1357 901 mere,
1386 850 1469 905 quem
1496 841 1589 890 tamen
1614 843 1646 890 ut
1669 836 1735 891 fidei
1757 835 1905 891 αλὶοιιλιιω
1925 836 1978 891 sub
1995 835 2108 891 anathe-

410 920 455 973 nis
475 921 653 990 adjunpitur,
672 939 727 991 que
741 922 784 993 ns,
800 927 832 977 ut
851 923 932 992 apud
949 928 1077 975 austeres
1093 922 1183 991 paule
1200 938 1245 975 ve·
1271 918 1352 972 mstis
1383 918 1500 976 fulmine
1528 920 1609 975 nobis
1632 921 1819 977 Bellsrminus
1847 922 1982 979 obtrudit
2028 922 2108 988 Quod

409 1006 540 1059 tesnores
565 1007 639 1060 inter
660 1016 839 1063 sacramenta
860 1008 981 1078 proprie
999 1008 1079 1062 ds'eta
1096 1026 1170 1061 nune
1189 1009 1246 1061 due
1272 1010 1377 1059 veteres
1397 1005 1499 1061 alicubi
1521 1006 1605 1062 etiam
1622 1007 1685 1061 aliis
1705 1007 1805 1063 ritibus
1824 1024 1925 1065 nemen
1943 1008 2110 1063 armamenti

405 1099 558 1160 ponantur,
570 1099 601 1145 ut
613 1093 806 1162 baptssmuset
818 1094 1005 1163 eucharistia,⁸
1022 1095 1247 1158 nanceianum
1272 1090 1303 1144 in
1318 1107 1400 1146 seusu
1418 1091 1515 1147 laxiori
1535 1092 1678 1162 tribuunt,
1706 1094 1735 1149 id
1762 1093 1843 1149 nebis
1864 1111 1921 1149 nen
1938 1095 2111 1158 adrasum,

411 1177 575 1247 baptismati
593 1179 753 1234 elrismetis
771 1179 946 1244 confirmatio
963 1181 1148 1249 adjunqitur5
1172 1196 1247 1232 nune
1273 1192 1337 1230 cum
1354 1175 1407 1231 hac
1424 1177 1529 1234 ratione
1547 1196 1603 1233 non
1621 1180 1710 1235 selum
1727 1188 1842 1252 septem,
1857 1181 1910 1236 sed
1927 1181 2014 1237 etiam
2030 1180 2113 1251 plura

411 1271 623 1332 arroensium,
642 1282 704 1318 eum
723 1282 825 1335 eorpus
844 1267 1000 1332 etsanpuis
1013 1266 1131 1319 Domini
1142 1266 1173 1318 in
1189 1266 1247 1319 due
1273 1268 1446 1318 sacramenta
1462 1273 1615 1321 numerent.
1651 1265 1698 1323 Sic
1716 1268 1893 1339 Augustinus
1912 1267 2058 1323 inPsalm.
2071 1271 2112 1322 65.

411 1357 747 1419 sacramentaseeantur5
765 1352 876 1419 reliqua
892 1368 957 1405 vere
975 1358 1152 1405 sacramenta
1168 1350 1248 1404 nulle
1273 1364 1369 1403 omnes
1389 1349 1475 1417 ritus,
1499 1351 1547 1422 qni
1573 1358 1684 1421 praeter
1707 1352 1924 1424 baptisationem
1945 1352 1975 1407 in
2001 1352 2113 1407 actione

412 1442 487 1488 certe
517 1452 634 1489 numere
665 1438 702 1490 ab
731 1436 792 1490 illis
821 1438 1027 1507 antiquioribus
1063 1437 1249 1507 scriptoribus
1273 1433 1405 1505 baptismi
1440 1441 1507 1490 amc
1542 1436 1765 1507 adhibebantur,
1806 1445 1888 1494 vocat
1929 1443 2112 1493 mmmmm

413 1521 611 1590 comprehensa
636 1521 800 1589 lepimus.**
832 1522 972 1586 Breviter,
999 1539 1055 1578 non
1077 1527 1169 1594 potest
1186 1538 1249 1592 pre·
1274 1519 1452 1575 Bembardus
1483 1521 1513 1577 in
1540 1539 1619 1577 serm.
1644 1524 1680 1578 ds
1704 1541 1792 1579 mena
1817 1524 1931 1579 Domini
1960 1524 2114 1591 contendit,

413 1605 480 1662 ierri
496 1622 530 1659 ex
547 1622 615 1661 vera
632 1606 799 1679 antiquitate
818 1625 978 1679 expressum
996 1608 1110 1680 aliquod
1127 1608 1249 1663 testimo
1274 1606 1406 1661 lotionem
1429 1608 1532 1678 pedum
1555 1627 1617 1666 esse
1640 1618 1845 1667 sacramentum
1860 1610 2031 1666 remissionis
2049 1625 2113 1680 pse

413 1690 491 1746 nium
511 1690 546 1745 de
565 1693 722 1761 septenario
740 1699 974 1750 sacramentorum
991 1712 1113 1749 numero.
1275 1700 1399 1749 catorum
1426 1696 1628 1766 quotidianum.
1664 1699 1840 1770 Quandoque
1857 1698 1992 1769 pauciora
2016 1712 2113 1751 nume

449 1783 491 1832 59.
514 1776 699 1832 Bellarminus
710 1777 771 1834 lece
784 1780 860 1834 dicte
871 1780 988 1851 regerit:
1003 1786 1026 1837 1.
1037 1781 1249 1835 Justinumtan·
1276 1786 1346 1834 rant
1381 1780 1428 1836 Sic
1445 1780 1599 1853 Dionysius
1617 1784 1791 1856 Areopagita
1807 1785 1837 1839 in
1853 1783 1903 1840 lib.
1921 1781 1958 1839 de
1976 1781 2113 1838 hierarch.

415 1870 473 1916 tum
488 1864 646 1917 meminisse
665 1866 784 1918 duorum
801 1875 1050 1935 sacramentorum,
1068 1868 1135 1937 qnia
1155 1868 1189 1921 id
1205 1885 1250 1921 re·
1276 1867 1376 1922 eccles.
1403 1867 1476 1923 inter
1492 1870 1625 1940 mysteria
1643 1888 1693 1926 seu
1710 1876 1886 1927 memmente
1903 1870 2038 1926 ecclesiae
2058 1885 2114 1923 nen

414 1949 542 2017 quirebet
569 1958 762 2018 aepumentum
789 1951 870 2026 illius
897 1953 992 2021 operis
1011 1961 1112 2007 centra
1134 1953 1251 2021 pentilus
1276 1959 1403 2009 numerat
1418 1953 1632 2025 poenitentiam,
1661 1973 1717 2011 nen
1741 1956 1961 2023 matrimonium,
1987 1971 2046 2010 non
2063 1972 2113 2008 un·

414 2035 521 2105 serapti.
555 2035 780 2106 Respondemus:
807 2037 848 2093 ita
873 2038 999 2093 meminit
1016 2039 1114 2093 borum
1131 2040 1250 2095 duorum
1275 2038 1394 2095 ctionem
1422 2039 1607 2107 infirmorum,
1639 2042 1690 2096 sed
1712 2059 1763 2113 pre
1787 2059 1823 2098 es
1845 2041 1931 2097 babet
1954 2041 2115 2096 motionem

413 2126 663 2188 sacramentorum,
680 2130 713 2176 ut
729 2140 782 2178 nec
800 2123 830 2177 in
847 2123 900 2196 bec
919 2124 1007 2192 libro,
1024 2142 1075 2180 nee
1094 2125 1162 2180 alibi
1180 2126 1249 2180 alie·
1276 2131 1453 2182 mortuorum.
1489 2128 1596 2182 Auctor
1623 2125 1756 2183 sermonis
1781 2128 1817 2182 de
1833 2126 1977 2182 ablutione
1998 2126 2115 2196 pedum,

412 2224 474 2263 rum
503 2208 669 2263 mentionem
698 2208 793 2266 iaciat.
828 2209 988 2281 Diligenter
1019 2212 1152 2267 describit
1178 2211 1250 2266 ritus
1275 2210 1324 2280 qni
1343 2210 1485 2282 Cypriane
1504 2212 1652 2282 tribuitur,
1677 2230 1741 2267 eum
1766 2228 1911 2268 recensere
1932 2210 2002 2267 velit
2019 2227 2114 2265 sacra·

412 2293 568 2363 primitivae
585 2293 733 2360 ecelesiae,
756 2311 808 2350 nec
829 2301 924 2351 tamen
941 2313 1036 2352 eorum
1053 2298 1132 2353 ullibi
1153 2297 1247 2352 memi·
1275 2304 1375 2361 ments,
1395 2314 1468 2368 quse
1484 2304 1514 2353 et
1532 2297 1659 2353 camna
1677 2299 1738 2369 ipse
1754 2296 1875 2353 instituit
1888 2303 2003 2367 atquae
2013 2301 2116 2366 pestes

412 2380 468 2448 nit,
495 2396 568 2451 quae
591 2379 691 2435 ritibus
715 2380 771 2435 illis
791 2398 810 2436 s
825 2381 936 2438 Christe
954 2383 1088 2439 institutis
1106 2384 1249 2438 adduntur
1275 2383 1392 2453 apostoli
1411 2384 1536 2440 dicmute
1552 2383 1658 2455 spirim
1676 2403 1698 2440 s.
1716 2381 1894 2451 tradiderint,
1921 2398 1978 2437 non
1996 2388 2116 2453 septem,

413 2472 442 2520 et
463 2472 699 2521 sacramentorum
722 2468 833 2524 nomine
854 2469 1040 2524 venditantur.
1076 2470 1153 2525 Idem
1180 2470 1247 2525 dici·
1275 2469 1324 2524 sed
1342 2469 1466 2540 quinque
1483 2476 1591 2527 tentum
1609 2476 1744 2526 numerat

412 2570 473 2607 mus
492 2552 527 2607 de
548 2552 676 2623 Irenaeo,
703 2571 736 2609 ex
761 2573 817 2626 que
840 2572 890 2625 pro
906 2554 1074 2611 stabiliendo
1091 2557 1248 2626 septenario
1310 2559 1351 2610 60.
1387 2554 1553 2625 Videamus,
1582 2556 1651 2628 quid
1683 2573 1733 2626 pre
1763 2553 1929 2609 stabiliendo
1956 2549 2162 2642 npssmnog

412 2644 647 2701 sacramentorum
673 2656 788 2695 numero
806 2641 900 2695 nullus
920 2657 992 2711 apex
1010 2642 1128 2712 preferri
1146 2648 1248 2713 potest
1275 2647 1511 2697 samamenterum
1534 2658 1650 2698 numero
1676 2641 1862 2697 Bellarminm
1886 2639 1995 2696 afferat
2017 2638 2114 2698 lin-s
2127 2665 2166 2695 us

413 2724 440 2780 2.
465 2723 674 2778 Tertullianum
702 2725 749 2779 lil.
777 2728 814 2779 de
840 2728 1041 2781 resurreetione
1064 2729 1160 2781 earnis
1180 2746 1248 2798 qua·
1276 2726 1303 2781 d.
1328 2726 1374 2782 eff.
1401 2732 1564 2783 sacrament.
1590 2744 1615 2782 c.
1641 2733 1684 2784 23.
1708 2727 1743 2782 de
1761 2727 1888 2782 dissensu
1905 2729 2066 2780 nestrorum
2085 2708 2166 2798 inffi,¹

413 2817 478 2864 tuor
497 2810 612 2864 diuersa
633 2826 755 2880 ponere,
780 2812 932 2882 baptisma,
956 2814 1092 2882 chrisma,
1121 2816 1249 2868 euchari·
1275 2812 1328 2867 hec
1345 2812 1489 2867 doctrinae
1507 2813 1634 2869 coelestis
1656 2813 1749 2885 capite
1772 2812 1950 2884 conqueritur
1967 2816 1997 2865 et
2011 2827 2115 2866 norem
2126 2820 2166 2903 ἓξ

412 2896 505 2964 stiam,
524 2895 740 2954 ordinationem.
775 2897 1000 2969 Respondemus:
1019 2917 1071 2971 per
1088 2900 1208 2955 chrisma
1221 2908 1250 2957 et
1275 2897 1420 2953 distinctas
1438 2898 1581 2969 opiniones
1598 2904 1729 2954 recenset
1765 2899 1881 2961 Prima,
1899 2896 1998 2968 inquit,
2015 2896 2115 2966 epinie

412 2998 512 3036 manus
529 2980 732 3051 impositionem
753 3000 809 3039 nen
825 2984 957 3057 intelligit
974 3003 1048 3041 nora
1067 2993 1249 3056 sacramenta,
1276 2993 1317 3038 est
1336 2985 1467 3049 menei,
1490 2985 1541 3053 qui
1562 2985 1593 3038 in
1616 2986 1665 3040 lib.
1690 2986 1726 3039 ds
1750 2992 1825 3053 sapt.
1842 2984 2021 3051 Babplem’ee
2045 2984 2117 3036 seri·

413 3066 464 3123 sed
481 3068 650 3123 ceremonias
667 3069 807 3139 baptismo
825 3087 955 3126 annexas.
990 3072 1182 3129 Damascenus
1201 3073 1249 3128 lib.
1277 3070 1331 3138 bit,
1359 3090 1445 3125 unum
1467 3079 1574 3125 senem
1592 3087 1651 3124 esse
1669 3078 1887 3148 sacramentnm,
1913 3069 2042 3138 quamuis
2058 3069 2119 3123 sint

413 3160 438 3211 t.
458 3152 564 3212 enhod
584 3153 650 3211 fidei
667 3172 692 3210 c.
716 3164 760 3213 10:
786 3156 817 3212 τὸ
844 3158 940 3215 ἔλαιον
963 3166 1134 3233 βαπτίσματι
1159 3180 1251 3235 παρα·
1277 3158 1334 3211 tria
1366 3156 1588 3211 sacramentalia
1617 3157 1708 3224 sipna.
1748 3154 1973 3226 Respondemus:
2003 3153 2034 3208 in
2060 3152 2119 3210 fine

414 3237 584 3315 λαμβάνεται
611 3241 720 3315 paries
749 3240 799 3309 τὴν
825 3251 924 3319 χρῖοιν
947 3245 1028 3318 ἡμῶν
1053 3251 1100 3300 sul
1119 3244 1253 3320 χριστούς
1277 3242 1342 3299 libri
1360 3242 1567 3298 dissertationes
1585 3242 1691 3314 priores
1708 3242 1748 3298 sic
1764 3241 1920 3297 concludit:
1936 3242 2064 3311 Proprie
2081 3258 2118 3295 ea

413 3326 485 3401 ἡμᾶς
510 3327 696 3403 ἐργαζόμενον
716 3334 762 3385 καλ
781 3331 831 3385 τὸν
847 3333 897 3385 τοῦ
909 3335 980 3386 θεοῦ
999 3332 1078 3387 ἔλεον
1088 3331 1156 3406 ἡμῖν
1167 3333 1253 3403 tany·
1278 3337 1456 3383 sacramenta
1481 3330 1581 3383 secari
1603 3330 1693 3382 cisum
1718 3335 1773 3395 est,
1802 3344 1875 3397 quas
1892 3328 2011 3381 annwis
2027 3328 2119 3395 sipnis

413 3409 582 3490 γελλόμενον
617 3413 666 3470 διὰ
701 3419 750 3470 τοῦ
779 3416 862 3487 ἁγίου
893 3417 1064 3490 πνεύματος,
1103 3420 1194 3473 eleum
1222 3421 1253 3473 in
1277 3417 1420 3486 memissa
1437 3423 1510 3482 sunt,
1527 3423 1621 3470 cetera
1638 3416 1707 3484 quia
1725 3413 1815 3482 sipnis
1834 3412 1955 3481 altipeta
1972 3430 2030 3467 nen
2044 3422 2119 3477 nst,

336 3511 342 3522 '
415 3502 580 3571 baptimate
597 3502 751 3555 ammaus·
766 3503 924 3557 emtionem
941 3505 1106 3573 sipns'fieans
1126 3513 1152 3559 et
1171 3505 1253 3560 Obri-
1278 3505 1358 3557 nuda
1375 3504 1520 3573 premissa
1540 3511 1618 3572 sunt,
1635 3520 1691 3572 que
1702 3504 1753 3572 fit,
1769 3508 1802 3554 ut
1820 3501 1848 3553 si
1863 3500 1958 3567 ripide
1974 3501 2059 3569 loqui
2074 3517 2118 3555 ee·

414 3596 486 3657 stes,
514 3589 548 3642 id
573 3595 615 3643 est
630 3596 742 3652 unetos,
765 3606 817 3642 nes
837 3591 965 3659 efficiens
983 3599 1009 3644 et
1026 3591 1253 3647 misericerdiam
1278 3590 1378 3658 limus,
1411 3592 1468 3642 due
1491 3596 1597 3641 mum
1621 3590 1679 3641 sint
1701 3594 1891 3653 sacramenta,
1920 3586 2074 3654 baptismus
2091 3593 2119 3639 st

416 3676 477 3730 Dei
498 3674 580 3728 nebs'e
597 3675 769 3729 annuntians
785 3692 841 3746 pes·
862 3676 1001 3745 Spiritum
1018 3685 1152 3732 smsetum.
1188 3677 1253 3734 Bel·
1277 3676 1375 3744 panis,
1409 3692 1472 3728 cum
1500 3675 1532 3728 in
1563 3673 1608 3726 lis
1636 3673 1708 3727 selis
1739 3681 1766 3726 et
1798 3672 1952 3726 institutum
1980 3670 2119 3725 divinitus

416 3761 550 3817 larmirus
567 3762 683 3833 regerit,
700 3762 821 3831 sinpulis
840 3763 927 3816 tribui
937 3763 1077 3832 proprios
1096 3766 1208 3835 effeetus
1226 3774 1254 3819 et
1280 3762 1391 3828 sipnum
1413 3768 1440 3814 et
1460 3758 1675 3828 premissionem
1689 3759 1864 3812 remissionis
1874 3764 2061 3827 peecatorum
2078 3759 2118 3810 ei·

417 3866 517 3903 manus
541 3848 746 3917 impositionem
769 3850 955 3903 ambermtiee
979 3851 1122 3920 postponi.
1157 3851 1254 3923 Atque
1281 3851 1405 3901 deamus.
1441 3847 1518 3899 Nam
1529 3844 1721 3913 poenitentiae
1737 3850 1953 3913 sacramentum,
1969 3845 2049 3912 qued
2067 3859 2120 3912 epe

416 3934 502 3991 editio
518 3934 600 3989 Beati
613 3933 741 3989 Rhenani
753 3934 899 3991 manifeste
909 3937 1039 4004 ostendit
1056 3954 1154 3992 manus
1165 3938 1252 4009 impo-
1280 3935 1324 3988 bis
1345 3933 1455 4021 disemus
1478 3931 1621 3999 ascensui,
1646 3931 1727 3999 sipne
1750 3931 1857 3984 m'sibs‘li
1874 3938 1901 3984 et
1918 3929 2057 3983 diuinitus
2076 3930 2117 3983 in-

417 4020 546 4076 sitionem
568 4019 752 4076 eucharistiae
776 4020 918 4091 praeponi,
955 4020 1059 4085 Quodsi
1078 4039 1111 4077 ex
1130 4023 1255 4093 peculia-
1280 4021 1377 4074 stesso
1398 4026 1489 4102 “earet
1525 4017 1646 4088 Exque
1670 4015 1850 4088 intelligitur,
1879 4016 1956 4086 quod
1978 4014 2009 4070 in
2026 4014 2119 4071 neon

418 4107 495 4162 ribus
517 4106 573 4161 illis
595 4105 758 4175 effectibus,
791 4122 861 4178 ques
891 4105 1080 4162 Tertullianus
1102 4115 1254 4177 enumerat,
1281 4103 1483 4177 significatione
1510 4103 1690 4158 sacrementis
1718 4101 1917 4173 poenitentiam
1944 4108 2118 4157 annumeret

418 4192 572 4261 peculiaria
601 4201 631 4248 et
663 4192 773 4248 diversa
799 4199 975 4248 sacramenta
1002 4192 1099 4249 inferri
1131 4201 1253 4264 possent,
1281 4190 1440 4261 Principio,
1455 4188 1560 4261 inquit,
1579 4191 1712 4257 manda
1730 4190 1801 4242 mili
1815 4196 1880 4242 sunt
1898 4196 2005 4256 septem
2021 4204 2118 4242 mera-

418 4292 589 4347 censequeus
617 4278 703 4346 feret,
735 4278 845 4350 signnm
876 4277 965 4332 erucis
992 4278 1088 4333 itidem
1112 4279 1256 4349 peculiare
1281 4285 1374 4331 menta
1401 4284 1428 4330 et
1458 4278 1516 4330 tria
1540 4293 1599 4345 pre
1629 4284 1753 4345 tempere
1778 4276 1926 4344 ponenda,
1954 4275 2118 4343 baptismus,

418 4370 621 4417 recrementum
640 4363 815 4419 comtitrrere.
842 4364 1254 4422 lt.sdr.ll1sre.oleoeon-
1277 4364 1459 4435 poenitentia,
1484 4364 1585 4433 pann,
1616 4380 1688 4433 quae
1718 4363 1813 4416 emnia
1836 4363 1922 4431 jueta
1952 4360 2119 4429 Scripturas

414 4450 512 4521 jungit
528 4448 689 4504 societatem
709 4448 790 4505 lectis
809 4456 838 4505 et
856 4450 961 4519 mellis,
985 4467 1018 4505 ex
1035 4466 1090 4521 quo
1109 4450 1255 4507 manifeste
1281 4468 1362 4504 usum
1390 4467 1476 4503 unum
1500 4457 1704 4503 sacramentum
1732 4465 1792 4501 esse
1816 4450 1959 4518 disputat,
1989 4446 2120 4502 videlieet

417 4540 548 4606 apparet,
578 4550 635 4589 non
653 4535 764 4591 diverse
792 4543 979 4603 sacramenta,
1012 4537 1062 4591 sed
1084 4538 1254 4593 ceremonias
1282 4537 1348 4609 quia
1377 4535 1414 4589 ad
1431 4552 1518 4589 unum
1534 4535 1634 4603 tinem,
1659 4551 1760 4605 nempe
1782 4533 1849 4589 fidei
1871 4531 2116 4602 confirmationem,

418 4621 501 4676 unius
530 4622 709 4689 sacramenti,
738 4622 870 4678 videlicet
893 4622 1037 4695 baptismi,
1069 4625 1192 4681 diversas
1216 4626 1254 4681 ab
1283 4626 1424 4693 apsumi,
1454 4621 1520 4677 litet
1545 4622 1626 4692 tigni*
1649 4621 1861 4676 flmmtnttlit
1880 4618 1910 4673 in
1932 4618 1988 4672 illit
2004 4618 2063 4673 tini
2078 4620 2118 4673 di·

418 4709 479 4778 ipse
502 4705 632 4762 describi.
666 4711 693 4763 3.
711 4711 892 4765 Ama-osium
916 4719 942 4764 et
968 4709 1108 4779 Ops-illam
1133 4712 1256 4766 ebrisma
1282 4724 1370 4764 versa.
1406 4706 1488 4771 Quod
1521 4714 1615 4762 antem
1639 4712 1738 4777 postes
1763 4713 1869 4776 septem
1892 4709 2068 4759 sacramenta
2088 4721 2119 4760 se

420 4795 592 4862 dutinpuere
618 4811 638 4847 a
660 4795 798 4864 baptisma
816 4805 843 4850 et
858 4797 1030 4851 eucharistia
1056 4815 1091 4851 ae
1114 4799 1173 4852 tria
1194 4807 1256 4853 tan·
1282 4811 1338 4848 non
1356 4793 1488 4848 damnum
1504 4792 1611 4861 scribit,
1628 4809 1661 4847 ee
1678 4808 1762 4846 sensu
1779 4789 1919 4861 intelligit,
1938 4791 2015 4861 quod
2026 4791 2119 4852 metri-

419 4889 476 4934 tam
499 4895 647 4934 numerare
674 4891 867 4952 sacramenta,
893 4901 955 4938 eum
978 4884 1102 4938 scribam
1125 4886 1167 4937 ad
1183 4893 1256 4939 eate-
1283 4880 1420 4949 menium,
1448 4878 1651 4934 ordinationem
1674 4884 1703 4933 ct
1725 4876 1925 4947 poenitentiam
1944 4894 2000 4931 non
2018 4878 2120 4949 impre-

259 4974 263 4980 '
322 4967 359 5009 1²
372 4965 702 5035 testamenmentum
721 4985 776 5020 uno
796 4970 842 5022 die
861 4971 919 5022 tria
938 4970 993 5024 illa
1011 4978 1189 5024 sacramenta
1206 4972 1257 5025 mi-
1282 4967 1347 5030 bet,
1374 4966 1504 5037 quodque
1524 4962 1762 5018 confirmationem
1781 4963 1836 5018 ritu
1861 4962 2015 5033 apostolice
2032 4963 2120 5018 admi-

419 5054 584 5107 nistrantur.
619 5050 842 5122 Respondemus:
870 5054 925 5110 imo
952 5072 1018 5111 vere
1045 5055 1075 5109 in
1098 5071 1199 5128 genere
1221 5056 1257 5112 ds
1282 5054 1427 5109 nistratnm
1449 5068 1505 5106 een
1531 5049 1656 5116 damnet,
1684 5049 1751 5103 licet
1774 5067 1808 5105 ex
1831 5049 1980 5120 seripturis
2005 5048 2121 5118 probari

419 5138 598 5194 sacramentis
616 5143 747 5205 tractam,
767 5137 790 5191 si
810 5156 877 5209 erge
894 5140 976 5210 plura
992 5148 1176 5212 agnoscerent
1195 5159 1256 5197 esse
1282 5143 1415 5211 nequest,
1445 5136 1519 5209 qued
1545 5136 1575 5189 in
1592 5141 1826 5191 mmamentorum
1843 5136 1955 5206 proprie
1973 5136 2014 5189 sic
2032 5135 2122 5191 dicte·

418 5227 529 5297 proprie
553 5225 628 5279 dicta
649 5230 838 5293 sacramenta,
868 5226 950 5295 plura
975 5228 1058 5283 etiam
1078 5228 1255 5298 explicarent.
1282 5244 1343 5281 nrm
1371 5240 1484 5279 censum
1506 5222 1576 5277 baec
1599 5221 1691 5277 emnia
1714 5220 1770 5275 sint
1793 5222 1945 5278 referenda.
1981 5221 2029 5277 Sie
2045 5222 2121 5277 enim

417 5312 474 5369 Per
491 5311 611 5367 masma
630 5309 792 5381 intelligunt
810 5312 969 5367 uncueuem
987 5313 1016 5368 in
1033 5314 1172 5384 baptismo
1189 5274 1381 5369 elimiscribit
1409 5310 1439 5363 in
1464 5325 1488 5364 c.
1516 5309 1552 5362 de
1576 5307 1711 5361 confirm:
1749 5309 1816 5361 Non
1838 5308 1906 5361 baee
1934 5309 2014 5376 dice,
2044 5307 2122 5377 qued

417 5399 565 5464 usitatam,
585 5404 617 5453 ut
633 5398 689 5453 late
707 5395 809 5468 probat
825 5396 861 5451 D.
883 5396 1068 5457 Chemnicius.
1104 5406 1130 5456 i.
1150 5402 1256 5455 Patres
1269 5373 1272 5457 i
1284 5401 1413 5452 &ranem
1431 5402 1535 5465 septem
1553 5402 1744 5462 sacramenta,
1762 5396 1815 5447 sed
1831 5395 1908 5463 qued
1926 5411 1940 5446 e
1962 5393 2140 5461 Scriptun's·

418 5486 509 5539 selum
534 5486 575 5538 ad
594 5484 774 5553 propesitum
799 5501 879 5538 menn
896 5485 1059 5540 mentionem
1071 5488 1182 5555 fecisse
1201 5468 1318 5542 asi-*ee
1338 5482 1462 5553 probari
1482 5498 1587 5550 nepem.
1622 5481 1713 5549 Atqui
1734 5480 1842 5533 utinam
1864 5487 1934 5533 esset
1951 5482 1982 5533 in
2001 5480 2121 5534 molesia
2150 5492 2152 5495 ⁴

417 5587 535 5641 queem
558 5577 813 5636 sacramentorum,
840 5571 876 5624 de
900 5570 969 5623 alne
986 5572 1058 5626 nibil
1077 5573 1200 5637 emese,
1224 5532 1350 5626 enitatis
1379 5586 1511 5621 annuum
1534 5567 1692 5636 impositio,
1718 5566 1812 5635 qualis
1840 5573 1903 5620 erat
1927 5565 2121 5635 apostolerum

417 5675 473 5728 que
499 5674 556 5711 nen
578 5658 671 5727 pessit
695 5656 807 5728 callipi,
839 5674 900 5712 esse
927 5665 1033 5711 tantum
1058 5661 1116 5713 due
1139 5659 1184 5713 uel
1200 5637 1413 5724 mninmpore,
1436 5654 1492 5706 siue
1516 5669 1579 5706 eam
1605 5652 1844 5716 confirmationem
1869 5653 1927 5705 sive
1945 5652 2121 5705 curationem

417 5758 478 5800 esee
496 5751 607 5813 septem.
642 5743 870 5815 Respondemus:
890 5741 995 5799 sufficit
1010 5742 1107 5811 nobb,
1128 5744 1204 5815 quod
1223 5703 1433 5812 sxiappsllme
1461 5738 1595 5794 vannus
1617 5745 1670 5795 ete.
1707 5740 1768 5793 Nes
1794 5747 1887 5793 arcem
1904 5755 1962 5806 pre
1987 5739 2041 5792 bae
2061 5739 2121 5792 sies

1268 5779 1271 5809 i

416 5843 484 5887 vers
499 5829 666 5901 antiquitate
684 5846 741 5884 non
757 5828 847 5900 pessit
865 5829 979 5885 evidens
997 5833 1026 5886 et
1043 5827 1179 5886 disertum
1191 5845 1256 5901 pro·
1268 5811 1271 5873 i
1281 5832 1461 5883 aureuma
1475 5825 1609 5880 dinisius
1620 5827 1750 5879 institisse
1769 5825 1937 5894 quaerimus,
1955 5826 2031 5879 intes
2043 5841 2121 5893 ques
