<?xml version="1.0" encoding="UTF-8"?>
<!DOCTYPE html PUBLIC "-//W3C//DTD XHTML 1.0 Transitional//EN"
    "http://www.w3.org/TR/xhtml1/DTD/xhtml1-transitional.dtd">
<html xmlns="http://www.w3.org/1999/xhtml" xml:lang="en" lang="en">
 <head>
  <title>
</title>
<meta http-equiv="Content-Type" content="text/html;charset=utf-8" />
  <meta name='ocr-system' content='tesseract 3.04.00' />
  <meta name='ocr-capabilities' content='ocr_page ocr_carea ocr_par ocr_line ocrx_word'/>
</head>
<body>
  <div class='ocr_page' id='page_1' title='image "./locitheologicit02gerhgoog_0279.png"; bbox 0 0 4800 6659; ppageno 0'>
   <div class='ocr_carea' id='block_1_1' title="bbox 406 564 1428 637">
    <p class='ocr_par' dir='ltr' id='par_1_1' title="bbox 406 564 1428 637">
     <span class='ocr_line' id='line_1_1' title="bbox 406 564 1428 637; baseline -0.008 -1"><span class='ocrx_word' id='word_1_1' title='bbox 406 579 467 637; x_wconf 76' lang='grc'><strong>220</strong></span> <span class='ocrx_word' id='word_1_2' title='bbox 1082 568 1204 629; x_wconf 71' lang='lat' dir='ltr'><strong>Locus</strong></span> <span class='ocrx_word' id='word_1_3' title='bbox 1223 564 1428 628; x_wconf 77' lang='lat' dir='ltr'><strong>vlcesmus</strong></span> 
     </span>
    </p>
   </div>
   <div class='ocr_carea' id='block_1_2' title="bbox 282 725 2147 4075">
    <p class='ocr_par' dir='ltr' id='par_1_2' title="bbox 403 725 2101 798">
     <span class='ocr_line' id='line_1_2' title="bbox 403 725 2101 798; baseline 0.001 -19"><span class='ocrx_word' id='word_1_4' title='bbox 403 726 562 781; x_wconf 83' lang='lat' dir='ltr'><strong>necessaris</strong></span> <span class='ocrx_word' id='word_1_5' title='bbox 578 727 681 798; x_wconf 85' lang='lat' dir='ltr'>requiri</span> <span class='ocrx_word' id='word_1_6' title='bbox 700 726 797 782; x_wconf 80' lang='lat' dir='ltr'><strong>statuit</strong></span> <span class='ocrx_word' id='word_1_7' title='bbox 808 726 940 782; x_wconf 78' lang='lat' dir='ltr'><strong>Calvinus</strong></span> <span class='ocrx_word' id='word_1_8' title='bbox 956 726 1005 783; x_wconf 93' lang='lat' dir='ltr'><strong>lib.</strong></span> <span class='ocrx_word' id='word_1_9' title='bbox 1017 733 1043 784; x_wconf 83' lang='lat'><strong>4.</strong></span> <span class='ocrx_word' id='word_1_10' title='bbox 1060 726 1145 784; x_wconf 84' lang='lat' dir='ltr'><strong>instit</strong></span> <span class='ocrx_word' id='word_1_11' title='bbox 1158 744 1182 781; x_wconf 87' lang='lat' dir='ltr'><strong>c.</strong></span> <span class='ocrx_word' id='word_1_12' title='bbox 1195 730 1237 781; x_wconf 81' lang='lat'><strong>20.</strong></span> <span class='ocrx_word' id='word_1_13' title='bbox 1262 742 1327 778; x_wconf 82' lang='lat' dir='ltr'><strong>rum</strong></span> <span class='ocrx_word' id='word_1_14' title='bbox 1343 727 1459 793; x_wconf 78' lang='lat' dir='ltr'><strong>synodis</strong></span> <span class='ocrx_word' id='word_1_15' title='bbox 1479 728 1619 781; x_wconf 83' lang='lat' dir='ltr'><strong>decretum</strong></span> <span class='ocrx_word' id='word_1_16' title='bbox 1638 733 1692 791; x_wconf 89' lang='lat' dir='ltr'><strong>cst,</strong></span> <span class='ocrx_word' id='word_1_17' title='bbox 1708 726 1781 780; x_wconf 74' lang='lat' dir='ltr'><strong>sicin</strong></span> <span class='ocrx_word' id='word_1_18' title='bbox 1798 726 1896 795; x_wconf 67' lang='lat' dir='ltr'><strong>audin</strong></span> <span class='ocrx_word' id='word_1_19' title='bbox 1914 726 1966 794; x_wconf 87' lang='lat' dir='ltr'><strong>qui</strong></span> <span class='ocrx_word' id='word_1_20' title='bbox 1983 726 2021 779; x_wconf 81' lang='lat' dir='ltr'><strong>ab</strong></span> <span class='ocrx_word' id='word_1_21' title='bbox 2037 725 2101 780; x_wconf 80' lang='lat' dir='ltr'><strong>tas·</strong></span> 
     </span>
    </p>

    <p class='ocr_par' dir='ltr' id='par_1_3' title="bbox 403 811 2101 885">
     <span class='ocr_line' id='line_1_3' title="bbox 403 811 2101 885; baseline 0 -19"><span class='ocrx_word' id='word_1_22' title='bbox 403 817 433 866; x_wconf 87' lang='lat' dir='ltr'><strong>et</strong></span> <span class='ocrx_word' id='word_1_23' title='bbox 458 829 535 885; x_wconf 90' lang='lat' dir='ltr'><strong>seqq.</strong></span> <span class='ocrx_word' id='word_1_24' title='bbox 568 811 763 870; x_wconf 84' lang='lat' dir='ltr'><strong>·Collocutores</strong></span> <span class='ocrx_word' id='word_1_25' title='bbox 789 815 924 871; x_wconf 84' lang='lat' dir='ltr'><strong>adversae</strong></span> <span class='ocrx_word' id='word_1_26' title='bbox 948 814 1037 885; x_wconf 80' lang='lat' dir='ltr'><strong>partis</strong></span> <span class='ocrx_word' id='word_1_27' title='bbox 1065 814 1094 868; x_wconf 93' lang='lat' dir='ltr'><strong>in</strong></span> <span class='ocrx_word' id='word_1_28' title='bbox 1118 812 1237 884; x_wconf 88' lang='lat' dir='ltr'><strong>colloqu.</strong></span> <span class='ocrx_word' id='word_1_29' title='bbox 1264 812 1322 864; x_wconf 83' lang='lat' dir='ltr'><strong>resi</strong></span> <span class='ocrx_word' id='word_1_30' title='bbox 1338 812 1438 882; x_wconf 85' lang='lat' dir='ltr'><strong>aliqua</strong></span> <span class='ocrx_word' id='word_1_31' title='bbox 1454 813 1575 882; x_wconf 83' lang='lat' dir='ltr'><strong>veniunt,</strong></span> <span class='ocrx_word' id='word_1_32' title='bbox 1590 813 1716 883; x_wconf 82' lang='lat' dir='ltr'><strong>prinmm</strong></span> <span class='ocrx_word' id='word_1_33' title='bbox 1729 815 1821 867; x_wconf 84' lang='lat' dir='ltr'><strong>denuo</strong></span> <span class='ocrx_word' id='word_1_34' title='bbox 1835 813 2101 880; x_wconf 84' lang='lat' dir='ltr'><strong>instituendosesse,</strong></span> 
     </span>
    </p>

    <p class='ocr_par' dir='ltr' id='par_1_4' title="bbox 403 895 2104 972">
     <span class='ocr_line' id='line_1_4' title="bbox 403 895 2104 972; baseline -0.001 -21"><span class='ocrx_word' id='word_1_35' title='bbox 403 896 553 970; x_wconf 80' lang='lat' dir='ltr'><strong>Mompclg.</strong></span> <span class='ocrx_word' id='word_1_36' title='bbox 579 916 606 969; x_wconf 91' lang='lat' dir='ltr'><strong>p.</strong></span> <span class='ocrx_word' id='word_1_37' title='bbox 632 904 691 956; x_wconf 85' lang='grc'><strong>435.</strong></span> <span class='ocrx_word' id='word_1_38' title='bbox 734 899 811 956; x_wconf 82' lang='lat' dir='ltr'><strong>Besa</strong></span> <span class='ocrx_word' id='word_1_39' title='bbox 835 901 865 955; x_wconf 91' lang='lat' dir='ltr'><strong>in</strong></span> <span class='ocrx_word' id='word_1_40' title='bbox 887 917 934 971; x_wconf 86' lang='lat' dir='ltr'><strong>qq.</strong></span> <span class='ocrx_word' id='word_1_41' title='bbox 957 906 986 955; x_wconf 90' lang='lat' dir='ltr'><strong>et</strong></span> <span class='ocrx_word' id='word_1_42' title='bbox 1009 917 1079 971; x_wconf 88' lang='lat' dir='ltr'><strong>resp.</strong></span> <span class='ocrx_word' id='word_1_43' title='bbox 1105 918 1151 972; x_wconf 91' lang='lat' dir='ltr'><strong>qn.</strong></span> <span class='ocrx_word' id='word_1_44' title='bbox 1182 904 1239 955; x_wconf 80' lang='lat'><strong>1³7.</strong></span> <span class='ocrx_word' id='word_1_45' title='bbox 1265 895 1369 950; x_wconf 86' lang='lat' dir='ltr'><strong>deinde</strong></span> <span class='ocrx_word' id='word_1_46' title='bbox 1395 898 1550 952; x_wconf 81' lang='lat' dir='ltr'><strong>abluendos</strong></span> <span class='ocrx_word' id='word_1_47' title='bbox 1572 907 1598 952; x_wconf 86' lang='lat' dir='ltr'><strong>et</strong></span> <span class='ocrx_word' id='word_1_48' title='bbox 1617 917 1636 951; x_wconf 93' lang='lat' dir='ltr'><strong>a</strong></span> <span class='ocrx_word' id='word_1_49' title='bbox 1658 899 1761 952; x_wconf 75' lang='lat' dir='ltr'><strong>aderis</strong></span> <span class='ocrx_word' id='word_1_50' title='bbox 1786 899 1944 968; x_wconf 84' lang='lat' dir='ltr'><strong>imparique</strong></span> <span class='ocrx_word' id='word_1_51' title='bbox 1962 897 2104 966; x_wconf 64' lang='lat' dir='ltr'><strong>seranni</strong></span> 
     </span>
    </p>

    <p class='ocr_par' dir='ltr' id='par_1_5' title="bbox 402 983 2103 1056">
     <span class='ocr_line' id='line_1_5' title="bbox 402 983 2103 1056; baseline -0.001 -19"><span class='ocrx_word' id='word_1_52' title='bbox 402 983 491 1055; x_wconf 78' lang='lat' dir='ltr'><strong>Atqui</strong></span> <span class='ocrx_word' id='word_1_53' title='bbox 523 990 544 1040; x_wconf 91' lang='lat'><strong>1.</strong></span> <span class='ocrx_word' id='word_1_54' title='bbox 567 1000 631 1039; x_wconf 91' lang='lat' dir='ltr'><strong>cum</strong></span> <span class='ocrx_word' id='word_1_55' title='bbox 665 984 791 1040; x_wconf 88' lang='lat' dir='ltr'><strong>Christus</strong></span> <span class='ocrx_word' id='word_1_56' title='bbox 821 985 912 1041; x_wconf 77' lang='lat' dir='ltr'><strong>audni</strong></span> <span class='ocrx_word' id='word_1_57' title='bbox 938 984 1038 1056; x_wconf 82' lang='lat' dir='ltr'><strong>jubeat</strong></span> <span class='ocrx_word' id='word_1_58' title='bbox 1067 986 1183 1042; x_wconf 81' lang='lat' dir='ltr'><strong>Scribas</strong></span> <span class='ocrx_word' id='word_1_59' title='bbox 1213 992 1239 1038; x_wconf 89' lang='lat' dir='ltr'><strong>et</strong></span> <span class='ocrx_word' id='word_1_60' title='bbox 1264 984 1396 1037; x_wconf 83' lang='lat' dir='ltr'><strong>sordibus</strong></span> <span class='ocrx_word' id='word_1_61' title='bbox 1414 986 1611 1054; x_wconf 79' lang='lat' dir='ltr'><strong>repnrqandos</strong></span> <span class='ocrx_word' id='word_1_62' title='bbox 1632 1002 1691 1039; x_wconf 88' lang='lat' dir='ltr'><strong>esse</strong></span> <span class='ocrx_word' id='word_1_63' title='bbox 1710 993 1736 1038; x_wconf 91' lang='lat' dir='ltr'><strong>et</strong></span> <span class='ocrx_word' id='word_1_64' title='bbox 1756 986 1791 1038; x_wconf 86' lang='lat' dir='ltr'><strong>de</strong></span> <span class='ocrx_word' id='word_1_65' title='bbox 1810 985 1855 1039; x_wconf 80' lang='lat' dir='ltr'><strong>tis</strong></span> <span class='ocrx_word' id='word_1_66' title='bbox 1873 984 2103 1053; x_wconf 76' lang='lat' dir='ltr'><strong>omnibsuipsum</strong></span> 
     </span>
    </p>

    <p class='ocr_par' dir='ltr' id='par_1_6' title="bbox 403 1069 2105 1141">
     <span class='ocr_line' id='line_1_6' title="bbox 403 1069 2105 1141; baseline 0 -18"><span class='ocrx_word' id='word_1_67' title='bbox 403 1069 577 1124; x_wconf 69' lang='lat' dir='ltr'><strong>Pharisaeos</strong></span> <span class='ocrx_word' id='word_1_68' title='bbox 594 1070 625 1122; x_wconf 90' lang='lat' dir='ltr'><strong>in</strong></span> <span class='ocrx_word' id='word_1_69' title='bbox 641 1070 778 1125; x_wconf 78' lang='lat' dir='ltr'><strong>cathedra</strong></span> <span class='ocrx_word' id='word_1_70' title='bbox 796 1073 907 1141; x_wconf 75' lang='lat' dir='ltr'><strong>Moysis</strong></span> <span class='ocrx_word' id='word_1_71' title='bbox 924 1074 1063 1137; x_wconf 83' lang='lat' dir='ltr'><strong>sedentes,</strong></span> <span class='ocrx_word' id='word_1_72' title='bbox 1083 1070 1182 1126; x_wconf 85' lang='lat' dir='ltr'><strong>Mutth.</strong></span> <span class='ocrx_word' id='word_1_73' title='bbox 1197 1076 1240 1139; x_wconf 88' lang='grc'><strong>23,</strong></span> <span class='ocrx_word' id='word_1_74' title='bbox 1266 1085 1372 1137; x_wconf 84' lang='lat' dir='ltr'><strong>ropans</strong></span> <span class='ocrx_word' id='word_1_75' title='bbox 1397 1070 1508 1140; x_wconf 71' lang='lat' dir='ltr'><strong>scripsi.</strong></span> <span class='ocrx_word' id='word_1_76' title='bbox 1545 1088 1568 1125; x_wconf 91' lang='lat' dir='ltr'><strong>c.</strong></span> <span class='ocrx_word' id='word_1_77' title='bbox 1593 1077 1617 1126; x_wconf 83' lang='lat'><strong>6.</strong></span> <span class='ocrx_word' id='word_1_78' title='bbox 1644 1070 1734 1125; x_wconf 89' lang='lat' dir='ltr'><strong>idem:</strong></span> <span class='ocrx_word' id='word_1_79' title='bbox 1766 1070 1923 1139; x_wconf 75' lang='lat' dir='ltr'><strong>Dionysius</strong></span> <span class='ocrx_word' id='word_1_80' title='bbox 1958 1070 1989 1124; x_wconf 89' lang='lat' dir='ltr'><strong>in</strong></span> <span class='ocrx_word' id='word_1_81' title='bbox 2020 1070 2105 1123; x_wconf 87' lang='lat' dir='ltr'><strong>tertia</strong></span> 
     </span>
    </p>

    <p class='ocr_par' dir='ltr' id='par_1_7' title="bbox 402 1155 2107 1229">
     <span class='ocr_line' id='line_1_7' title="bbox 402 1155 2107 1229; baseline 0.002 -23"><span class='ocrx_word' id='word_1_82' title='bbox 402 1171 429 1211; x_wconf 86' lang='lat' dir='ltr'><strong>s.</strong></span> <span class='ocrx_word' id='word_1_83' title='bbox 448 1160 471 1210; x_wconf 89' lang='grc'><strong>3.</strong></span> <span class='ocrx_word' id='word_1_84' title='bbox 494 1155 618 1225; x_wconf 87' lang='lat' dir='ltr'><strong>ipsorum</strong></span> <span class='ocrx_word' id='word_1_85' title='bbox 642 1156 726 1211; x_wconf 75' lang='lat' dir='ltr'><strong>edam</strong></span> <span class='ocrx_word' id='word_1_86' title='bbox 752 1157 987 1215; x_wconf 76' lang='lat' dir='ltr'><strong>circumcisionem</strong></span> <span class='ocrx_word' id='word_1_87' title='bbox 1006 1175 1039 1213; x_wconf 88' lang='lat' dir='ltr'><strong>eo</strong></span> <span class='ocrx_word' id='word_1_88' title='bbox 1058 1158 1120 1229; x_wconf 91' lang='lat' dir='ltr'><strong>ipso</strong></span> <span class='ocrx_word' id='word_1_89' title='bbox 1140 1174 1240 1229; x_wconf 88' lang='lat' dir='ltr'><strong>sppro-</strong></span> <span class='ocrx_word' id='word_1_90' title='bbox 1267 1155 1388 1224; x_wconf 76' lang='lat' dir='ltr'><strong>epistota</strong></span> <span class='ocrx_word' id='word_1_91' title='bbox 1416 1172 1449 1209; x_wconf 84' lang='lat' dir='ltr'><strong>cn</strong></span> <span class='ocrx_word' id='word_1_92' title='bbox 1476 1155 1551 1226; x_wconf 82' lang='lat' dir='ltr'><strong>iltis,</strong></span> <span class='ocrx_word' id='word_1_93' title='bbox 1583 1172 1654 1225; x_wconf 86' lang='lat' dir='ltr'><strong>quas</strong></span> <span class='ocrx_word' id='word_1_94' title='bbox 1679 1158 1714 1209; x_wconf 90' lang='lat' dir='ltr'><strong>de</strong></span> <span class='ocrx_word' id='word_1_95' title='bbox 1740 1157 1908 1225; x_wconf 71' lang='lat' dir='ltr'><strong>baptimate</strong></span> <span class='ocrx_word' id='word_1_96' title='bbox 1931 1156 2048 1225; x_wconf 83' lang='lat' dir='ltr'><strong>scripsit</strong></span> <span class='ocrx_word' id='word_1_97' title='bbox 2066 1157 2107 1209; x_wconf 88' lang='lat' dir='ltr'><strong>ad</strong></span> 
     </span>
    </p>

    <p class='ocr_par' dir='ltr' id='par_1_8' title="bbox 402 1238 2104 1319">
     <span class='ocr_line' id='line_1_8' title="bbox 402 1238 2104 1319; baseline -0.002 -22"><span class='ocrx_word' id='word_1_98' title='bbox 402 1238 484 1297; x_wconf 79' lang='lat' dir='ltr'><strong>basse</strong></span> <span class='ocrx_word' id='word_1_99' title='bbox 498 1241 669 1311; x_wconf 80' lang='lat' dir='ltr'><strong>judicandus</strong></span> <span class='ocrx_word' id='word_1_100' title='bbox 689 1250 745 1311; x_wconf 86' lang='lat' dir='ltr'><strong>est,</strong></span> <span class='ocrx_word' id='word_1_101' title='bbox 763 1261 880 1315; x_wconf 88' lang='lat' dir='ltr'><strong>quornm</strong></span> <span class='ocrx_word' id='word_1_102' title='bbox 898 1251 991 1319; x_wconf 81' lang='lat' dir='ltr'><strong>tamen</strong></span> <span class='ocrx_word' id='word_1_103' title='bbox 1008 1245 1182 1300; x_wconf 64' lang='lat' dir='ltr'><strong>roccionem</strong></span> <span class='ocrx_word' id='word_1_104' title='bbox 1201 1244 1240 1298; x_wconf 88' lang='lat' dir='ltr'><strong>le·</strong></span> <span class='ocrx_word' id='word_1_105' title='bbox 1267 1240 1458 1306; x_wconf 72' lang='lat' dir='ltr'><strong>Philemonem</strong></span> <span class='ocrx_word' id='word_1_106' title='bbox 1489 1242 1649 1296; x_wconf 84' lang='lat' dir='ltr'><strong>Romanum</strong></span> <span class='ocrx_word' id='word_1_107' title='bbox 1679 1242 1878 1311; x_wconf 74' lang='lat' dir='ltr'><strong><em>Presbyterum</em></strong></span> <span class='ocrx_word' id='word_1_108' title='bbox 1910 1242 1967 1295; x_wconf 82' lang='lat' dir='ltr'><strong>s‘sta</strong></span> <span class='ocrx_word' id='word_1_109' title='bbox 1992 1240 2104 1309; x_wconf 77' lang='lat' dir='ltr'><strong>adiicit</strong></span> 
     </span>
    </p>

    <p class='ocr_par' dir='ltr' id='par_1_9' title="bbox 402 1326 2147 1487">
     <span class='ocr_line' id='line_1_9' title="bbox 402 1326 2105 1402; baseline -0.001 -19"><span class='ocrx_word' id='word_1_110' title='bbox 402 1326 528 1400; x_wconf 79' lang='lat' dir='ltr'><strong>gitimam</strong></span> <span class='ocrx_word' id='word_1_111' title='bbox 555 1328 666 1383; x_wconf 88' lang='lat' dir='ltr'><strong>omnino</strong></span> <span class='ocrx_word' id='word_1_112' title='bbox 693 1328 779 1385; x_wconf 84' lang='lat' dir='ltr'><strong>fuisse</strong></span> <span class='ocrx_word' id='word_1_113' title='bbox 804 1330 865 1402; x_wconf 89' lang='lat' dir='ltr'><strong>quis</strong></span> <span class='ocrx_word' id='word_1_114' title='bbox 891 1329 1012 1385; x_wconf 81' lang='lat' dir='ltr'><strong>dixerit?</strong></span> <span class='ocrx_word' id='word_1_115' title='bbox 1057 1336 1081 1387; x_wconf 91' lang='grc'><strong>2.</strong></span> <span class='ocrx_word' id='word_1_116' title='bbox 1107 1329 1163 1385; x_wconf 84' lang='lat' dir='ltr'><strong>Sed</strong></span> <span class='ocrx_word' id='word_1_117' title='bbox 1187 1345 1240 1384; x_wconf 89' lang='lat' dir='ltr'><strong>nec</strong></span> <span class='ocrx_word' id='word_1_118' title='bbox 1266 1327 1351 1380; x_wconf 86' lang='lat' dir='ltr'><strong>Hunc</strong></span> <span class='ocrx_word' id='word_1_119' title='bbox 1371 1344 1420 1396; x_wconf 84' lang='lat' dir='ltr'><strong>epo</strong></span> <span class='ocrx_word' id='word_1_120' title='bbox 1439 1344 1572 1381; x_wconf 86' lang='lat' dir='ltr'><strong>canonem</strong></span> <span class='ocrx_word' id='word_1_121' title='bbox 1590 1346 1625 1381; x_wconf 89' lang='lat' dir='ltr'><strong>ac</strong></span> <span class='ocrx_word' id='word_1_122' title='bbox 1643 1334 1739 1397; x_wconf 80' lang='lat' dir='ltr'><strong>typam</strong></span> <span class='ocrx_word' id='word_1_123' title='bbox 1760 1328 2014 1382; x_wconf 85' lang='lat' dir='ltr'><strong>abeatoHeracla</strong></span> <span class='ocrx_word' id='word_1_124' title='bbox 2022 1345 2105 1397; x_wconf 90' lang='lat' dir='ltr'><strong>papa</strong></span> 
     </span>
     <span class='ocr_line' id='line_1_10' title="bbox 402 1404 2147 1487; baseline 0 -19"><span class='ocrx_word' id='word_1_125' title='bbox 402 1412 620 1469; x_wconf 74' lang='lat' dir='ltr'><strong>sacrificulorum</strong></span> <span class='ocrx_word' id='word_1_126' title='bbox 649 1414 848 1485; x_wconf 88' lang='lat' dir='ltr'><strong>papisticorum</strong></span> <span class='ocrx_word' id='word_1_127' title='bbox 875 1416 1048 1471; x_wconf 83' lang='lat' dir='ltr'><strong>vocationem</strong></span> <span class='ocrx_word' id='word_1_128' title='bbox 1085 1416 1240 1487; x_wconf 77' lang='lat' dir='ltr'><strong>legitimam</strong></span> <span class='ocrx_word' id='word_1_129' title='bbox 1266 1404 1362 1467; x_wconf 80' lang='lat' dir='ltr'><strong>nostro</strong></span> <span class='ocrx_word' id='word_1_130' title='bbox 1382 1414 1487 1483; x_wconf 87' lang='lat' dir='ltr'><strong>accepi.</strong></span> <span class='ocrx_word' id='word_1_131' title='bbox 1523 1413 1569 1468; x_wconf 74' lang='lat' dir='ltr'><strong>Ao</strong></span> <span class='ocrx_word' id='word_1_132' title='bbox 1592 1414 1742 1468; x_wconf 71' lang='lat' dir='ltr'><strong>haereticis</strong></span> <span class='ocrx_word' id='word_1_133' title='bbox 1765 1412 1838 1468; x_wconf 88' lang='lat' dir='ltr'><strong>enim</strong></span> <span class='ocrx_word' id='word_1_134' title='bbox 1862 1414 2017 1479; x_wconf 79' lang='lat' dir='ltr'><strong>venientes,</strong></span> <span class='ocrx_word' id='word_1_135' title='bbox 2041 1415 2106 1469; x_wconf 86' lang='lat' dir='ltr'><strong>licet</strong></span> <span class='ocrx_word' id='word_1_136' title='bbox 2143 1443 2147 1450; x_wconf 90' lang='lat'><strong>·</strong></span> 
     </span>
    </p>

    <p class='ocr_par' dir='ltr' id='par_1_10' title="bbox 404 1498 2107 1572">
     <span class='ocr_line' id='line_1_11' title="bbox 404 1498 2107 1572; baseline -0.001 -17"><span class='ocrx_word' id='word_1_137' title='bbox 404 1516 465 1555; x_wconf 88' lang='lat' dir='ltr'><strong>esse</strong></span> <span class='ocrx_word' id='word_1_138' title='bbox 491 1499 657 1568; x_wconf 82' lang='lat' dir='ltr'><strong>concedent,</strong></span> <span class='ocrx_word' id='word_1_139' title='bbox 688 1500 799 1555; x_wconf 84' lang='lat' dir='ltr'><strong>interim</strong></span> <span class='ocrx_word' id='word_1_140' title='bbox 821 1507 914 1557; x_wconf 85' lang='lat' dir='ltr'><strong>tumen</strong></span> <span class='ocrx_word' id='word_1_141' title='bbox 937 1501 1107 1572; x_wconf 86' lang='lat' dir='ltr'><strong>baptismum</strong></span> <span class='ocrx_word' id='word_1_142' title='bbox 1126 1499 1163 1556; x_wconf 87' lang='lat' dir='ltr'><strong>ab</strong></span> <span class='ocrx_word' id='word_1_143' title='bbox 1184 1500 1240 1554; x_wconf 89' lang='lat' dir='ltr'><strong>illis</strong></span> <span class='ocrx_word' id='word_1_144' title='bbox 1266 1498 1303 1551; x_wconf 85' lang='lat' dir='ltr'><strong>ab</strong></span> <span class='ocrx_word' id='word_1_145' title='bbox 1331 1500 1450 1553; x_wconf 83' lang='lat' dir='ltr'><strong>ecclesia</strong></span> <span class='ocrx_word' id='word_1_146' title='bbox 1477 1500 1656 1570; x_wconf 73' lang='lat' dir='ltr'><strong>defecerunt,</strong></span> <span class='ocrx_word' id='word_1_147' title='bbox 1685 1501 1741 1555; x_wconf 91' lang='lat' dir='ltr'><strong>imo</strong></span> <span class='ocrx_word' id='word_1_148' title='bbox 1767 1519 1822 1554; x_wconf 90' lang='lat' dir='ltr'><strong>non</strong></span> <span class='ocrx_word' id='word_1_149' title='bbox 1848 1502 2029 1569; x_wconf 82' lang='lat' dir='ltr'><strong>defecerant,</strong></span> <span class='ocrx_word' id='word_1_150' title='bbox 2055 1501 2107 1553; x_wconf 87' lang='lat' dir='ltr'><strong>ssd</strong></span> 
     </span>
    </p>

    <p class='ocr_par' dir='ltr' id='par_1_11' title="bbox 404 1585 2106 1656">
     <span class='ocr_line' id='line_1_12' title="bbox 404 1585 2106 1656; baseline -0.002 -14"><span class='ocrx_word' id='word_1_151' title='bbox 404 1585 627 1642; x_wconf 82' lang='lat' dir='ltr'><strong>administratum</strong></span> <span class='ocrx_word' id='word_1_152' title='bbox 652 1585 761 1641; x_wconf 87' lang='lat' dir='ltr'><strong>irritum</strong></span> <span class='ocrx_word' id='word_1_153' title='bbox 789 1603 850 1643; x_wconf 88' lang='lat' dir='ltr'><strong>esse</strong></span> <span class='ocrx_word' id='word_1_154' title='bbox 876 1587 1000 1642; x_wconf 88' lang='lat' dir='ltr'><strong>nondum</strong></span> <span class='ocrx_word' id='word_1_155' title='bbox 1018 1587 1079 1643; x_wconf 91' lang='lat' dir='ltr'><strong>ausi</strong></span> <span class='ocrx_word' id='word_1_156' title='bbox 1096 1591 1162 1641; x_wconf 87' lang='lat' dir='ltr'><strong>sunt</strong></span> <span class='ocrx_word' id='word_1_157' title='bbox 1180 1587 1240 1642; x_wconf 90' lang='lat' dir='ltr'><strong>edi·</strong></span> <span class='ocrx_word' id='word_1_158' title='bbox 1266 1602 1328 1638; x_wconf 85' lang='lat' dir='ltr'><strong>cum</strong></span> <span class='ocrx_word' id='word_1_159' title='bbox 1346 1585 1401 1638; x_wconf 86' lang='lat' dir='ltr'><strong>illa</strong></span> <span class='ocrx_word' id='word_1_160' title='bbox 1417 1601 1447 1638; x_wconf 91' lang='lat' dir='ltr'><strong>ss</strong></span> <span class='ocrx_word' id='word_1_161' title='bbox 1467 1585 1555 1655; x_wconf 77' lang='lat' dir='ltr'><strong>spisse</strong></span> <span class='ocrx_word' id='word_1_162' title='bbox 1567 1594 1715 1656; x_wconf 86' lang='lat' dir='ltr'><strong>putarunt,</strong></span> <span class='ocrx_word' id='word_1_163' title='bbox 1730 1586 1865 1655; x_wconf 84' lang='lat' dir='ltr'><strong>proditos</strong></span> <span class='ocrx_word' id='word_1_164' title='bbox 1882 1602 1955 1655; x_wconf 82' lang='lat' dir='ltr'><strong>cero,</strong></span> <span class='ocrx_word' id='word_1_165' title='bbox 1974 1587 2053 1655; x_wconf 87' lang='lat' dir='ltr'><strong>quod</strong></span> <span class='ocrx_word' id='word_1_166' title='bbox 2066 1587 2106 1639; x_wconf 91' lang='lat' dir='ltr'><strong>ad</strong></span> 
     </span>
    </p>

    <p class='ocr_par' dir='ltr' id='par_1_12' title="bbox 404 1670 2106 1745">
     <span class='ocr_line' id='line_1_13' title="bbox 404 1670 2106 1745; baseline -0.001 -16"><span class='ocrx_word' id='word_1_167' title='bbox 404 1688 475 1729; x_wconf 81' lang='lat' dir='ltr'><strong>cere.</strong></span> <span class='ocrx_word' id='word_1_168' title='bbox 508 1671 640 1727; x_wconf 85' lang='lat' dir='ltr'><strong>Buesnus</strong></span> <span class='ocrx_word' id='word_1_169' title='bbox 658 1673 710 1728; x_wconf 91' lang='lat' dir='ltr'><strong>loc.</strong></span> <span class='ocrx_word' id='word_1_170' title='bbox 731 1680 772 1730; x_wconf 80' lang='lat' dir='ltr'><strong>tt.</strong></span> <span class='ocrx_word' id='word_1_171' title='bbox 790 1692 817 1745; x_wconf 90' lang='lat' dir='ltr'><strong>p.</strong></span> <span class='ocrx_word' id='word_1_172' title='bbox 836 1680 901 1731; x_wconf 79' lang='lat' dir='ltr'><strong>ort:</strong></span> <span class='ocrx_word' id='word_1_173' title='bbox 927 1677 1022 1729; x_wconf 83' lang='lat' dir='ltr'><strong>Rotas</strong></span> <span class='ocrx_word' id='word_1_174' title='bbox 1041 1675 1141 1728; x_wconf 79' lang='lat' dir='ltr'><strong>hateri</strong></span> <span class='ocrx_word' id='word_1_175' title='bbox 1159 1674 1239 1727; x_wconf 81' lang='lat' dir='ltr'><strong>debet</strong></span> <span class='ocrx_word' id='word_1_176' title='bbox 1267 1672 1407 1740; x_wconf 80' lang='lat' dir='ltr'><strong>quendam</strong></span> <span class='ocrx_word' id='word_1_177' title='bbox 1434 1670 1531 1726; x_wconf 86' lang='lat' dir='ltr'><strong>atiena</strong></span> <span class='ocrx_word' id='word_1_178' title='bbox 1556 1673 1698 1726; x_wconf 79' lang='lat' dir='ltr'><strong>docentem</strong></span> <span class='ocrx_word' id='word_1_179' title='bbox 1722 1672 1903 1740; x_wconf 84' lang='lat' dir='ltr'><strong>accesserint,</strong></span> <span class='ocrx_word' id='word_1_180' title='bbox 1927 1672 1963 1724; x_wconf 85' lang='lat' dir='ltr'><strong>ab</strong></span> <span class='ocrx_word' id='word_1_181' title='bbox 1986 1672 2106 1726; x_wconf 83' lang='lat' dir='ltr'><strong>ecclesia</strong></span> 
     </span>
    </p>

    <p class='ocr_par' dir='ltr' id='par_1_13' title="bbox 395 1757 2107 1830">
     <span class='ocr_line' id='line_1_14' title="bbox 395 1757 2107 1830; baseline 0.001 -19"><span class='ocrx_word' id='word_1_182' title='bbox 395 1758 622 1826; x_wconf 65' lang='lat' dir='ltr'><strong>&#39;Pontificiorum</strong></span> <span class='ocrx_word' id='word_1_183' title='bbox 640 1758 807 1829; x_wconf 73' lang='lat' dir='ltr'><strong>baptismus,</strong></span> <span class='ocrx_word' id='word_1_184' title='bbox 829 1762 880 1830; x_wconf 89' lang='lat' dir='ltr'><strong>qai</strong></span> <span class='ocrx_word' id='word_1_185' title='bbox 904 1778 1001 1815; x_wconf 86' lang='lat' dir='ltr'><strong>errore</strong></span> <span class='ocrx_word' id='word_1_186' title='bbox 1021 1760 1172 1823; x_wconf 86' lang='lat' dir='ltr'><strong>communi,</strong></span> <span class='ocrx_word' id='word_1_187' title='bbox 1196 1760 1240 1813; x_wconf 85' lang='lat' dir='ltr'><strong>ael</strong></span> <span class='ocrx_word' id='word_1_188' title='bbox 1261 1757 1382 1826; x_wconf 78' lang='lat' dir='ltr'><strong>pepulit,</strong></span> <span class='ocrx_word' id='word_1_189' title='bbox 1402 1775 1451 1810; x_wconf 91' lang='lat' dir='ltr'><strong>nec</strong></span> <span class='ocrx_word' id='word_1_190' title='bbox 1469 1760 1586 1813; x_wconf 72' lang='lat' dir='ltr'><strong>adcessit</strong></span> <span class='ocrx_word' id='word_1_191' title='bbox 1602 1775 1636 1811; x_wconf 91' lang='lat' dir='ltr'><strong>ne</strong></span> <span class='ocrx_word' id='word_1_192' title='bbox 1650 1766 1765 1814; x_wconf 86' lang='lat' dir='ltr'><strong>orantes</strong></span> <span class='ocrx_word' id='word_1_193' title='bbox 1779 1758 1901 1829; x_wconf 83' lang='lat' dir='ltr'><strong>quidem,</strong></span> <span class='ocrx_word' id='word_1_194' title='bbox 1920 1758 1980 1811; x_wconf 88' lang='lat' dir='ltr'><strong>nisi</strong></span> <span class='ocrx_word' id='word_1_195' title='bbox 1991 1758 2107 1828; x_wconf 86' lang='lat' dir='ltr'><strong>publice</strong></span> 
     </span>
    </p>

    <p class='ocr_par' dir='ltr' id='par_1_14' title="bbox 405 1842 2106 1917">
     <span class='ocr_line' id='line_1_15' title="bbox 405 1842 2106 1917; baseline 0.001 -21"><span class='ocrx_word' id='word_1_196' title='bbox 405 1842 493 1913; x_wconf 82' lang='lat' dir='ltr'><strong>ionpa</strong></span> <span class='ocrx_word' id='word_1_197' title='bbox 511 1844 681 1915; x_wconf 80' lang='lat' dir='ltr'><strong>tolerantsa,</strong></span> <span class='ocrx_word' id='word_1_198' title='bbox 706 1860 756 1898; x_wconf 89' lang='lat' dir='ltr'><strong>sen</strong></span> <span class='ocrx_word' id='word_1_199' title='bbox 775 1846 834 1916; x_wconf 84' lang='lat' dir='ltr'><strong>per&#39;</strong></span> <span class='ocrx_word' id='word_1_200' title='bbox 847 1848 903 1900; x_wconf 83' lang='lat' dir='ltr'><strong>eim</strong></span> <span class='ocrx_word' id='word_1_201' title='bbox 918 1854 1067 1917; x_wconf 84' lang='lat' dir='ltr'><strong>pastorum</strong></span> <span class='ocrx_word' id='word_1_202' title='bbox 1084 1848 1178 1900; x_wconf 83' lang='lat' dir='ltr'><strong>sedem</strong></span> <span class='ocrx_word' id='word_1_203' title='bbox 1196 1863 1240 1899; x_wconf 92' lang='lat' dir='ltr'><strong>oc·</strong></span> <span class='ocrx_word' id='word_1_204' title='bbox 1266 1851 1373 1911; x_wconf 87' lang='lat' dir='ltr'><strong>cuncta,</strong></span> <span class='ocrx_word' id='word_1_205' title='bbox 1392 1860 1463 1912; x_wconf 90' lang='lat' dir='ltr'><strong>quae</strong></span> <span class='ocrx_word' id='word_1_206' title='bbox 1481 1845 1625 1898; x_wconf 84' lang='lat' dir='ltr'><strong>audissent</strong></span> <span class='ocrx_word' id='word_1_207' title='bbox 1649 1845 1684 1898; x_wconf 75' lang='lat' dir='ltr'><strong>ab</strong></span> <span class='ocrx_word' id='word_1_208' title='bbox 1704 1844 1888 1911; x_wconf 81' lang='lat' dir='ltr'><strong>adversariis,</strong></span> <span class='ocrx_word' id='word_1_209' title='bbox 1906 1844 2106 1913; x_wconf 65' lang='lat' dir='ltr'><strong>exposuissent,</strong></span> 
     </span>
    </p>

    <p class='ocr_par' dir='ltr' id='par_1_15' title="bbox 406 1929 2106 2003">
     <span class='ocr_line' id='line_1_16' title="bbox 406 1929 2106 2003; baseline 0.001 -20"><span class='ocrx_word' id='word_1_210' title='bbox 406 1938 511 2000; x_wconf 75' lang='lat' dir='ltr'><strong>crepant</strong></span> <span class='ocrx_word' id='word_1_211' title='bbox 529 1939 555 1985; x_wconf 91' lang='lat' dir='ltr'><strong>et</strong></span> <span class='ocrx_word' id='word_1_212' title='bbox 567 1932 713 2001; x_wconf 85' lang='lat' dir='ltr'><strong>publicum</strong></span> <span class='ocrx_word' id='word_1_213' title='bbox 730 1932 915 1987; x_wconf 80' lang='lat' dir='ltr'><strong>ministerium</strong></span> <span class='ocrx_word' id='word_1_214' title='bbox 934 1932 1114 2001; x_wconf 87' lang='lat' dir='ltr'><strong>tenent,&#39;etsi</strong></span> <span class='ocrx_word' id='word_1_215' title='bbox 1127 1950 1182 2003; x_wconf 88' lang='lat' dir='ltr'><strong>pro</strong></span> <span class='ocrx_word' id='word_1_216' title='bbox 1202 1932 1240 1986; x_wconf 73' lang='lat' dir='ltr'><strong>le</strong></span> <span class='ocrx_word' id='word_1_217' title='bbox 1265 1946 1301 1982; x_wconf 90' lang='lat' dir='ltr'><strong>ac</strong></span> <span class='ocrx_word' id='word_1_218' title='bbox 1319 1936 1377 1982; x_wconf 91' lang='lat' dir='ltr'><strong>tum</strong></span> <span class='ocrx_word' id='word_1_219' title='bbox 1397 1929 1509 1982; x_wconf 84' lang='lat' dir='ltr'><strong>demam</strong></span> <span class='ocrx_word' id='word_1_220' title='bbox 1528 1930 1641 2000; x_wconf 87' lang='lat' dir='ltr'><strong>colleqit</strong></span> <span class='ocrx_word' id='word_1_221' title='bbox 1660 1947 1723 1994; x_wconf 88' lang='lat' dir='ltr'><strong>eos,</strong></span> <span class='ocrx_word' id='word_1_222' title='bbox 1753 1948 1808 1985; x_wconf 91' lang='lat' dir='ltr'><strong>non</strong></span> <span class='ocrx_word' id='word_1_223' title='bbox 1828 1938 1939 2001; x_wconf 90' lang='lat' dir='ltr'><strong>petens,</strong></span> <span class='ocrx_word' id='word_1_224' title='bbox 1965 1938 1997 1984; x_wconf 94' lang='lat' dir='ltr'><strong>ut</strong></span> <span class='ocrx_word' id='word_1_225' title='bbox 2015 1932 2106 1985; x_wconf 85' lang='lat' dir='ltr'><strong>denuo</strong></span> 
     </span>
    </p>

    <p class='ocr_par' dir='ltr' id='par_1_16' title="bbox 405 2014 2106 2090">
     <span class='ocr_line' id='line_1_17' title="bbox 405 2014 2106 2090; baseline -0.001 -18"><span class='ocrx_word' id='word_1_226' title='bbox 405 2017 500 2085; x_wconf 83' lang='lat' dir='ltr'><strong>pitime</strong></span> <span class='ocrx_word' id='word_1_227' title='bbox 528 2019 634 2073; x_wconf 83' lang='lat' dir='ltr'><strong>vocatis</strong></span> <span class='ocrx_word' id='word_1_228' title='bbox 662 2020 785 2073; x_wconf 72' lang='lat' dir='ltr'><strong>habendi</strong></span> <span class='ocrx_word' id='word_1_229' title='bbox 812 2037 870 2074; x_wconf 92' lang='lat' dir='ltr'><strong>non</strong></span> <span class='ocrx_word' id='word_1_230' title='bbox 899 2021 963 2076; x_wconf 84' lang='lat' dir='ltr'><strong>sirst.</strong></span> <span class='ocrx_word' id='word_1_231' title='bbox 1010 2025 1034 2075; x_wconf 88' lang='grc'><strong>3.</strong></span> <span class='ocrx_word' id='word_1_232' title='bbox 1054 2019 1137 2073; x_wconf 88' lang='lat' dir='ltr'><strong>Adde</strong></span> <span class='ocrx_word' id='word_1_233' title='bbox 1164 2018 1240 2090; x_wconf 88' lang='lat' dir='ltr'><strong>quod</strong></span> <span class='ocrx_word' id='word_1_234' title='bbox 1266 2014 1447 2082; x_wconf 85' lang='lat' dir='ltr'><strong>baptizentur.</strong></span> <span class='ocrx_word' id='word_1_235' title='bbox 1485 2015 1598 2069; x_wconf 79' lang='lat' dir='ltr'><strong>Etenim</strong></span> <span class='ocrx_word' id='word_1_236' title='bbox 1609 2016 1676 2085; x_wconf 85' lang='lat' dir='ltr'><strong>jam</strong></span> <span class='ocrx_word' id='word_1_237' title='bbox 1693 2023 1757 2070; x_wconf 89' lang='lat' dir='ltr'><strong>ante</strong></span> <span class='ocrx_word' id='word_1_238' title='bbox 1779 2016 1915 2088; x_wconf 80' lang='lat' dir='ltr'><strong>Spiritum</strong></span> <span class='ocrx_word' id='word_1_239' title='bbox 1927 2024 2058 2071; x_wconf 88' lang='lat' dir='ltr'><strong>sanctum</strong></span> <span class='ocrx_word' id='word_1_240' title='bbox 2071 2016 2106 2070; x_wconf 84' lang='lat' dir='ltr'><strong>ab</strong></span> 
     </span>
    </p>

    <p class='ocr_par' dir='ltr' id='par_1_17' title="bbox 405 2100 2104 2178">
     <span class='ocr_line' id='line_1_18' title="bbox 405 2100 2104 2178; baseline -0.001 -20"><span class='ocrx_word' id='word_1_241' title='bbox 405 2101 541 2173; x_wconf 74' lang='lat' dir='ltr'><strong>baptizati</strong></span> <span class='ocrx_word' id='word_1_242' title='bbox 560 2104 595 2160; x_wconf 87' lang='lat' dir='ltr'><strong>de</strong></span> <span class='ocrx_word' id='word_1_243' title='bbox 611 2104 729 2161; x_wconf 78' lang='lat' dir='ltr'><strong>veritate</strong></span> <span class='ocrx_word' id='word_1_244' title='bbox 746 2112 775 2161; x_wconf 82' lang='lat' dir='ltr'><strong>et</strong></span> <span class='ocrx_word' id='word_1_245' title='bbox 787 2105 948 2178; x_wconf 76' lang='lat' dir='ltr'><strong>integritate</strong></span> <span class='ocrx_word' id='word_1_246' title='bbox 962 2105 1093 2176; x_wconf 79' lang='lat' dir='ltr'><strong>baptismi</strong></span> <span class='ocrx_word' id='word_1_247' title='bbox 1106 2112 1241 2176; x_wconf 85' lang='lat' dir='ltr'><strong>perpetuo</strong></span> <span class='ocrx_word' id='word_1_248' title='bbox 1267 2117 1298 2154; x_wconf 81' lang='lat' dir='ltr'><strong>to</strong></span> <span class='ocrx_word' id='word_1_249' title='bbox 1317 2100 1441 2168; x_wconf 78' lang='lat' dir='ltr'><strong>fuerant</strong></span> <span class='ocrx_word' id='word_1_250' title='bbox 1463 2103 1611 2155; x_wconf 77' lang='lat' dir='ltr'><strong>consecuti.</strong></span> <span class='ocrx_word' id='word_1_251' title='bbox 1647 2104 1758 2157; x_wconf 85' lang='lat' dir='ltr'><strong>Rursus</strong></span> <span class='ocrx_word' id='word_1_252' title='bbox 1782 2104 1831 2156; x_wconf 81' lang='lat' dir='ltr'><strong>ubi</strong></span> <span class='ocrx_word' id='word_1_253' title='bbox 1854 2104 1952 2174; x_wconf 85' lang='lat' dir='ltr'><strong>multis</strong></span> <span class='ocrx_word' id='word_1_254' title='bbox 1975 2104 2104 2173; x_wconf 83' lang='lat' dir='ltr'><strong>proposi·</strong></span> 
     </span>
    </p>

    <p class='ocr_par' dir='ltr' id='par_1_18' title="bbox 406 2185 2105 2264">
     <span class='ocr_line' id='line_1_19' title="bbox 406 2185 2105 2264; baseline 0.001 -23"><span class='ocrx_word' id='word_1_255' title='bbox 406 2198 541 2261; x_wconf 75' lang='lat' dir='ltr'><strong>cogentur</strong></span> <span class='ocrx_word' id='word_1_256' title='bbox 559 2189 695 2258; x_wconf 76' lang='lat' dir='ltr'><strong>dubitare,</strong></span> <span class='ocrx_word' id='word_1_257' title='bbox 715 2191 738 2245; x_wconf 89' lang='lat' dir='ltr'><strong>si</strong></span> <span class='ocrx_word' id='word_1_258' title='bbox 758 2192 795 2247; x_wconf 73' lang='lat' dir='ltr'><strong>ed</strong></span> <span class='ocrx_word' id='word_1_259' title='bbox 813 2209 875 2248; x_wconf 76' lang='lat' dir='ltr'><strong>enm</strong></span> <span class='ocrx_word' id='word_1_260' title='bbox 894 2191 1019 2264; x_wconf 72' lang='lat' dir='ltr'><strong>legitima</strong></span> <span class='ocrx_word' id='word_1_261' title='bbox 1030 2191 1240 2248; x_wconf 60' lang='lat' dir='ltr'><strong>minimi-ocn-</strong></span> <span class='ocrx_word' id='word_1_262' title='bbox 1265 2185 1369 2240; x_wconf 88' lang='lat' dir='ltr'><strong>tionem</strong></span> <span class='ocrx_word' id='word_1_263' title='bbox 1398 2187 1471 2240; x_wconf 79' lang='lat' dir='ltr'><strong>banc</strong></span> <span class='ocrx_word' id='word_1_264' title='bbox 1500 2187 1646 2257; x_wconf 83' lang='lat' dir='ltr'><strong>tractauit,</strong></span> <span class='ocrx_word' id='word_1_265' title='bbox 1677 2189 1821 2258; x_wconf 79' lang='lat' dir='ltr'><strong>sssbjunpit</strong></span> <span class='ocrx_word' id='word_1_266' title='bbox 1851 2188 1922 2242; x_wconf 83' lang='lat' dir='ltr'><strong>ista:</strong></span> <span class='ocrx_word' id='word_1_267' title='bbox 1961 2190 2003 2243; x_wconf 82' lang='lat' dir='ltr'><strong>Et</strong></span> <span class='ocrx_word' id='word_1_268' title='bbox 2032 2190 2105 2243; x_wconf 83' lang='lat' dir='ltr'><strong>iliud</strong></span> 
     </span>
    </p>

    <p class='ocr_par' dir='ltr' id='par_1_19' title="bbox 406 2272 2104 2349">
     <span class='ocr_line' id='line_1_20' title="bbox 406 2272 2104 2349; baseline 0.002 -23"><span class='ocrx_word' id='word_1_269' title='bbox 406 2276 446 2331; x_wconf 89' lang='lat' dir='ltr'><strong>tio</strong></span> <span class='ocrx_word' id='word_1_270' title='bbox 458 2275 615 2347; x_wconf 84' lang='lat' dir='ltr'><strong>requiritur,</strong></span> <span class='ocrx_word' id='word_1_271' title='bbox 635 2278 681 2332; x_wconf 84' lang='lat' dir='ltr'><strong>cui</strong></span> <span class='ocrx_word' id='word_1_272' title='bbox 698 2278 772 2333; x_wconf 81' lang='lat' dir='ltr'><strong>enim</strong></span> <span class='ocrx_word' id='word_1_273' title='bbox 784 2285 911 2335; x_wconf 70' lang='lat' dir='ltr'><strong>constare</strong></span> <span class='ocrx_word' id='word_1_274' title='bbox 925 2284 1025 2349; x_wconf 70' lang='lat' dir='ltr'><strong>potest,</strong></span> <span class='ocrx_word' id='word_1_275' title='bbox 1043 2277 1242 2333; x_wconf 76' lang='lat' dir='ltr'><strong>annonmnlis</strong></span> <span class='ocrx_word' id='word_1_276' title='bbox 1266 2272 1397 2342; x_wconf 76' lang='lat' dir='ltr'><strong>capanei,</strong></span> <span class='ocrx_word' id='word_1_277' title='bbox 1425 2275 1504 2343; x_wconf 82' lang='lat' dir='ltr'><strong>quod</strong></span> <span class='ocrx_word' id='word_1_278' title='bbox 1525 2292 1582 2327; x_wconf 88' lang='lat' dir='ltr'><strong>non</strong></span> <span class='ocrx_word' id='word_1_279' title='bbox 1599 2274 1664 2343; x_wconf 82' lang='lat' dir='ltr'><strong>jam</strong></span> <span class='ocrx_word' id='word_1_280' title='bbox 1688 2275 1828 2343; x_wconf 82' lang='lat' dir='ltr'><strong>Africani</strong></span> <span class='ocrx_word' id='word_1_281' title='bbox 1852 2282 1960 2329; x_wconf 88' lang='lat' dir='ltr'><strong>tantum</strong></span> <span class='ocrx_word' id='word_1_282' title='bbox 1989 2276 2044 2330; x_wconf 75' lang='lat' dir='ltr'><strong>hoc</strong></span> <span class='ocrx_word' id='word_1_283' title='bbox 2066 2275 2104 2330; x_wconf 80' lang='lat' dir='ltr'><strong>in·</strong></span> 
     </span>
    </p>

    <p class='ocr_par' dir='ltr' id='par_1_20' title="bbox 406 2360 2104 2435">
     <span class='ocr_line' id='line_1_21' title="bbox 406 2360 2104 2435; baseline 0.003 -23"><span class='ocrx_word' id='word_1_284' title='bbox 406 2360 512 2417; x_wconf 82' lang='lat' dir='ltr'><strong>artibus</strong></span> <span class='ocrx_word' id='word_1_285' title='bbox 538 2362 611 2419; x_wconf 78' lang='lat' dir='ltr'><strong>ovile</strong></span> <span class='ocrx_word' id='word_1_286' title='bbox 637 2362 741 2419; x_wconf 76' lang='lat' dir='ltr'><strong>christi</strong></span> <span class='ocrx_word' id='word_1_287' title='bbox 765 2364 930 2421; x_wconf 70' lang='lat' dir='ltr'><strong>intraverit?</strong></span> <span class='ocrx_word' id='word_1_288' title='bbox 968 2370 992 2421; x_wconf 79' lang='grc'><strong>4.</strong></span> <span class='ocrx_word' id='word_1_289' title='bbox 1011 2364 1088 2420; x_wconf 69' lang='lat' dir='ltr'><strong>Bene</strong></span> <span class='ocrx_word' id='word_1_290' title='bbox 1110 2382 1156 2435; x_wconf 66' lang='lat' dir='ltr'><strong>qm</strong></span> <span class='ocrx_word' id='word_1_291' title='bbox 1181 2371 1239 2421; x_wconf 75' lang='lat'><strong>144,</strong></span> <span class='ocrx_word' id='word_1_292' title='bbox 1267 2362 1462 2425; x_wconf 78' lang='lat' dir='ltr'><strong>traduces-unt,</strong></span> <span class='ocrx_word' id='word_1_293' title='bbox 1489 2362 1542 2413; x_wconf 90' lang='lat' dir='ltr'><strong>sed</strong></span> <span class='ocrx_word' id='word_1_294' title='bbox 1563 2369 1588 2414; x_wconf 93' lang='lat' dir='ltr'><strong>et</strong></span> <span class='ocrx_word' id='word_1_295' title='bbox 1612 2361 1664 2414; x_wconf 84' lang='lat' dir='ltr'><strong>dia</strong></span> <span class='ocrx_word' id='word_1_296' title='bbox 1681 2369 1766 2415; x_wconf 85' lang='lat' dir='ltr'><strong>antea</strong></span> <span class='ocrx_word' id='word_1_297' title='bbox 1784 2362 1922 2432; x_wconf 86' lang='lat' dir='ltr'><strong>episcopis</strong></span> <span class='ocrx_word' id='word_1_298' title='bbox 1940 2378 2104 2432; x_wconf 71' lang='lat' dir='ltr'><strong>praecesse</strong></span> 
     </span>
    </p>

    <p class='ocr_par' dir='ltr' id='par_1_21' title="bbox 405 2444 2102 2522">
     <span class='ocr_line' id='line_1_22' title="bbox 405 2444 2102 2522; baseline 0.004 -25"><span class='ocrx_word' id='word_1_299' title='bbox 405 2447 492 2519; x_wconf 83' lang='lat' dir='ltr'><strong>ipsius</strong></span> <span class='ocrx_word' id='word_1_300' title='bbox 517 2448 638 2505; x_wconf 72' lang='lat' dir='ltr'><strong>Satanae</strong></span> <span class='ocrx_word' id='word_1_301' title='bbox 664 2450 834 2522; x_wconf 67' lang='lat' dir='ltr'><strong>baptismum</strong></span> <span class='ocrx_word' id='word_1_302' title='bbox 856 2451 887 2507; x_wconf 74' lang='lat' dir='ltr'><strong>in</strong></span> <span class='ocrx_word' id='word_1_303' title='bbox 908 2450 1060 2506; x_wconf 62' lang='lat' dir='ltr'><strong>ministerio</strong></span> <span class='ocrx_word' id='word_1_304' title='bbox 1085 2467 1141 2506; x_wconf 76' lang='lat' dir='ltr'><strong>non</strong></span> <span class='ocrx_word' id='word_1_305' title='bbox 1161 2450 1241 2506; x_wconf 80' lang='lat' dir='ltr'><strong>dubi.</strong></span> <span class='ocrx_word' id='word_1_306' title='bbox 1265 2444 1344 2497; x_wconf 85' lang='lat' dir='ltr'><strong>ribus</strong></span> <span class='ocrx_word' id='word_1_307' title='bbox 1364 2447 1468 2499; x_wconf 88' lang='lat' dir='ltr'><strong>nostris</strong></span> <span class='ocrx_word' id='word_1_308' title='bbox 1486 2448 1515 2499; x_wconf 90' lang='lat' dir='ltr'><strong>in</strong></span> <span class='ocrx_word' id='word_1_309' title='bbox 1531 2446 1769 2517; x_wconf 74' lang='lat' dir='ltr'><strong>frequentissimis</strong></span> <span class='ocrx_word' id='word_1_310' title='bbox 1786 2448 1911 2502; x_wconf 71' lang='lat' dir='ltr'><strong>enotatis</strong></span> <span class='ocrx_word' id='word_1_311' title='bbox 1931 2466 1966 2501; x_wconf 90' lang='lat' dir='ltr'><strong>ac</strong></span> <span class='ocrx_word' id='word_1_312' title='bbox 1989 2458 2102 2519; x_wconf 84' lang='lat' dir='ltr'><strong>patrum</strong></span> 
     </span>
    </p>

    <p class='ocr_par' dir='ltr' id='par_1_22' title="bbox 405 2532 2105 2608">
     <span class='ocr_line' id='line_1_23' title="bbox 405 2532 2105 2608; baseline -0.002 -18"><span class='ocrx_word' id='word_1_313' title='bbox 405 2541 499 2590; x_wconf 79' lang='lat' dir='ltr'><strong>tenter</strong></span> <span class='ocrx_word' id='word_1_314' title='bbox 524 2551 555 2590; x_wconf 91' lang='lat' dir='ltr'><strong>se</strong></span> <span class='ocrx_word' id='word_1_315' title='bbox 578 2536 652 2592; x_wconf 84' lang='lat' dir='ltr'><strong>velle</strong></span> <span class='ocrx_word' id='word_1_316' title='bbox 675 2536 768 2592; x_wconf 87' lang='lat' dir='ltr'><strong>dicere</strong></span> <span class='ocrx_word' id='word_1_317' title='bbox 791 2536 946 2608; x_wconf 82' lang='lat' dir='ltr'><strong>legitimum</strong></span> <span class='ocrx_word' id='word_1_318' title='bbox 973 2536 1080 2592; x_wconf 80' lang='lat' dir='ltr'><strong>asserit.</strong></span> <span class='ocrx_word' id='word_1_319' title='bbox 1114 2538 1155 2591; x_wconf 82' lang='lat' dir='ltr'><strong>At</strong></span> <span class='ocrx_word' id='word_1_320' title='bbox 1173 2553 1241 2607; x_wconf 79' lang='lat' dir='ltr'><strong>quo</strong></span> <span class='ocrx_word' id='word_1_321' title='bbox 1267 2533 1383 2598; x_wconf 63' lang='lat' dir='ltr'><strong>amodes</strong></span> <span class='ocrx_word' id='word_1_322' title='bbox 1409 2534 1440 2586; x_wconf 85' lang='lat' dir='ltr'><strong>in</strong></span> <span class='ocrx_word' id='word_1_323' title='bbox 1464 2533 1562 2587; x_wconf 82' lang='lat' dir='ltr'><strong>Iconio</strong></span> <span class='ocrx_word' id='word_1_324' title='bbox 1589 2541 1615 2586; x_wconf 90' lang='lat' dir='ltr'><strong>et</strong></span> <span class='ocrx_word' id='word_1_325' title='bbox 1643 2532 1770 2602; x_wconf 70' lang='lat' dir='ltr'><strong>symon</strong></span> <span class='ocrx_word' id='word_1_326' title='bbox 1798 2542 1824 2588; x_wconf 90' lang='lat' dir='ltr'><strong>ct</strong></span> <span class='ocrx_word' id='word_1_327' title='bbox 1845 2536 1926 2603; x_wconf 88' lang='lat' dir='ltr'><strong>apud</strong></span> <span class='ocrx_word' id='word_1_328' title='bbox 1943 2535 2047 2589; x_wconf 86' lang='lat' dir='ltr'><strong>multos</strong></span> <span class='ocrx_word' id='word_1_329' title='bbox 2066 2535 2105 2589; x_wconf 89' lang='lat' dir='ltr'><strong>ito</strong></span> 
     </span>
    </p>

    <p class='ocr_par' dir='ltr' id='par_1_23' title="bbox 407 2617 2105 2693">
     <span class='ocr_line' id='line_1_24' title="bbox 407 2617 2105 2693; baseline -0.001 -16"><span class='ocrx_word' id='word_1_330' title='bbox 407 2622 488 2677; x_wconf 88' lang='lat' dir='ltr'><strong>modo</strong></span> <span class='ocrx_word' id='word_1_331' title='bbox 506 2639 630 2692; x_wconf 86' lang='lat' dir='ltr'><strong>unquam</strong></span> <span class='ocrx_word' id='word_1_332' title='bbox 647 2621 770 2677; x_wconf 73' lang='lat' dir='ltr'><strong>Satsnm</strong></span> <span class='ocrx_word' id='word_1_333' title='bbox 788 2622 824 2676; x_wconf 89' lang='lat' dir='ltr'><strong>ad</strong></span> <span class='ocrx_word' id='word_1_334' title='bbox 847 2622 1031 2677; x_wconf 86' lang='lat' dir='ltr'><strong>ministerium</strong></span> <span class='ocrx_word' id='word_1_335' title='bbox 1047 2622 1156 2678; x_wconf 83' lang='lat' dir='ltr'><strong>vocatio</strong></span> <span class='ocrx_word' id='word_1_336' title='bbox 1173 2621 1241 2693; x_wconf 81' lang='lat' dir='ltr'><strong>legi·</strong></span> <span class='ocrx_word' id='word_1_337' title='bbox 1266 2617 1356 2671; x_wconf 86' lang='lat' dir='ltr'><strong>nisum</strong></span> <span class='ocrx_word' id='word_1_338' title='bbox 1372 2619 1424 2687; x_wconf 88' lang='lat' dir='ltr'><strong>sit,</strong></span> <span class='ocrx_word' id='word_1_339' title='bbox 1452 2638 1568 2688; x_wconf 86' lang='lat' dir='ltr'><strong>quoram</strong></span> <span class='ocrx_word' id='word_1_340' title='bbox 1586 2620 1737 2673; x_wconf 87' lang='lat' dir='ltr'><strong>sententias</strong></span> <span class='ocrx_word' id='word_1_341' title='bbox 1755 2620 1912 2674; x_wconf 72' lang='lat' dir='ltr'><strong>catenare</strong></span> <span class='ocrx_word' id='word_1_342' title='bbox 1935 2619 2059 2691; x_wconf 78' lang='lat' dir='ltr'><strong>sttosque</strong></span> <span class='ocrx_word' id='word_1_343' title='bbox 2077 2620 2105 2675; x_wconf 88' lang='lat' dir='ltr'><strong>in</strong></span> 
     </span>
    </p>

    <p class='ocr_par' dir='ltr' id='par_1_24' title="bbox 405 2705 2105 2778">
     <span class='ocr_line' id='line_1_25' title="bbox 405 2705 2105 2778; baseline -0.002 -15"><span class='ocrx_word' id='word_1_344' title='bbox 405 2706 475 2763; x_wconf 81' lang='lat' dir='ltr'><strong>timu</strong></span> <span class='ocrx_word' id='word_1_345' title='bbox 505 2706 558 2762; x_wconf 86' lang='lat' dir='ltr'><strong>erit</strong></span> <span class='ocrx_word' id='word_1_346' title='bbox 581 2708 627 2763; x_wconf 82' lang='lat' dir='ltr'><strong>vel</strong></span> <span class='ocrx_word' id='word_1_347' title='bbox 653 2724 713 2763; x_wconf 89' lang='lat' dir='ltr'><strong>esse</strong></span> <span class='ocrx_word' id='word_1_348' title='bbox 738 2706 861 2778; x_wconf 80' lang='lat' dir='ltr'><strong>poterit?</strong></span> <span class='ocrx_word' id='word_1_349' title='bbox 898 2706 1079 2764; x_wconf 83' lang='lat' dir='ltr'><strong>vocatiouem</strong></span> <span class='ocrx_word' id='word_1_350' title='bbox 1103 2706 1190 2778; x_wconf 85' lang='lat' dir='ltr'><strong>igitur</strong></span> <span class='ocrx_word' id='word_1_351' title='bbox 1213 2709 1242 2763; x_wconf 87' lang='lat' dir='ltr'><strong>in</strong></span> <span class='ocrx_word' id='word_1_352' title='bbox 1269 2705 1468 2757; x_wconf 86' lang='lat' dir='ltr'><strong>contentionem</strong></span> <span class='ocrx_word' id='word_1_353' title='bbox 1487 2711 1513 2758; x_wconf 87' lang='lat' dir='ltr'><strong>et</strong></span> <span class='ocrx_word' id='word_1_354' title='bbox 1529 2706 1622 2758; x_wconf 78' lang='lat' dir='ltr'><strong>risam</strong></span> <span class='ocrx_word' id='word_1_355' title='bbox 1641 2705 1780 2774; x_wconf 75' lang='lat' dir='ltr'><strong>conjicere</strong></span> <span class='ocrx_word' id='word_1_356' title='bbox 1798 2722 1855 2759; x_wconf 91' lang='lat' dir='ltr'><strong>non</strong></span> <span class='ocrx_word' id='word_1_357' title='bbox 1871 2707 2003 2761; x_wconf 70' lang='lat' dir='ltr'><strong>mannes.</strong></span> <span class='ocrx_word' id='word_1_358' title='bbox 2034 2723 2058 2762; x_wconf 88' lang='lat' dir='ltr'><strong>c.</strong></span> <span class='ocrx_word' id='word_1_359' title='bbox 2076 2711 2105 2760; x_wconf 79' lang='lat' dir='ltr'><strong>t:</strong></span> 
     </span>
    </p>

    <p class='ocr_par' dir='ltr' id='par_1_25' title="bbox 407 2789 2106 2865">
     <span class='ocr_line' id='line_1_26' title="bbox 407 2789 2106 2865; baseline -0.001 -16"><span class='ocrx_word' id='word_1_360' title='bbox 407 2792 547 2849; x_wconf 83' lang='lat' dir='ltr'><strong>ordinario</strong></span> <span class='ocrx_word' id='word_1_361' title='bbox 565 2792 697 2863; x_wconf 79' lang='lat' dir='ltr'><strong>baptismi</strong></span> <span class='ocrx_word' id='word_1_362' title='bbox 717 2793 843 2848; x_wconf 88' lang='lat' dir='ltr'><strong>ministro</strong></span> <span class='ocrx_word' id='word_1_363' title='bbox 860 2792 1039 2865; x_wconf 81' lang='lat' dir='ltr'><strong>requirimus3</strong></span> <span class='ocrx_word' id='word_1_364' title='bbox 1056 2792 1179 2865; x_wconf 77' lang='lat' dir='ltr'><strong>legitime</strong></span> <span class='ocrx_word' id='word_1_365' title='bbox 1195 2810 1242 2848; x_wconf 86' lang='lat' dir='ltr'><strong>so·</strong></span> <span class='ocrx_word' id='word_1_366' title='bbox 1272 2789 1382 2852; x_wconf 83' lang='lat' dir='ltr'><strong>Quarta</strong></span> <span class='ocrx_word' id='word_1_367' title='bbox 1411 2791 1490 2845; x_wconf 84' lang='lat' dir='ltr'><strong>iltius</strong></span> <span class='ocrx_word' id='word_1_368' title='bbox 1523 2791 1661 2862; x_wconf 86' lang='lat' dir='ltr'><strong>(Dionysii</strong></span> <span class='ocrx_word' id='word_1_369' title='bbox 1691 2792 1882 2861; x_wconf 68' lang='lat' dir='ltr'><strong>Aluandrinq</strong></span> <span class='ocrx_word' id='word_1_370' title='bbox 1914 2793 2038 2865; x_wconf 83' lang='lat' dir='ltr'><strong>epistola</strong></span> <span class='ocrx_word' id='word_1_371' title='bbox 2066 2794 2106 2847; x_wconf 83' lang='lat' dir='ltr'><strong>ad</strong></span> 
     </span>
    </p>

    <p class='ocr_par' dir='ltr' id='par_1_26' title="bbox 406 2877 2106 2951">
     <span class='ocr_line' id='line_1_27' title="bbox 406 2877 2106 2951; baseline -0.001 -16"><span class='ocrx_word' id='word_1_372' title='bbox 406 2886 484 2935; x_wconf 82' lang='lat' dir='ltr'><strong>estas</strong></span> <span class='ocrx_word' id='word_1_373' title='bbox 516 2884 545 2934; x_wconf 89' lang='lat' dir='ltr'><strong>et</strong></span> <span class='ocrx_word' id='word_1_374' title='bbox 574 2878 699 2934; x_wconf 84' lang='lat' dir='ltr'><strong>sincerae</strong></span> <span class='ocrx_word' id='word_1_375' title='bbox 733 2879 875 2935; x_wconf 88' lang='lat' dir='ltr'><strong>doctrinae</strong></span> <span class='ocrx_word' id='word_1_376' title='bbox 898 2895 1064 2951; x_wconf 74' lang='lat' dir='ltr'><strong>praecones,</strong></span> <span class='ocrx_word' id='word_1_377' title='bbox 1097 2879 1121 2934; x_wconf 92' lang='lat' dir='ltr'><strong>si</strong></span> <span class='ocrx_word' id='word_1_378' title='bbox 1145 2878 1242 2935; x_wconf 79' lang='lat' dir='ltr'><strong>heberi</strong></span> <span class='ocrx_word' id='word_1_379' title='bbox 1272 2877 1439 2946; x_wconf 74' lang='lat' dir='ltr'><strong>Dionysium</strong></span> <span class='ocrx_word' id='word_1_380' title='bbox 1456 2878 1614 2931; x_wconf 80' lang='lat' dir='ltr'><strong>Romanum</strong></span> <span class='ocrx_word' id='word_1_381' title='bbox 1631 2879 1739 2947; x_wconf 80' lang='lat' dir='ltr'><strong>scripta</strong></span> <span class='ocrx_word' id='word_1_382' title='bbox 1759 2887 1808 2950; x_wconf 90' lang='lat' dir='ltr'><strong>est,</strong></span> <span class='ocrx_word' id='word_1_383' title='bbox 1826 2880 1857 2934; x_wconf 88' lang='lat' dir='ltr'><strong>in</strong></span> <span class='ocrx_word' id='word_1_384' title='bbox 1875 2896 1933 2950; x_wconf 89' lang='lat' dir='ltr'><strong>qua</strong></span> <span class='ocrx_word' id='word_1_385' title='bbox 1950 2881 2106 2935; x_wconf 85' lang='lat' dir='ltr'><strong>deNooato</strong></span> 
     </span>
    </p>

    <p class='ocr_par' dir='ltr' id='par_1_27' title="bbox 406 2962 2105 3039">
     <span class='ocr_line' id='line_1_28' title="bbox 406 2962 2105 3039; baseline 0 -19"><span class='ocrx_word' id='word_1_386' title='bbox 406 2965 523 3037; x_wconf 85' lang='lat' dir='ltr'><strong>possint,</strong></span> <span class='ocrx_word' id='word_1_387' title='bbox 543 2965 579 3020; x_wconf 84' lang='lat' dir='ltr'><strong>ad</strong></span> <span class='ocrx_word' id='word_1_388' title='bbox 597 2965 730 3037; x_wconf 85' lang='lat' dir='ltr'><strong>baptismi</strong></span> <span class='ocrx_word' id='word_1_389' title='bbox 744 2966 977 3037; x_wconf 84' lang='lat' dir='ltr'><strong>dispensationem</strong></span> <span class='ocrx_word' id='word_1_390' title='bbox 990 2966 1170 3039; x_wconf 88' lang='lat' dir='ltr'><strong>requirendos</strong></span> <span class='ocrx_word' id='word_1_391' title='bbox 1183 2982 1244 3022; x_wconf 79' lang='lat' dir='ltr'><strong>esse</strong></span> <span class='ocrx_word' id='word_1_392' title='bbox 1269 2962 1310 3016; x_wconf 89' lang='lat' dir='ltr'><strong>sic</strong></span> <span class='ocrx_word' id='word_1_393' title='bbox 1341 2971 1492 3017; x_wconf 77' lang='lat' dir='ltr'><strong>memorat.-</strong></span> <span class='ocrx_word' id='word_1_394' title='bbox 1524 2965 1646 3018; x_wconf 85' lang='lat' dir='ltr'><strong>Praeter</strong></span> <span class='ocrx_word' id='word_1_395' title='bbox 1674 2965 1744 3018; x_wconf 82' lang='lat' dir='ltr'><strong>baec</strong></span> <span class='ocrx_word' id='word_1_396' title='bbox 1773 2965 1868 3019; x_wconf 88' lang='lat' dir='ltr'><strong>omnia</strong></span> <span class='ocrx_word' id='word_1_397' title='bbox 1893 2983 2007 3020; x_wconf 85' lang='lat' dir='ltr'><strong>sacrum</strong></span> <span class='ocrx_word' id='word_1_398' title='bbox 2026 2967 2105 3022; x_wconf 84' lang='lat' dir='ltr'><strong>iaaa-</strong></span> 
     </span>
    </p>

    <p class='ocr_par' dir='ltr' id='par_1_28' title="bbox 408 3049 2106 3125">
     <span class='ocr_line' id='line_1_29' title="bbox 408 3049 2106 3125; baseline 0.001 -19"><span class='ocrx_word' id='word_1_399' title='bbox 408 3051 540 3121; x_wconf 89' lang='lat' dir='ltr'><strong>dicimus,</strong></span> <span class='ocrx_word' id='word_1_400' title='bbox 566 3052 678 3107; x_wconf 91' lang='lat' dir='ltr'><strong>interim</strong></span> <span class='ocrx_word' id='word_1_401' title='bbox 701 3057 794 3118; x_wconf 84' lang='lat' dir='ltr'><strong>tamen</strong></span> <span class='ocrx_word' id='word_1_402' title='bbox 819 3053 844 3108; x_wconf 92' lang='lat' dir='ltr'><strong>si</strong></span> <span class='ocrx_word' id='word_1_403' title='bbox 868 3053 1023 3125; x_wconf 78' lang='lat' dir='ltr'><strong>baptismus</strong></span> <span class='ocrx_word' id='word_1_404' title='bbox 1041 3053 1078 3111; x_wconf 81' lang='lat' dir='ltr'><strong>sb</strong></span> <span class='ocrx_word' id='word_1_405' title='bbox 1098 3070 1130 3108; x_wconf 90' lang='lat' dir='ltr'><strong>eo</strong></span> <span class='ocrx_word' id='word_1_406' title='bbox 1150 3051 1242 3107; x_wconf 76' lang='lat' dir='ltr'><strong>conte</strong></span> <span class='ocrx_word' id='word_1_407' title='bbox 1269 3066 1347 3102; x_wconf 85' lang='lat' dir='ltr'><strong>crum</strong></span> <span class='ocrx_word' id='word_1_408' title='bbox 1363 3049 1539 3119; x_wconf 80' lang='lat' dir='ltr'><strong>reprobavit,</strong></span> <span class='ocrx_word' id='word_1_409' title='bbox 1561 3051 1646 3115; x_wconf 79' lang='lat' dir='ltr'><strong>fidem</strong></span> <span class='ocrx_word' id='word_1_410' title='bbox 1663 3068 1698 3104; x_wconf 90' lang='lat' dir='ltr'><strong>ac</strong></span> <span class='ocrx_word' id='word_1_411' title='bbox 1715 3051 1932 3121; x_wconf 72' lang='lat' dir='ltr'><strong>confessiorem,</strong></span> <span class='ocrx_word' id='word_1_412' title='bbox 1949 3068 2023 3121; x_wconf 82' lang='lat' dir='ltr'><strong>qssae</strong></span> <span class='ocrx_word' id='word_1_413' title='bbox 2041 3059 2106 3107; x_wconf 89' lang='lat' dir='ltr'><strong>ante</strong></span> 
     </span>
    </p>

    <p class='ocr_par' dir='ltr' id='par_1_29' title="bbox 407 3136 2106 3210">
     <span class='ocr_line' id='line_1_30' title="bbox 407 3136 2106 3210; baseline 0 -17"><span class='ocrx_word' id='word_1_414' title='bbox 407 3143 493 3204; x_wconf 83' lang='lat' dir='ltr'><strong>ratur,</strong></span> <span class='ocrx_word' id='word_1_415' title='bbox 512 3140 592 3210; x_wconf 86' lang='lat' dir='ltr'><strong>cnjus</strong></span> <span class='ocrx_word' id='word_1_416' title='bbox 609 3138 717 3194; x_wconf 83' lang='lat' dir='ltr'><strong>vocatio</strong></span> <span class='ocrx_word' id='word_1_417' title='bbox 735 3156 791 3195; x_wconf 92' lang='lat' dir='ltr'><strong>non</strong></span> <span class='ocrx_word' id='word_1_418' title='bbox 809 3146 852 3195; x_wconf 89' lang='lat' dir='ltr'><strong>est</strong></span> <span class='ocrx_word' id='word_1_419' title='bbox 867 3140 958 3194; x_wconf 92' lang='lat' dir='ltr'><strong>modis</strong></span> <span class='ocrx_word' id='word_1_420' title='bbox 976 3139 1104 3195; x_wconf 91' lang='lat' dir='ltr'><strong>omnibus</strong></span> <span class='ocrx_word' id='word_1_421' title='bbox 1117 3137 1244 3210; x_wconf 79' lang='lat' dir='ltr'><strong>legitime</strong></span> <span class='ocrx_word' id='word_1_422' title='bbox 1270 3136 1436 3205; x_wconf 85' lang='lat' dir='ltr'><strong>baptismum</strong></span> <span class='ocrx_word' id='word_1_423' title='bbox 1456 3136 1594 3204; x_wconf 71' lang='lat' dir='ltr'><strong>sumunt,</strong></span> <span class='ocrx_word' id='word_1_424' title='bbox 1618 3136 1752 3191; x_wconf 81' lang='lat' dir='ltr'><strong>subvertit</strong></span> <span class='ocrx_word' id='word_1_425' title='bbox 1772 3155 1806 3191; x_wconf 89' lang='lat' dir='ltr'><strong>ac</strong></span> <span class='ocrx_word' id='word_1_426' title='bbox 1825 3137 1962 3208; x_wconf 74' lang='lat' dir='ltr'><strong>Spiritsnn</strong></span> <span class='ocrx_word' id='word_1_427' title='bbox 1979 3147 2106 3193; x_wconf 87' lang='lat' dir='ltr'><strong>sanetum</strong></span> 
     </span>
    </p>

    <p class='ocr_par' dir='ltr' id='par_1_30' title="bbox 408 3222 2107 3297">
     <span class='ocr_line' id='line_1_31' title="bbox 408 3222 2107 3297; baseline 0 -17"><span class='ocrx_word' id='word_1_428' title='bbox 408 3223 454 3280; x_wconf 78' lang='lat' dir='ltr'><strong>vel</strong></span> <span class='ocrx_word' id='word_1_429' title='bbox 468 3223 540 3280; x_wconf 84' lang='lat' dir='ltr'><strong>fides</strong></span> <span class='ocrx_word' id='word_1_430' title='bbox 557 3231 641 3289; x_wconf 85' lang='lat' dir='ltr'><strong>recta,</strong></span> <span class='ocrx_word' id='word_1_431' title='bbox 660 3241 693 3281; x_wconf 86' lang='lat' dir='ltr'><strong>er</strong></span> <span class='ocrx_word' id='word_1_432' title='bbox 706 3241 739 3280; x_wconf 89' lang='lat' dir='ltr'><strong>eo</strong></span> <span class='ocrx_word' id='word_1_433' title='bbox 750 3225 906 3296; x_wconf 75' lang='lat' dir='ltr'><strong>integritati</strong></span> <span class='ocrx_word' id='word_1_434' title='bbox 917 3230 947 3281; x_wconf 88' lang='lat' dir='ltr'><strong>et</strong></span> <span class='ocrx_word' id='word_1_435' title='bbox 959 3224 1100 3281; x_wconf 83' lang='lat' dir='ltr'><strong>efficaciae</strong></span> <span class='ocrx_word' id='word_1_436' title='bbox 1112 3224 1243 3296; x_wconf 85' lang='lat' dir='ltr'><strong>baptismi</strong></span> <span class='ocrx_word' id='word_1_437' title='bbox 1270 3239 1303 3276; x_wconf 82' lang='lat' dir='ltr'><strong>ec</strong></span> <span class='ocrx_word' id='word_1_438' title='bbox 1322 3222 1397 3291; x_wconf 85' lang='lat' dir='ltr'><strong>iltis,</strong></span> <span class='ocrx_word' id='word_1_439' title='bbox 1416 3223 1527 3276; x_wconf 89' lang='lat' dir='ltr'><strong>etiamsi</strong></span> <span class='ocrx_word' id='word_1_440' title='bbox 1543 3239 1608 3293; x_wconf 87' lang='lat' dir='ltr'><strong>spes</strong></span> <span class='ocrx_word' id='word_1_441' title='bbox 1628 3232 1668 3277; x_wconf 88' lang='lat' dir='ltr'><strong>est</strong></span> <span class='ocrx_word' id='word_1_442' title='bbox 1686 3223 1798 3294; x_wconf 79' lang='lat' dir='ltr'><strong>atiquo,</strong></span> <span class='ocrx_word' id='word_1_443' title='bbox 1827 3225 1904 3293; x_wconf 83' lang='lat' dir='ltr'><strong>qssod</strong></span> <span class='ocrx_word' id='word_1_444' title='bbox 1923 3224 1967 3278; x_wconf 85' lang='lat' dir='ltr'><strong>set</strong></span> <span class='ocrx_word' id='word_1_445' title='bbox 1985 3226 2017 3279; x_wconf 89' lang='lat' dir='ltr'><strong>in</strong></span> <span class='ocrx_word' id='word_1_446' title='bbox 2035 3226 2107 3297; x_wconf 84' lang='lat' dir='ltr'><strong>ipsis</strong></span> 
     </span>
    </p>

    <p class='ocr_par' dir='ltr' id='par_1_31' title="bbox 409 3309 2108 3382">
     <span class='ocr_line' id='line_1_32' title="bbox 409 3309 2108 3382; baseline 0.001 -17"><span class='ocrx_word' id='word_1_447' title='bbox 409 3309 480 3365; x_wconf 88' lang='lat' dir='ltr'><strong>nihil</strong></span> <span class='ocrx_word' id='word_1_448' title='bbox 500 3310 634 3367; x_wconf 87' lang='lat' dir='ltr'><strong>decedere</strong></span> <span class='ocrx_word' id='word_1_449' title='bbox 658 3312 819 3380; x_wconf 75' lang='lat' dir='ltr'><strong>asserimus,</strong></span> <span class='ocrx_word' id='word_1_450' title='bbox 847 3313 930 3368; x_wconf 89' lang='lat' dir='ltr'><strong>modo</strong></span> <span class='ocrx_word' id='word_1_451' title='bbox 954 3310 1151 3367; x_wconf 83' lang='lat' dir='ltr'><strong>substantialia</strong></span> <span class='ocrx_word' id='word_1_452' title='bbox 1171 3313 1244 3382; x_wconf 76' lang='lat' dir='ltr'><strong>eJus·</strong></span> <span class='ocrx_word' id='word_1_453' title='bbox 1271 3317 1391 3377; x_wconf 87' lang='lat' dir='ltr'><strong>maneat,</strong></span> <span class='ocrx_word' id='word_1_454' title='bbox 1411 3310 1456 3363; x_wconf 89' lang='lat' dir='ltr'><strong>set</strong></span> <span class='ocrx_word' id='word_1_455' title='bbox 1473 3309 1619 3363; x_wconf 84' lang='lat' dir='ltr'><strong>rediturus</strong></span> <span class='ocrx_word' id='word_1_456' title='bbox 1636 3309 1674 3363; x_wconf 91' lang='lat' dir='ltr'><strong>sit</strong></span> <span class='ocrx_word' id='word_1_457' title='bbox 1674 3327 1820 3381; x_wconf 61' lang='lat' dir='ltr'><strong>,morsus</strong></span> <span class='ocrx_word' id='word_1_458' title='bbox 1832 3310 2006 3381; x_wconf 83' lang='lat' dir='ltr'><strong>proflipasit.</strong></span> <span class='ocrx_word' id='word_1_459' title='bbox 2033 3329 2059 3370; x_wconf 90' lang='lat' dir='ltr'><strong>c.</strong></span> <span class='ocrx_word' id='word_1_460' title='bbox 2079 3318 2108 3369; x_wconf 85' lang='lat'><strong>8:</strong></span> 
     </span>
    </p>

    <p class='ocr_par' dir='ltr' id='par_1_32' title="bbox 411 3394 2108 3466">
     <span class='ocr_line' id='line_1_33' title="bbox 411 3394 2108 3466; baseline 0.001 -14"><span class='ocrx_word' id='word_1_461' title='bbox 411 3397 475 3452; x_wconf 85' lang='lat' dir='ltr'><strong>dem</strong></span> <span class='ocrx_word' id='word_1_462' title='bbox 490 3397 544 3453; x_wconf 89' lang='lat' dir='ltr'><strong>rite</strong></span> <span class='ocrx_word' id='word_1_463' title='bbox 560 3399 749 3453; x_wconf 85' lang='lat' dir='ltr'><strong>observentur.</strong></span> <span class='ocrx_word' id='word_1_464' title='bbox 1272 3395 1375 3448; x_wconf 75' lang='lat' dir='ltr'><strong>Enaat</strong></span> <span class='ocrx_word' id='word_1_465' title='bbox 1398 3402 1424 3448; x_wconf 92' lang='lat' dir='ltr'><strong>et</strong></span> <span class='ocrx_word' id='word_1_466' title='bbox 1449 3395 1548 3465; x_wconf 87' lang='lat' dir='ltr'><strong>quinta</strong></span> <span class='ocrx_word' id='word_1_467' title='bbox 1572 3395 1652 3450; x_wconf 87' lang='lat' dir='ltr'><strong>itlius</strong></span> <span class='ocrx_word' id='word_1_468' title='bbox 1670 3396 1791 3464; x_wconf 68' lang='lat' dir='ltr'><strong>epistota</strong></span> <span class='ocrx_word' id='word_1_469' title='bbox 1809 3397 1851 3450; x_wconf 84' lang='lat' dir='ltr'><strong>ad</strong></span> <span class='ocrx_word' id='word_1_470' title='bbox 1866 3394 1984 3466; x_wconf 76' lang='lat' dir='ltr'><strong>Xystum</strong></span> <span class='ocrx_word' id='word_1_471' title='bbox 2002 3398 2108 3453; x_wconf 83' lang='lat' dir='ltr'><strong>Roma·</strong></span> 
     </span>
    </p>

    <p class='ocr_par' dir='ltr' id='par_1_33' title="bbox 282 3482 2108 3553">
     <span class='ocr_line' id='line_1_34' title="bbox 282 3482 2108 3553; baseline -0.001 -14"><span class='ocrx_word' id='word_1_472' title='bbox 282 3484 364 3525; x_wconf 66' lang='lat'><strong>³³¹0·</strong></span> <span class='ocrx_word' id='word_1_473' title='bbox 446 3489 488 3541; x_wconf 90' lang='grc'><strong>23.</strong></span> <span class='ocrx_word' id='word_1_474' title='bbox 523 3484 623 3539; x_wconf 81' lang='lat' dir='ltr'><strong>Fidem</strong></span> <span class='ocrx_word' id='word_1_475' title='bbox 647 3484 779 3539; x_wconf 87' lang='lat' dir='ltr'><strong>rectam&#39;</strong></span> <span class='ocrx_word' id='word_1_476' title='bbox 771 3502 801 3537; x_wconf 84' lang='grc' dir='ltr'><strong>ιιι</strong></span> <span class='ocrx_word' id='word_1_477' title='bbox 820 3482 983 3553; x_wconf 83' lang='lat' dir='ltr'><strong>baptisante</strong></span> <span class='ocrx_word' id='word_1_478' title='bbox 1000 3483 1036 3538; x_wconf 87' lang='lat' dir='ltr'><strong>ad</strong></span> <span class='ocrx_word' id='word_1_479' title='bbox 1053 3483 1212 3553; x_wconf 79' lang='lat' dir='ltr'><strong>baptismi</strong></span> <span class='ocrx_word' id='word_1_480' title='bbox 1204 3502 1245 3537; x_wconf 85' lang='lat' dir='ltr'><strong>sn·</strong></span> <span class='ocrx_word' id='word_1_481' title='bbox 1272 3500 1337 3534; x_wconf 90' lang='lat' dir='ltr'><strong>num</strong></span> <span class='ocrx_word' id='word_1_482' title='bbox 1357 3482 1518 3553; x_wconf 70' lang='lat' dir='ltr'><strong>episcopam</strong></span> <span class='ocrx_word' id='word_1_483' title='bbox 1535 3490 1656 3551; x_wconf 73' lang='lat' dir='ltr'><strong>scripta,</strong></span> <span class='ocrx_word' id='word_1_484' title='bbox 1682 3484 1714 3536; x_wconf 88' lang='lat' dir='ltr'><strong>in</strong></span> <span class='ocrx_word' id='word_1_485' title='bbox 1731 3498 1801 3552; x_wconf 82' lang='lat' dir='ltr'><strong>pua,</strong></span> <span class='ocrx_word' id='word_1_486' title='bbox 1825 3500 1886 3537; x_wconf 91' lang='lat' dir='ltr'><strong>cum</strong></span> <span class='ocrx_word' id='word_1_487' title='bbox 1903 3484 1992 3537; x_wconf 71' lang='lat' dir='ltr'><strong>mitta</strong></span> <span class='ocrx_word' id='word_1_488' title='bbox 2010 3486 2108 3539; x_wconf 62' lang='lat' dir='ltr'><strong>aeirem</strong></span> 
     </span>
    </p>

    <p class='ocr_par' dir='ltr' id='par_1_34' title="bbox 285 3536 2110 3641">
     <span class='ocr_line' id='line_1_35' title="bbox 285 3536 2110 3641; baseline -0.002 -12.967"><span class='ocrx_word' id='word_1_489' title='bbox 285 3536 397 3628; x_wconf 35' lang='lat' dir='ltr'><strong>vidire</strong></span> <span class='ocrx_word' id='word_1_490' title='bbox 409 3569 569 3641; x_wconf 75' lang='lat' dir='ltr'><strong>tegdtetem</strong></span> <span class='ocrx_word' id='word_1_491' title='bbox 595 3569 698 3640; x_wconf 89' lang='lat' dir='ltr'><strong>requiri</strong></span> <span class='ocrx_word' id='word_1_492' title='bbox 723 3586 758 3624; x_wconf 88' lang='lat' dir='ltr'><strong>ec</strong></span> <span class='ocrx_word' id='word_1_493' title='bbox 787 3568 908 3639; x_wconf 88' lang='lat' dir='ltr'><strong>proinde</strong></span> <span class='ocrx_word' id='word_1_494' title='bbox 928 3568 1098 3639; x_wconf 82' lang='lat' dir='ltr'><strong>baptismum</strong></span> <span class='ocrx_word' id='word_1_495' title='bbox 1117 3570 1154 3624; x_wconf 88' lang='lat' dir='ltr'><strong>ab</strong></span> <span class='ocrx_word' id='word_1_496' title='bbox 1179 3569 1244 3637; x_wconf 86' lang='lat' dir='ltr'><strong>illis,</strong></span> <span class='ocrx_word' id='word_1_497' title='bbox 1272 3585 1320 3621; x_wconf 91' lang='lat' dir='ltr'><strong>sas</strong></span> <span class='ocrx_word' id='word_1_498' title='bbox 1346 3567 1502 3622; x_wconf 80' lang='lat' dir='ltr'><strong>haereticos</strong></span> <span class='ocrx_word' id='word_1_499' title='bbox 1526 3568 1657 3637; x_wconf 79' lang='lat' dir='ltr'><strong>dins&#39;sset,</strong></span> <span class='ocrx_word' id='word_1_500' title='bbox 1690 3568 1746 3622; x_wconf 86' lang='lat' dir='ltr'><strong>tate</strong></span> <span class='ocrx_word' id='word_1_501' title='bbox 1778 3568 1888 3637; x_wconf 85' lang='lat' dir='ltr'><strong>quid</strong></span> <span class='ocrx_word' id='word_1_502' title='bbox 1875 3569 1966 3638; x_wconf 75' lang='lat' dir='ltr'><strong>psius</strong></span> <span class='ocrx_word' id='word_1_503' title='bbox 1988 3577 2110 3640; x_wconf 83' lang='lat' dir='ltr'><strong>tempore</strong></span> 
     </span>
    </p>

    <p class='ocr_par' dir='ltr' id='par_1_35' title="bbox 283 3609 2109 3738">
     <span class='ocr_line' id='line_1_36' title="bbox 283 3609 2109 3738; baseline 0 -29"><span class='ocrx_word' id='word_1_504' title='bbox 283 3646 382 3738; x_wconf 60' lang='lat' dir='ltr'><strong>ffl&#39;ffi</strong></span> <span class='ocrx_word' id='word_1_505' title='bbox 412 3655 461 3725; x_wconf 89' lang='lat' dir='ltr'><strong>qui</strong></span> <span class='ocrx_word' id='word_1_506' title='bbox 486 3653 551 3710; x_wconf 87' lang='lat' dir='ltr'><strong>fidei</strong></span> <span class='ocrx_word' id='word_1_507' title='bbox 577 3654 734 3710; x_wconf 86' lang='lat' dir='ltr'><strong>sinceritate</strong></span> <span class='ocrx_word' id='word_1_508' title='bbox 760 3660 789 3709; x_wconf 88' lang='lat' dir='ltr'><strong>et</strong></span> <span class='ocrx_word' id='word_1_509' title='bbox 811 3653 917 3709; x_wconf 83' lang='lat' dir='ltr'><strong>unitate</strong></span> <span class='ocrx_word' id='word_1_510' title='bbox 935 3671 1017 3712; x_wconf 84' lang='lat' dir='ltr'><strong>serae</strong></span> <span class='ocrx_word' id='word_1_511' title='bbox 1036 3655 1170 3711; x_wconf 85' lang='lat' dir='ltr'><strong>ecclesiae</strong></span> <span class='ocrx_word' id='word_1_512' title='bbox 1189 3672 1245 3710; x_wconf 91' lang='lat' dir='ltr'><strong>non</strong></span> <span class='ocrx_word' id='word_1_513' title='bbox 1264 3655 1381 3721; x_wconf 85' lang='lat' dir='ltr'><strong>saetam</strong></span> <span class='ocrx_word' id='word_1_514' title='bbox 1408 3671 1468 3708; x_wconf 87' lang='lat' dir='ltr'><strong>esse</strong></span> <span class='ocrx_word' id='word_1_515' title='bbox 1495 3663 1596 3708; x_wconf 85' lang='lat' dir='ltr'><strong>narrat</strong></span> <span class='ocrx_word' id='word_1_516' title='bbox 1625 3609 1738 3709; x_wconf 82' lang='lat' dir='ltr'><strong>diccns.</strong></span> <span class='ocrx_word' id='word_1_517' title='bbox 1768 3656 1880 3710; x_wconf 83' lang='lat' dir='ltr'><strong>Etenim</strong></span> <span class='ocrx_word' id='word_1_518' title='bbox 1905 3673 2020 3721; x_wconf 85' lang='lat' dir='ltr'><strong>revera,</strong></span> <span class='ocrx_word' id='word_1_519' title='bbox 2045 3659 2109 3723; x_wconf 71' lang='lat' dir='ltr'><strong>fra·</strong></span> 
     </span>
    </p>

    <p class='ocr_par' dir='ltr' id='par_1_36' title="bbox 284 3739 2110 3824">
     <span class='ocr_line' id='line_1_37' title="bbox 284 3739 2110 3824; baseline 0.004 -34"><span class='ocrx_word' id='word_1_520' title='bbox 284 3753 354 3791; x_wconf 74' lang='lat' dir='ltr'><strong>rens</strong></span> <span class='ocrx_word' id='word_1_521' title='bbox 412 3746 478 3824; x_wconf 79' lang='lat' dir='ltr'><strong>sunt</strong></span> <span class='ocrx_word' id='word_1_522' title='bbox 495 3739 652 3810; x_wconf 86' lang='lat' dir='ltr'><strong>conjuncti,</strong></span> <span class='ocrx_word' id='word_1_523' title='bbox 672 3741 725 3794; x_wconf 91' lang='lat' dir='ltr'><strong>hoc</strong></span> <span class='ocrx_word' id='word_1_524' title='bbox 742 3748 785 3795; x_wconf 88' lang='lat' dir='ltr'><strong>est</strong></span> <span class='ocrx_word' id='word_1_525' title='bbox 804 3740 841 3796; x_wconf 86' lang='lat' dir='ltr'><strong>ab</strong></span> <span class='ocrx_word' id='word_1_526' title='bbox 862 3740 1007 3797; x_wconf 86' lang='lat' dir='ltr'><strong>haereticis</strong></span> <span class='ocrx_word' id='word_1_527' title='bbox 1027 3741 1072 3797; x_wconf 89' lang='lat' dir='ltr'><strong>vel</strong></span> <span class='ocrx_word' id='word_1_528' title='bbox 1092 3741 1245 3797; x_wconf 84' lang='lat' dir='ltr'><strong>schismati·</strong></span> <span class='ocrx_word' id='word_1_529' title='bbox 1272 3748 1329 3809; x_wconf 85' lang='lat' dir='ltr'><strong>ter,</strong></span> <span class='ocrx_word' id='word_1_530' title='bbox 1358 3742 1477 3821; x_wconf 74' lang='lat' dir='ltr'><strong>cmsstio</strong></span> <span class='ocrx_word' id='word_1_531' title='bbox 1507 3759 1578 3812; x_wconf 86' lang='lat' dir='ltr'><strong>opus</strong></span> <span class='ocrx_word' id='word_1_532' title='bbox 1603 3742 1689 3796; x_wconf 82' lang='lat' dir='ltr'><strong>tabeo</strong></span> <span class='ocrx_word' id='word_1_533' title='bbox 1717 3748 1743 3795; x_wconf 90' lang='lat' dir='ltr'><strong>et</strong></span> <span class='ocrx_word' id='word_1_534' title='bbox 1768 3750 1843 3796; x_wconf 88' lang='lat' dir='ltr'><strong>tuam</strong></span> <span class='ocrx_word' id='word_1_535' title='bbox 1870 3744 2036 3798; x_wconf 89' lang='lat' dir='ltr'><strong>sententiam</strong></span> <span class='ocrx_word' id='word_1_536' title='bbox 2060 3744 2110 3798; x_wconf 83' lang='lat' dir='ltr'><strong>abs</strong></span> 
     </span>
    </p>

    <p class='ocr_par' dir='ltr' id='par_1_37' title="bbox 324 3825 2110 3900">
     <span class='ocr_line' id='line_1_38' title="bbox 324 3825 2110 3900; baseline 0.003 -20"><span class='ocrx_word' id='word_1_537' title='bbox 324 3833 327 3844; x_wconf 83' lang='grc'><em>“</em></span> <span class='ocrx_word' id='word_1_538' title='bbox 411 3825 452 3881; x_wconf 88' lang='lat' dir='ltr'><strong>cis</strong></span> <span class='ocrx_word' id='word_1_539' title='bbox 486 3826 619 3881; x_wconf 82' lang='lat' dir='ltr'><strong>collatum</strong></span> <span class='ocrx_word' id='word_1_540' title='bbox 650 3826 823 3882; x_wconf 84' lang='lat' dir='ltr'><strong>inefficacem</strong></span> <span class='ocrx_word' id='word_1_541' title='bbox 854 3827 973 3900; x_wconf 87' lang='lat' dir='ltr'><strong>ideoque</strong></span> <span class='ocrx_word' id='word_1_542' title='bbox 1001 3827 1156 3884; x_wconf 87' lang='lat' dir='ltr'><strong>iterandum</strong></span> <span class='ocrx_word' id='word_1_543' title='bbox 1185 3844 1246 3884; x_wconf 89' lang='lat' dir='ltr'><strong>esse</strong></span> <span class='ocrx_word' id='word_1_544' title='bbox 1272 3835 1298 3879; x_wconf 89' lang='lat' dir='ltr'><strong>te</strong></span> <span class='ocrx_word' id='word_1_545' title='bbox 1312 3835 1389 3895; x_wconf 91' lang='lat' dir='ltr'><strong>peta,</strong></span> <span class='ocrx_word' id='word_1_546' title='bbox 1407 3830 1485 3896; x_wconf 80' lang='lat' dir='ltr'><strong>qaod</strong></span> <span class='ocrx_word' id='word_1_547' title='bbox 1501 3829 1558 3882; x_wconf 85' lang='lat' dir='ltr'><strong>tale</strong></span> <span class='ocrx_word' id='word_1_548' title='bbox 1579 3830 1651 3898; x_wconf 87' lang='lat' dir='ltr'><strong>qnid</strong></span> <span class='ocrx_word' id='word_1_549' title='bbox 1668 3830 1739 3884; x_wconf 76' lang='lat' dir='ltr'><strong>mebi</strong></span> <span class='ocrx_word' id='word_1_550' title='bbox 1754 3830 1898 3899; x_wconf 81' lang='lat' dir='ltr'><strong>acciderit,</strong></span> <span class='ocrx_word' id='word_1_551' title='bbox 1918 3833 2110 3895; x_wconf 69' lang='lat' dir='ltr'><strong>undecennes,</strong></span> 
     </span>
    </p>

    <p class='ocr_par' dir='ltr' id='par_1_38' title="bbox 329 3911 2109 3987">
     <span class='ocr_line' id='line_1_39' title="bbox 329 3911 2109 3987; baseline 0.002 -20"><span class='ocrx_word' id='word_1_552' title='bbox 329 3967 335 3980; x_wconf 70' lang='grc'>,</span> <span class='ocrx_word' id='word_1_553' title='bbox 411 3911 559 3967; x_wconf 80' lang='lat' dir='ltr'><strong>voluerunt</strong></span> <span class='ocrx_word' id='word_1_554' title='bbox 578 3912 735 3983; x_wconf 85' lang='lat' dir='ltr'><strong>Cyprianus</strong></span> <span class='ocrx_word' id='word_1_555' title='bbox 762 3917 791 3967; x_wconf 87' lang='lat' dir='ltr'><strong>et</strong></span> <span class='ocrx_word' id='word_1_556' title='bbox 814 3913 924 3968; x_wconf 88' lang='lat' dir='ltr'><strong>concilii</strong></span> <span class='ocrx_word' id='word_1_557' title='bbox 949 3911 1174 3986; x_wconf 72' lang='lat' dir='ltr'><strong>carthaginensis</strong></span> <span class='ocrx_word' id='word_1_558' title='bbox 1198 3932 1246 3985; x_wconf 89' lang='lat' dir='ltr'><strong>pa·</strong></span> <span class='ocrx_word' id='word_1_559' title='bbox 1271 3930 1306 3967; x_wconf 89' lang='lat' dir='ltr'><strong>ne</strong></span> <span class='ocrx_word' id='word_1_560' title='bbox 1323 3914 1424 3976; x_wconf 78' lang='lat' dir='ltr'><strong>sallas</strong></span> <span class='ocrx_word' id='word_1_561' title='bbox 1462 3914 1531 3968; x_wconf 82' lang='lat' dir='ltr'><strong>Cam</strong></span> <span class='ocrx_word' id='word_1_562' title='bbox 1547 3916 1662 3983; x_wconf 83' lang='lat' dir='ltr'><strong>fratres</strong></span> <span class='ocrx_word' id='word_1_563' title='bbox 1678 3925 1770 3971; x_wconf 84' lang='lat' dir='ltr'><strong>essent</strong></span> <span class='ocrx_word' id='word_1_564' title='bbox 1786 3918 1961 3986; x_wconf 80' lang='lat' dir='ltr'><strong>conprepati,</strong></span> <span class='ocrx_word' id='word_1_565' title='bbox 1982 3919 2028 3971; x_wconf 85' lang='lat' dir='ltr'><strong>ais·</strong></span> <span class='ocrx_word' id='word_1_566' title='bbox 2050 3918 2109 3987; x_wconf 83' lang='lat' dir='ltr'><strong>qui</strong></span> 
     </span>
    </p>

    <p class='ocr_par' dir='ltr' id='par_1_39' title="bbox 286 3996 2109 4075">
     <span class='ocr_line' id='line_1_40' title="bbox 286 3996 2109 4075; baseline 0.003 -20"><span class='ocrx_word' id='word_1_567' title='bbox 286 4002 477 4055; x_wconf 61' lang='lat' dir='ltr'><strong>erflwlwtres</strong></span> <span class='ocrx_word' id='word_1_568' title='bbox 507 3997 645 4053; x_wconf 86' lang='lat' dir='ltr'><strong>Eusebius</strong></span> <span class='ocrx_word' id='word_1_569' title='bbox 662 3996 710 4053; x_wconf 86' lang='lat' dir='ltr'><strong>tib.</strong></span> <span class='ocrx_word' id='word_1_570' title='bbox 730 4005 754 4053; x_wconf 84' lang='lat' dir='ltr'><strong>t.</strong></span> <span class='ocrx_word' id='word_1_571' title='bbox 772 3997 835 4053; x_wconf 87' lang='lat' dir='ltr'><strong>hist.</strong></span> <span class='ocrx_word' id='word_1_572' title='bbox 854 3998 951 4055; x_wconf 86' lang='lat' dir='ltr'><strong>eccles.</strong></span> <span class='ocrx_word' id='word_1_573' title='bbox 970 4015 994 4054; x_wconf 92' lang='lat' dir='ltr'><strong>c.</strong></span> <span class='ocrx_word' id='word_1_574' title='bbox 1013 4006 1044 4055; x_wconf 90' lang='grc'><strong>2.</strong></span> <span class='ocrx_word' id='word_1_575' title='bbox 1063 4002 1113 4053; x_wconf 83' lang='lat' dir='ltr'><strong>Act</strong></span> <span class='ocrx_word' id='word_1_576' title='bbox 1128 3999 1246 4069; x_wconf 80' lang='lat' dir='ltr'><strong>Stcpba-</strong></span> <span class='ocrx_word' id='word_1_577' title='bbox 1273 4002 1340 4053; x_wconf 90' lang='lat' dir='ltr'><strong>dam</strong></span> <span class='ocrx_word' id='word_1_578' title='bbox 1358 4000 1560 4055; x_wconf 63' lang='lat' dir='ltr'><strong>existimatione</strong></span> <span class='ocrx_word' id='word_1_579' title='bbox 1571 4003 1680 4071; x_wconf 78' lang='lat' dir='ltr'><strong>fidelis,</strong></span> <span class='ocrx_word' id='word_1_580' title='bbox 1698 4003 1829 4072; x_wconf 87' lang='lat' dir='ltr'><strong>antiquus</strong></span> <span class='ocrx_word' id='word_1_581' title='bbox 1847 4012 1873 4059; x_wconf 89' lang='lat' dir='ltr'><strong>et</strong></span> <span class='ocrx_word' id='word_1_582' title='bbox 1889 4013 2042 4073; x_wconf 80' lang='lat' dir='ltr'><strong>antequam</strong></span> <span class='ocrx_word' id='word_1_583' title='bbox 2059 4022 2109 4075; x_wconf 80' lang='lat' dir='ltr'><strong>spo</strong></span> 
     </span>
    </p>
   </div>
   <div class='ocr_carea' id='block_1_3' title="bbox 286 4054 2108 4161">
    <p class='ocr_par' dir='ltr' id='par_1_40' title="bbox 286 4054 2108 4161">
     <span class='ocr_line' id='line_1_41' title="bbox 286 4054 2108 4161; baseline -0.001 -14"><span class='ocrx_word' id='word_1_584' title='bbox 286 4055 316 4147; x_wconf 76' lang='lat' dir='ltr'><strong>ii</strong></span> <span class='ocrx_word' id='word_1_585' title='bbox 318 4054 394 4146; x_wconf 52' lang='grc' dir='ltr'>Ἥ</span> <span class='ocrx_word' id='word_1_586' title='bbox 413 4102 479 4139; x_wconf 91' lang='lat' dir='ltr'><strong>num</strong></span> <span class='ocrx_word' id='word_1_587' title='bbox 491 4084 662 4156; x_wconf 90' lang='lat' dir='ltr'><strong>(episcopum</strong></span> <span class='ocrx_word' id='word_1_588' title='bbox 674 4084 840 4153; x_wconf 78' lang='lat' dir='ltr'><strong>Romanum)</strong></span> <span class='ocrx_word' id='word_1_589' title='bbox 852 4086 1246 4155; x_wconf 72' lang='lat' dir='ltr'><strong>DionysiastAlexsndrinns)</strong></span> <span class='ocrx_word' id='word_1_590' title='bbox 1274 4086 1424 4139; x_wconf 84' lang='lat' dir='ltr'><strong>ordinarer</strong></span> <span class='ocrx_word' id='word_1_591' title='bbox 1442 4088 1556 4157; x_wconf 83' lang='lat' dir='ltr'><strong>(opinor</strong></span> <span class='ocrx_word' id='word_1_592' title='bbox 1577 4096 1669 4142; x_wconf 86' lang='lat' dir='ltr'><strong>antem</strong></span> <span class='ocrx_word' id='word_1_593' title='bbox 1686 4097 1713 4143; x_wconf 90' lang='lat' dir='ltr'><strong>et</strong></span> <span class='ocrx_word' id='word_1_594' title='bbox 1730 4097 1795 4143; x_wconf 90' lang='lat' dir='ltr'><strong>ante</strong></span> <span class='ocrx_word' id='word_1_595' title='bbox 1813 4091 1921 4145; x_wconf 85' lang='lat' dir='ltr'><strong>beatum</strong></span> <span class='ocrx_word' id='word_1_596' title='bbox 1941 4091 2108 4161; x_wconf 85' lang='lat' dir='ltr'><strong>Heraclam)</strong></span> 
     </span>
    </p>
   </div>
   <div class='ocr_carea' id='block_1_4' title="bbox 278 4157 2111 5803">
    <p class='ocr_par' dir='ltr' id='par_1_41' title="bbox 278 4157 2111 5717">
     <span class='ocr_line' id='line_1_42' title="bbox 278 4157 2108 4250; baseline 0.005 -27"><span class='ocrx_word' id='word_1_597' title='bbox 278 4157 371 4250; x_wconf 47' lang='grc' dir='ltr'><strong>’ξξζξη</strong></span> <span class='ocrx_word' id='word_1_598' title='bbox 409 4169 534 4240; x_wconf 84' lang='lat' dir='ltr'><strong>primam</strong></span> <span class='ocrx_word' id='word_1_599' title='bbox 560 4188 594 4225; x_wconf 84' lang='lat' dir='ltr'><strong>en</strong></span> <span class='ocrx_word' id='word_1_600' title='bbox 619 4172 747 4240; x_wconf 85' lang='lat' dir='ltr'><strong>epistolis</strong></span> <span class='ocrx_word' id='word_1_601' title='bbox 776 4172 811 4225; x_wconf 90' lang='lat' dir='ltr'><strong>de</strong></span> <span class='ocrx_word' id='word_1_602' title='bbox 845 4172 1008 4242; x_wconf 83' lang='lat' dir='ltr'><strong>baptismate</strong></span> <span class='ocrx_word' id='word_1_603' title='bbox 1036 4173 1134 4226; x_wconf 83' lang='lat' dir='ltr'><strong>scribit</strong></span> <span class='ocrx_word' id='word_1_604' title='bbox 1123 4180 1247 4241; x_wconf 87' lang='lat' dir='ltr'><strong>tquae·</strong></span> <span class='ocrx_word' id='word_1_605' title='bbox 1274 4173 1459 4227; x_wconf 85' lang='lat' dir='ltr'><strong>ecclcsiastici</strong></span> <span class='ocrx_word' id='word_1_606' title='bbox 1481 4181 1575 4228; x_wconf 87' lang='lat' dir='ltr'><strong>coetus</strong></span> <span class='ocrx_word' id='word_1_607' title='bbox 1601 4175 1762 4245; x_wconf 86' lang='lat' dir='ltr'><strong>particeps,</strong></span> <span class='ocrx_word' id='word_1_608' title='bbox 1791 4176 1859 4229; x_wconf 86' lang='lat' dir='ltr'><strong>dum</strong></span> <span class='ocrx_word' id='word_1_609' title='bbox 1881 4194 1972 4247; x_wconf 87' lang='lat' dir='ltr'><strong>nuper</strong></span> <span class='ocrx_word' id='word_1_610' title='bbox 1991 4177 2108 4249; x_wconf 69' lang='lat' dir='ltr'><strong>qmdam</strong></span> 
     </span>
     <span class='ocr_line' id='line_1_43' title="bbox 414 4256 2108 4331; baseline 0.006 -22"><span class='ocrx_word' id='word_1_611' title='bbox 414 4256 503 4311; x_wconf 88' lang='lat' dir='ltr'><strong>stione</strong></span> <span class='ocrx_word' id='word_1_612' title='bbox 519 4258 598 4311; x_wconf 80' lang='lat' dir='ltr'><strong>haud</strong></span> <span class='ocrx_word' id='word_1_613' title='bbox 614 4259 727 4312; x_wconf 85' lang='lat' dir='ltr'><strong>modica</strong></span> <span class='ocrx_word' id='word_1_614' title='bbox 744 4265 803 4312; x_wconf 89' lang='lat' dir='ltr'><strong>tam</strong></span> <span class='ocrx_word' id='word_1_615' title='bbox 820 4258 954 4327; x_wconf 86' lang='lat' dir='ltr'><strong>temporis</strong></span> <span class='ocrx_word' id='word_1_616' title='bbox 965 4265 1050 4326; x_wconf 90' lang='lat' dir='ltr'><strong>mota,</strong></span> <span class='ocrx_word' id='word_1_617' title='bbox 1069 4276 1108 4312; x_wconf 89' lang='lat' dir='ltr'><strong>an</strong></span> <span class='ocrx_word' id='word_1_618' title='bbox 1120 4260 1247 4327; x_wconf 77' lang='lat' dir='ltr'><strong>debeam,</strong></span> <span class='ocrx_word' id='word_1_619' title='bbox 1274 4260 1496 4329; x_wconf 76' lang='lat' dir='ltr'><strong>baptizarentur,</strong></span> <span class='ocrx_word' id='word_1_620' title='bbox 1517 4277 1655 4329; x_wconf 88' lang='lat' dir='ltr'><strong>praesens</strong></span> <span class='ocrx_word' id='word_1_621' title='bbox 1674 4261 1795 4330; x_wconf 88' lang='lat' dir='ltr'><strong>auditis,</strong></span> <span class='ocrx_word' id='word_1_622' title='bbox 1813 4262 1993 4331; x_wconf 77' lang='lat' dir='ltr'><strong>interropatis</strong></span> <span class='ocrx_word' id='word_1_623' title='bbox 2011 4283 2048 4319; x_wconf 93' lang='lat' dir='ltr'><strong>ac</strong></span> <span class='ocrx_word' id='word_1_624' title='bbox 2066 4280 2108 4319; x_wconf 87' lang='lat' dir='ltr'><strong>re·</strong></span> 
     </span>
     <span class='ocr_line' id='line_1_44' title="bbox 413 4342 2109 4416; baseline 0.006 -21"><span class='ocrx_word' id='word_1_625' title='bbox 413 4342 464 4412; x_wconf 84' lang='lat' dir='ltr'><strong>qui</strong></span> <span class='ocrx_word' id='word_1_626' title='bbox 479 4359 511 4395; x_wconf 83' lang='lat' dir='ltr'><strong>en</strong></span> <span class='ocrx_word' id='word_1_627' title='bbox 529 4344 628 4413; x_wconf 84' lang='lat' dir='ltr'><strong>qssaais</strong></span> <span class='ocrx_word' id='word_1_628' title='bbox 646 4343 757 4398; x_wconf 71' lang='lat' dir='ltr'><strong>haeresi</strong></span> <span class='ocrx_word' id='word_1_629' title='bbox 779 4351 987 4407; x_wconf 85' lang='lat' dir='ltr'><strong>conuertuntur,</strong></span> <span class='ocrx_word' id='word_1_630' title='bbox 1012 4343 1179 4412; x_wconf 85' lang='lat' dir='ltr'><strong>baptismate</strong></span> <span class='ocrx_word' id='word_1_631' title='bbox 1205 4362 1247 4399; x_wconf 87' lang='lat' dir='ltr'><strong>re·</strong></span> <span class='ocrx_word' id='word_1_632' title='bbox 1273 4345 1384 4416; x_wconf 87' lang='lat' dir='ltr'><strong>sponsis</strong></span> <span class='ocrx_word' id='word_1_633' title='bbox 1405 4346 1446 4398; x_wconf 88' lang='lat' dir='ltr'><strong>nd</strong></span> <span class='ocrx_word' id='word_1_634' title='bbox 1462 4361 1505 4398; x_wconf 90' lang='lat' dir='ltr'><strong>me</strong></span> <span class='ocrx_word' id='word_1_635' title='bbox 1524 4348 1654 4414; x_wconf 86' lang='lat' dir='ltr'><strong>accessit,</strong></span> <span class='ocrx_word' id='word_1_636' title='bbox 1680 4348 1755 4416; x_wconf 80' lang='lat' dir='ltr'><strong>flens</strong></span> <span class='ocrx_word' id='word_1_637' title='bbox 1775 4355 1802 4401; x_wconf 87' lang='lat' dir='ltr'><strong>et</strong></span> <span class='ocrx_word' id='word_1_638' title='bbox 1824 4348 1981 4402; x_wconf 74' lang='lat' dir='ltr'><strong>tammam</strong></span> <span class='ocrx_word' id='word_1_639' title='bbox 1999 4358 2027 4405; x_wconf 91' lang='lat' dir='ltr'><strong>et</strong></span> <span class='ocrx_word' id='word_1_640' title='bbox 2046 4358 2109 4406; x_wconf 87' lang='lat' dir='ltr'><strong>ante</strong></span> 
     </span>
     <span class='ocr_line' id='line_1_45' title="bbox 408 4429 2108 4507; baseline 0.005 -25"><span class='ocrx_word' id='word_1_641' title='bbox 408 4429 549 4499; x_wconf 84' lang='lat' dir='ltr'><strong>pssrpari,</strong></span> <span class='ocrx_word' id='word_1_642' title='bbox 573 4446 635 4483; x_wconf 90' lang='lat' dir='ltr'><strong>cum</strong></span> <span class='ocrx_word' id='word_1_643' title='bbox 649 4432 764 4499; x_wconf 79' lang='lat' dir='ltr'><strong>priscsn</strong></span> <span class='ocrx_word' id='word_1_644' title='bbox 781 4447 840 4484; x_wconf 91' lang='lat' dir='ltr'><strong>mos</strong></span> <span class='ocrx_word' id='word_1_645' title='bbox 857 4438 927 4484; x_wconf 88' lang='lat' dir='ltr'><strong>esset</strong></span> <span class='ocrx_word' id='word_1_646' title='bbox 943 4430 1007 4485; x_wconf 85' lang='lat' dir='ltr'><strong>sota</strong></span> <span class='ocrx_word' id='word_1_647' title='bbox 1029 4430 1159 4484; x_wconf 87' lang='lat' dir='ltr'><strong>oratione</strong></span> <span class='ocrx_word' id='word_1_648' title='bbox 1179 4446 1248 4499; x_wconf 82' lang='lat' dir='ltr'><strong>erpa</strong></span> <span class='ocrx_word' id='word_1_649' title='bbox 1272 4433 1361 4499; x_wconf 86' lang='lat' dir='ltr'><strong>pedes</strong></span> <span class='ocrx_word' id='word_1_650' title='bbox 1385 4448 1459 4485; x_wconf 90' lang='lat' dir='ltr'><strong>meos</strong></span> <span class='ocrx_word' id='word_1_651' title='bbox 1476 4432 1645 4497; x_wconf 84' lang='lat' dir='ltr'><strong>provolutus</strong></span> <span class='ocrx_word' id='word_1_652' title='bbox 1668 4433 1852 4499; x_wconf 77' lang='lat' dir='ltr'><strong>confitebatur</strong></span> <span class='ocrx_word' id='word_1_653' title='bbox 1872 4441 1897 4488; x_wconf 91' lang='lat' dir='ltr'><strong>st</strong></span> <span class='ocrx_word' id='word_1_654' title='bbox 1915 4435 2044 4507; x_wconf 74' lang='lat' dir='ltr'><strong>jurabat,</strong></span> <span class='ocrx_word' id='word_1_655' title='bbox 2062 4438 2108 4491; x_wconf 87' lang='lat' dir='ltr'><strong>ba·</strong></span> 
     </span>
     <span class='ocr_line' id='line_1_46' title="bbox 412 4514 2107 4593; baseline 0.005 -22"><span class='ocrx_word' id='word_1_656' title='bbox 412 4514 481 4571; x_wconf 83' lang='lat' dir='ltr'><strong>iilos</strong></span> <span class='ocrx_word' id='word_1_657' title='bbox 509 4532 572 4569; x_wconf 75' lang='lat' dir='ltr'><strong>nnn</strong></span> <span class='ocrx_word' id='word_1_658' title='bbox 593 4516 771 4585; x_wconf 87' lang='lat' dir='ltr'><strong>impositione</strong></span> <span class='ocrx_word' id='word_1_659' title='bbox 797 4533 928 4570; x_wconf 89' lang='lat' dir='ltr'><strong>manuum</strong></span> <span class='ocrx_word' id='word_1_660' title='bbox 954 4517 1006 4571; x_wconf 90' lang='lat' dir='ltr'><strong>nti.</strong></span> <span class='ocrx_word' id='word_1_661' title='bbox 1042 4532 1065 4570; x_wconf 93' lang='lat' dir='ltr'><strong>c.</strong></span> <span class='ocrx_word' id='word_1_662' title='bbox 1084 4521 1112 4571; x_wconf 85' lang='lat'><strong>3:</strong></span> <span class='ocrx_word' id='word_1_663' title='bbox 1136 4517 1249 4586; x_wconf 86' lang='lat' dir='ltr'><strong>primus</strong></span> <span class='ocrx_word' id='word_1_664' title='bbox 1273 4518 1420 4585; x_wconf 88' lang='lat' dir='ltr'><strong>ptismam,</strong></span> <span class='ocrx_word' id='word_1_665' title='bbox 1451 4535 1505 4586; x_wconf 87' lang='lat' dir='ltr'><strong>qno</strong></span> <span class='ocrx_word' id='word_1_666' title='bbox 1533 4518 1692 4584; x_wconf 77' lang='lat' dir='ltr'><strong>baptisatus</strong></span> <span class='ocrx_word' id='word_1_667' title='bbox 1717 4527 1777 4573; x_wconf 89' lang='lat' dir='ltr'><strong>crat</strong></span> <span class='ocrx_word' id='word_1_668' title='bbox 1801 4519 1837 4573; x_wconf 82' lang='lat' dir='ltr'><strong>ab</strong></span> <span class='ocrx_word' id='word_1_669' title='bbox 1860 4520 2024 4593; x_wconf 69' lang='lat' dir='ltr'><strong>haereticus,</strong></span> <span class='ocrx_word' id='word_1_670' title='bbox 2054 4542 2107 4580; x_wconf 87' lang='lat' dir='ltr'><strong>non</strong></span> 
     </span>
     <span class='ocr_line' id='line_1_47' title="bbox 413 4601 2107 4673; baseline 0.004 -16"><span class='ocrx_word' id='word_1_671' title='bbox 413 4610 479 4657; x_wconf 87' lang='lat' dir='ltr'><strong>tunc</strong></span> <span class='ocrx_word' id='word_1_672' title='bbox 507 4601 667 4671; x_wconf 74' lang='lat' dir='ltr'><strong>Cyprianus</strong></span> <span class='ocrx_word' id='word_1_673' title='bbox 701 4602 930 4671; x_wconf 73' lang='lat' dir='ltr'><strong>Cartbapinensss</strong></span> <span class='ocrx_word' id='word_1_674' title='bbox 958 4604 1113 4672; x_wconf 74' lang='lat' dir='ltr'><strong>paroeciae</strong></span> <span class='ocrx_word' id='word_1_675' title='bbox 1145 4611 1249 4673; x_wconf 89' lang='lat' dir='ltr'><strong>pastor</strong></span> <span class='ocrx_word' id='word_1_676' title='bbox 1275 4622 1333 4658; x_wconf 85' lang='lat' dir='ltr'><strong>csse</strong></span> <span class='ocrx_word' id='word_1_677' title='bbox 1362 4621 1457 4657; x_wconf 81' lang='lat' dir='ltr'><strong>oerum</strong></span> <span class='ocrx_word' id='word_1_678' title='bbox 1483 4604 1652 4672; x_wconf 74' lang='lat' dir='ltr'><strong>baptismum</strong></span> <span class='ocrx_word' id='word_1_679' title='bbox 1674 4622 1724 4658; x_wconf 91' lang='lat' dir='ltr'><strong>nec</strong></span> <span class='ocrx_word' id='word_1_680' title='bbox 1748 4624 1810 4660; x_wconf 90' lang='lat' dir='ltr'><strong>cum</strong></span> <span class='ocrx_word' id='word_1_681' title='bbox 1832 4608 1884 4661; x_wconf 82' lang='lat' dir='ltr'><strong>tsoc</strong></span> <span class='ocrx_word' id='word_1_682' title='bbox 1905 4616 2001 4664; x_wconf 84' lang='lat' dir='ltr'><strong>nostro</strong></span> <span class='ocrx_word' id='word_1_683' title='bbox 2019 4611 2107 4666; x_wconf 82' lang='lat' dir='ltr'><strong>ullam</strong></span> 
     </span>
     <span class='ocr_line' id='line_1_48' title="bbox 413 4688 2108 4764; baseline 0.005 -21"><span class='ocrx_word' id='word_1_684' title='bbox 413 4688 493 4743; x_wconf 69' lang='lat' dir='ltr'><strong>houd</strong></span> <span class='ocrx_word' id='word_1_685' title='bbox 509 4688 595 4742; x_wconf 76' lang='lat' dir='ltr'><strong>als‘ter</strong></span> <span class='ocrx_word' id='word_1_686' title='bbox 612 4705 696 4757; x_wconf 90' lang='lat' dir='ltr'><strong>qnam</strong></span> <span class='ocrx_word' id='word_1_687' title='bbox 709 4706 764 4758; x_wconf 85' lang='lat' dir='ltr'><strong>per</strong></span> <span class='ocrx_word' id='word_1_688' title='bbox 784 4688 949 4759; x_wconf 84' lang='lat' dir='ltr'><strong>baptismum</strong></span> <span class='ocrx_word' id='word_1_689' title='bbox 966 4689 1089 4758; x_wconf 84' lang='lat' dir='ltr'><strong>primsms</strong></span> <span class='ocrx_word' id='word_1_690' title='bbox 1103 4692 1139 4745; x_wconf 82' lang='lat' dir='ltr'><strong>ab</strong></span> <span class='ocrx_word' id='word_1_691' title='bbox 1151 4708 1249 4745; x_wconf 85' lang='lat' dir='ltr'><strong>errore</strong></span> <span class='ocrx_word' id='word_1_692' title='bbox 1274 4693 1375 4745; x_wconf 82' lang='lat' dir='ltr'><strong>tabere</strong></span> <span class='ocrx_word' id='word_1_693' title='bbox 1404 4690 1635 4757; x_wconf 88' lang='lat' dir='ltr'><strong>communionem,</strong></span> <span class='ocrx_word' id='word_1_694' title='bbox 1665 4693 1718 4745; x_wconf 86' lang='lat' dir='ltr'><strong>ssd</strong></span> <span class='ocrx_word' id='word_1_695' title='bbox 1740 4708 1799 4747; x_wconf 90' lang='lat' dir='ltr'><strong>esse</strong></span> <span class='ocrx_word' id='word_1_696' title='bbox 1823 4694 1904 4749; x_wconf 89' lang='lat' dir='ltr'><strong>ittam</strong></span> <span class='ocrx_word' id='word_1_697' title='bbox 1921 4695 2065 4764; x_wconf 86' lang='lat' dir='ltr'><strong>impietate</strong></span> <span class='ocrx_word' id='word_1_698' title='bbox 2082 4704 2108 4750; x_wconf 89' lang='lat' dir='ltr'><strong>st</strong></span> 
     </span>
     <span class='ocr_line' id='line_1_49' title="bbox 414 4774 2108 4849; baseline 0.004 -19"><span class='ocrx_word' id='word_1_699' title='bbox 414 4776 550 4831; x_wconf 72' lang='lat' dir='ltr'><strong>imitatos</strong></span> <span class='ocrx_word' id='word_1_700' title='bbox 568 4774 758 4829; x_wconf 85' lang='lat' dir='ltr'><strong>admittendos</strong></span> <span class='ocrx_word' id='word_1_701' title='bbox 775 4791 833 4829; x_wconf 84' lang='lat' dir='ltr'><strong>esse</strong></span> <span class='ocrx_word' id='word_1_702' title='bbox 851 4775 966 4829; x_wconf 88' lang='lat' dir='ltr'><strong>censuit.</strong></span> <span class='ocrx_word' id='word_1_703' title='bbox 1005 4776 1106 4830; x_wconf 83' lang='lat' dir='ltr'><strong>Verum</strong></span> <span class='ocrx_word' id='word_1_704' title='bbox 1131 4776 1249 4847; x_wconf 78' lang='lat' dir='ltr'><strong>Stepha-</strong></span> <span class='ocrx_word' id='word_1_705' title='bbox 1275 4777 1449 4847; x_wconf 74' lang='lat' dir='ltr'><strong>blasphemia</strong></span> <span class='ocrx_word' id='word_1_706' title='bbox 1466 4777 1609 4839; x_wconf 72' lang='lat' dir='ltr'><strong>refertum.</strong></span> <span class='ocrx_word' id='word_1_707' title='bbox 1646 4778 1767 4833; x_wconf 86' lang='lat' dir='ltr'><strong>Dicebat</strong></span> <span class='ocrx_word' id='word_1_708' title='bbox 1787 4784 1881 4849; x_wconf 69' lang='lat' dir='ltr'><strong>enam,</strong></span> <span class='ocrx_word' id='word_1_709' title='bbox 1897 4790 2013 4835; x_wconf 84' lang='lat' dir='ltr'><strong>mentem</strong></span> <span class='ocrx_word' id='word_1_710' title='bbox 2030 4801 2108 4837; x_wconf 87' lang='lat' dir='ltr'><strong>snam</strong></span> 
     </span>
     <span class='ocr_line' id='line_1_50' title="bbox 413 4861 2109 4938; baseline 0.005 -22"><span class='ocrx_word' id='word_1_711' title='bbox 413 4880 468 4916; x_wconf 82' lang='lat' dir='ltr'><strong>sssss</strong></span> <span class='ocrx_word' id='word_1_712' title='bbox 493 4861 566 4916; x_wconf 70' lang='lat' dir='ltr'><strong>nebit</strong></span> <span class='ocrx_word' id='word_1_713' title='bbox 585 4866 705 4930; x_wconf 83' lang='lat' dir='ltr'><strong>practer</strong></span> <span class='ocrx_word' id='word_1_714' title='bbox 731 4862 912 4915; x_wconf 78' lang='lat' dir='ltr'><strong>traditionem</strong></span> <span class='ocrx_word' id='word_1_715' title='bbox 934 4877 968 4915; x_wconf 85' lang='lat' dir='ltr'><strong>cc</strong></span> <span class='ocrx_word' id='word_1_716' title='bbox 991 4862 1107 4930; x_wconf 76' lang='lat' dir='ltr'><strong>ant&#39;qno</strong></span> <span class='ocrx_word' id='word_1_717' title='bbox 1127 4864 1250 4918; x_wconf 79' lang='lat' dir='ltr'><strong>obtinm·</strong></span> <span class='ocrx_word' id='word_1_718' title='bbox 1275 4865 1447 4919; x_wconf 69' lang='lat' dir='ltr'><strong>veterantes</strong></span> <span class='ocrx_word' id='word_1_719' title='bbox 1465 4864 1621 4932; x_wconf 82' lang='lat' dir='ltr'><strong>compunpi,</strong></span> <span class='ocrx_word' id='word_1_720' title='bbox 1639 4882 1689 4918; x_wconf 90' lang='lat' dir='ltr'><strong>nec</strong></span> <span class='ocrx_word' id='word_1_721' title='bbox 1708 4867 1986 4937; x_wconf 78' lang='lat' dir='ltr'><strong>tantumscfidueias</strong></span> <span class='ocrx_word' id='word_1_722' title='bbox 2000 4870 2109 4938; x_wconf 82' lang='lat' dir='ltr'><strong>babere,</strong></span> 
     </span>
     <span class='ocr_line' id='line_1_51' title="bbox 414 4947 2110 5024; baseline 0.004 -20"><span class='ocrx_word' id='word_1_723' title='bbox 414 4958 470 5004; x_wconf 92' lang='lat' dir='ltr'><strong>tem</strong></span> <span class='ocrx_word' id='word_1_724' title='bbox 495 4948 685 5003; x_wconf 81' lang='lat' dir='ltr'><strong>innovandum</strong></span> <span class='ocrx_word' id='word_1_725' title='bbox 717 4962 775 5001; x_wconf 87' lang='lat' dir='ltr'><strong>esse</strong></span> <span class='ocrx_word' id='word_1_726' title='bbox 806 4954 912 5015; x_wconf 89' lang='lat' dir='ltr'><strong>putans</strong></span> <span class='ocrx_word' id='word_1_727' title='bbox 941 4947 1086 5017; x_wconf 81' lang='lat' dir='ltr'><strong>Oppriano</strong></span> <span class='ocrx_word' id='word_1_728' title='bbox 1116 4950 1150 5003; x_wconf 85' lang='lat' dir='ltr'><strong>ob</strong></span> <span class='ocrx_word' id='word_1_729' title='bbox 1177 4951 1249 5005; x_wconf 81' lang='lat' dir='ltr'><strong>banc</strong></span> <span class='ocrx_word' id='word_1_730' title='bbox 1275 4961 1306 5005; x_wconf 88' lang='lat' dir='ltr'><strong>at</strong></span> <span class='ocrx_word' id='word_1_731' title='bbox 1329 4951 1424 5006; x_wconf 87' lang='lat' dir='ltr'><strong>ocutos</strong></span> <span class='ocrx_word' id='word_1_732' title='bbox 1448 4967 1515 5004; x_wconf 90' lang='lat' dir='ltr'><strong>suos</strong></span> <span class='ocrx_word' id='word_1_733' title='bbox 1538 4952 1580 5003; x_wconf 84' lang='lat' dir='ltr'><strong>ad</strong></span> <span class='ocrx_word' id='word_1_734' title='bbox 1605 4952 1699 5005; x_wconf 86' lang='lat' dir='ltr'><strong>Deam</strong></span> <span class='ocrx_word' id='word_1_735' title='bbox 1724 4953 1843 5022; x_wconf 80' lang='lat' dir='ltr'><strong>levaret,</strong></span> <span class='ocrx_word' id='word_1_736' title='bbox 1875 4956 1952 5022; x_wconf 87' lang='lat' dir='ltr'><strong>quod</strong></span> <span class='ocrx_word' id='word_1_737' title='bbox 1972 4957 2110 5024; x_wconf 82' lang='lat' dir='ltr'><strong>profanis</strong></span> 
     </span>
     <span class='ocr_line' id='line_1_52' title="bbox 416 5033 2110 5112; baseline 0.004 -22"><span class='ocrx_word' id='word_1_738' title='bbox 416 5052 532 5090; x_wconf 87' lang='lat' dir='ltr'><strong>causam</strong></span> <span class='ocrx_word' id='word_1_739' title='bbox 554 5033 765 5102; x_wconf 82' lang='lat' dir='ltr'><strong>indipnabatur.</strong></span> <span class='ocrx_word' id='word_1_740' title='bbox 804 5050 828 5087; x_wconf 90' lang='lat' dir='ltr'><strong>c.</strong></span> <span class='ocrx_word' id='word_1_741' title='bbox 848 5039 878 5090; x_wconf 82' lang='lat'><strong>4:</strong></span> <span class='ocrx_word' id='word_1_742' title='bbox 904 5037 945 5089; x_wconf 82' lang='lat' dir='ltr'><strong>aei</strong></span> <span class='ocrx_word' id='word_1_743' title='bbox 967 5036 1085 5104; x_wconf 80' lang='lat' dir='ltr'><strong>Xystum</strong></span> <span class='ocrx_word' id='word_1_744' title='bbox 1104 5035 1249 5108; x_wconf 84' lang='lat' dir='ltr'><strong>(Stephani</strong></span> <span class='ocrx_word' id='word_1_745' title='bbox 1277 5039 1337 5092; x_wconf 89' lang='lat' dir='ltr'><strong>iltis</strong></span> <span class='ocrx_word' id='word_1_746' title='bbox 1353 5038 1444 5091; x_wconf 85' lang='lat' dir='ltr'><strong>serbis</strong></span> <span class='ocrx_word' id='word_1_747' title='bbox 1462 5045 1489 5090; x_wconf 91' lang='lat' dir='ltr'><strong>et</strong></span> <span class='ocrx_word' id='word_1_748' title='bbox 1506 5036 1614 5090; x_wconf 87' lang='lat' dir='ltr'><strong>actibus</strong></span> <span class='ocrx_word' id='word_1_749' title='bbox 1631 5046 1701 5092; x_wconf 85' lang='lat' dir='ltr'><strong>esset</strong></span> <span class='ocrx_word' id='word_1_750' title='bbox 1717 5039 1856 5108; x_wconf 87' lang='lat' dir='ltr'><strong>initiatus,</strong></span> <span class='ocrx_word' id='word_1_751' title='bbox 1874 5040 1991 5109; x_wconf 87' lang='lat' dir='ltr'><strong>ideoque</strong></span> <span class='ocrx_word' id='word_1_752' title='bbox 2003 5044 2110 5112; x_wconf 64' lang='lat' dir='ltr'><strong>oraim,</strong></span> 
     </span>
     <span class='ocr_line' id='line_1_53' title="bbox 415 5120 2111 5199; baseline 0.005 -22"><span class='ocrx_word' id='word_1_753' title='bbox 415 5121 612 5188; x_wconf 81' lang='lat' dir='ltr'><strong>successorem)</strong></span> <span class='ocrx_word' id='word_1_754' title='bbox 636 5120 757 5175; x_wconf 84' lang='lat' dir='ltr'><strong>atteram</strong></span> <span class='ocrx_word' id='word_1_755' title='bbox 783 5120 939 5190; x_wconf 75' lang='lat' dir='ltr'><strong>Dionysius</strong></span> <span class='ocrx_word' id='word_1_756' title='bbox 960 5123 1084 5177; x_wconf 83' lang='lat' dir='ltr'><strong>scribens</strong></span> <span class='ocrx_word' id='word_1_757' title='bbox 1102 5126 1249 5193; x_wconf 84' lang='lat' dir='ltr'><strong>epistotam</strong></span> <span class='ocrx_word' id='word_1_758' title='bbox 1276 5133 1305 5179; x_wconf 87' lang='lat' dir='ltr'><strong>nt</strong></span> <span class='ocrx_word' id='word_1_759' title='bbox 1323 5123 1514 5179; x_wconf 83' lang='lat' dir='ltr'><strong>sincerissima</strong></span> <span class='ocrx_word' id='word_1_760' title='bbox 1534 5123 1588 5177; x_wconf 82' lang='lat' dir='ltr'><strong>tac</strong></span> <span class='ocrx_word' id='word_1_761' title='bbox 1602 5124 1801 5192; x_wconf 69' lang='lat' dir='ltr'><strong>purificatione</strong></span> <span class='ocrx_word' id='word_1_762' title='bbox 1813 5128 2070 5199; x_wconf 81' lang='lat' dir='ltr'><strong>nssccptianemque</strong></span> <span class='ocrx_word' id='word_1_763' title='bbox 2086 5138 2111 5184; x_wconf 85' lang='lat' dir='ltr'><strong>a</strong></span> 
     </span>
     <span class='ocr_line' id='line_1_54' title="bbox 414 5206 2110 5282; baseline 0.004 -20"><span class='ocrx_word' id='word_1_764' title='bbox 414 5217 441 5263; x_wconf 89' lang='lat' dir='ltr'><strong>et</strong></span> <span class='ocrx_word' id='word_1_765' title='bbox 460 5208 600 5278; x_wconf 76' lang='lat' dir='ltr'><strong>Stephani</strong></span> <span class='ocrx_word' id='word_1_766' title='bbox 621 5214 648 5260; x_wconf 90' lang='lat' dir='ltr'><strong>et</strong></span> <span class='ocrx_word' id='word_1_767' title='bbox 671 5206 845 5275; x_wconf 71' lang='lat' dir='ltr'><strong>reliquorum</strong></span> <span class='ocrx_word' id='word_1_768' title='bbox 868 5210 1064 5279; x_wconf 80' lang='lat' dir='ltr'><strong>episcoporum</strong></span> <span class='ocrx_word' id='word_1_769' title='bbox 1083 5212 1249 5265; x_wconf 71' lang='lat' dir='ltr'><strong>sententiam</strong></span> <span class='ocrx_word' id='word_1_770' title='bbox 1275 5212 1372 5282; x_wconf 83' lang='lat' dir='ltr'><strong>pratia</strong></span> <span class='ocrx_word' id='word_1_771' title='bbox 1383 5209 1542 5280; x_wconf 63' lang='lat' dir='ltr'><strong>postrenum</strong></span> <span class='ocrx_word' id='word_1_772' title='bbox 1567 5212 1644 5279; x_wconf 90' lang='lat' dir='ltr'><strong>quod</strong></span> <span class='ocrx_word' id='word_1_773' title='bbox 1661 5210 1773 5279; x_wconf 86' lang='lat' dir='ltr'><strong>quidem</strong></span> <span class='ocrx_word' id='word_1_774' title='bbox 1791 5229 1842 5280; x_wconf 82' lang='lat' dir='ltr'><strong>epo</strong></span> <span class='ocrx_word' id='word_1_775' title='bbox 1858 5213 1955 5276; x_wconf 74' lang='lat' dir='ltr'><strong>facere</strong></span> <span class='ocrx_word' id='word_1_776' title='bbox 1975 5232 2032 5268; x_wconf 80' lang='lat' dir='ltr'><strong>non</strong></span> <span class='ocrx_word' id='word_1_777' title='bbox 2051 5232 2110 5269; x_wconf 82' lang='lat' dir='ltr'><strong>sum</strong></span> 
     </span>
     <span class='ocr_line' id='line_1_55' title="bbox 416 5292 2110 5368; baseline 0.005 -21"><span class='ocrx_word' id='word_1_778' title='bbox 416 5294 553 5359; x_wconf 69' lang='lat' dir='ltr'><strong>datorat,</strong></span> <span class='ocrx_word' id='word_1_779' title='bbox 571 5295 639 5348; x_wconf 81' lang='lat' dir='ltr'><strong>baec</strong></span> <span class='ocrx_word' id='word_1_780' title='bbox 658 5294 694 5347; x_wconf 87' lang='lat' dir='ltr'><strong>ds</strong></span> <span class='ocrx_word' id='word_1_781' title='bbox 709 5292 853 5362; x_wconf 79' lang='lat' dir='ltr'><strong>Stephano</strong></span> <span class='ocrx_word' id='word_1_782' title='bbox 870 5295 983 5349; x_wconf 85' lang='lat' dir='ltr'><strong>dicens:</strong></span> <span class='ocrx_word' id='word_1_783' title='bbox 1021 5294 1144 5360; x_wconf 81' lang='lat' dir='ltr'><strong>Scripsit</strong></span> <span class='ocrx_word' id='word_1_784' title='bbox 1161 5297 1249 5366; x_wconf 82' lang='lat' dir='ltr'><strong>ipitnr</strong></span> <span class='ocrx_word' id='word_1_785' title='bbox 1276 5315 1371 5365; x_wconf 86' lang='lat' dir='ltr'><strong>ausus,</strong></span> <span class='ocrx_word' id='word_1_786' title='bbox 1383 5298 1434 5351; x_wconf 85' lang='lat' dir='ltr'><strong>sed</strong></span> <span class='ocrx_word' id='word_1_787' title='bbox 1446 5297 1608 5349; x_wconf 80' lang='lat' dir='ltr'><strong>diutumam</strong></span> <span class='ocrx_word' id='word_1_788' title='bbox 1620 5296 1702 5350; x_wconf 79' lang='lat' dir='ltr'><strong>illam</strong></span> <span class='ocrx_word' id='word_1_789' title='bbox 1713 5297 1864 5353; x_wconf 77' lang='lat' dir='ltr'><strong>sueborum</strong></span> <span class='ocrx_word' id='word_1_790' title='bbox 1874 5306 2028 5368; x_wconf 85' lang='lat' dir='ltr'><strong>temporum</strong></span> <span class='ocrx_word' id='word_1_791' title='bbox 2040 5318 2110 5356; x_wconf 83' lang='lat' dir='ltr'><strong>coss-</strong></span> 
     </span>
     <span class='ocr_line' id='line_1_56' title="bbox 413 5378 2110 5456; baseline 0.006 -24"><span class='ocrx_word' id='word_1_792' title='bbox 413 5380 536 5448; x_wconf 85' lang='lat' dir='ltr'><strong>primum</strong></span> <span class='ocrx_word' id='word_1_793' title='bbox 562 5383 599 5434; x_wconf 84' lang='lat' dir='ltr'><strong>ds</strong></span> <span class='ocrx_word' id='word_1_794' title='bbox 621 5380 730 5435; x_wconf 84' lang='lat' dir='ltr'><strong>Heleno</strong></span> <span class='ocrx_word' id='word_1_795' title='bbox 760 5387 786 5433; x_wconf 91' lang='lat' dir='ltr'><strong>et</strong></span> <span class='ocrx_word' id='word_1_796' title='bbox 811 5378 983 5435; x_wconf 67' lang='lat' dir='ltr'><strong>dimitiam</strong></span> <span class='ocrx_word' id='word_1_797' title='bbox 1014 5384 1173 5453; x_wconf 85' lang='lat' dir='ltr'><strong>cunctisque</strong></span> <span class='ocrx_word' id='word_1_798' title='bbox 1195 5402 1250 5454; x_wconf 87' lang='lat' dir='ltr'><strong>per</strong></span> <span class='ocrx_word' id='word_1_799' title='bbox 1276 5383 1431 5437; x_wconf 88' lang='lat' dir='ltr'><strong>munionem</strong></span> <span class='ocrx_word' id='word_1_800' title='bbox 1453 5382 1502 5435; x_wconf 84' lang='lat' dir='ltr'><strong>itii</strong></span> <span class='ocrx_word' id='word_1_801' title='bbox 1522 5384 1653 5451; x_wconf 85' lang='lat' dir='ltr'><strong>sufficere</strong></span> <span class='ocrx_word' id='word_1_802' title='bbox 1676 5384 1744 5437; x_wconf 82' lang='lat' dir='ltr'><strong>dici.</strong></span> <span class='ocrx_word' id='word_1_803' title='bbox 1782 5384 1851 5438; x_wconf 86' lang='lat' dir='ltr'><strong>Cum</strong></span> <span class='ocrx_word' id='word_1_804' title='bbox 1868 5386 1941 5440; x_wconf 87' lang='lat' dir='ltr'><strong>enim</strong></span> <span class='ocrx_word' id='word_1_805' title='bbox 1962 5395 1988 5441; x_wconf 90' lang='lat' dir='ltr'><strong>et</strong></span> <span class='ocrx_word' id='word_1_806' title='bbox 2004 5389 2110 5456; x_wconf 79' lang='lat' dir='ltr'><strong>qratia·</strong></span> 
     </span>
     <span class='ocr_line' id='line_1_57' title="bbox 418 5465 2110 5535; baseline 0.006 -16"><span class='ocrx_word' id='word_1_807' title='bbox 418 5466 549 5519; x_wconf 74' lang='lat' dir='ltr'><strong>Ciliciam</strong></span> <span class='ocrx_word' id='word_1_808' title='bbox 574 5474 601 5520; x_wconf 89' lang='lat' dir='ltr'><strong>et</strong></span> <span class='ocrx_word' id='word_1_809' title='bbox 620 5466 835 5535; x_wconf 80' lang='lat' dir='ltr'><strong>Cappadociam</strong></span> <span class='ocrx_word' id='word_1_810' title='bbox 852 5473 878 5518; x_wconf 90' lang='lat' dir='ltr'><strong>et</strong></span> <span class='ocrx_word' id='word_1_811' title='bbox 899 5465 1047 5521; x_wconf 72' lang='lat' dir='ltr'><strong>Gatmsam</strong></span> <span class='ocrx_word' id='word_1_812' title='bbox 1066 5477 1093 5523; x_wconf 90' lang='lat' dir='ltr'><strong>et</strong></span> <span class='ocrx_word' id='word_1_813' title='bbox 1112 5469 1250 5526; x_wconf 73' lang='lat' dir='ltr'><strong>anioersss</strong></span> <span class='ocrx_word' id='word_1_814' title='bbox 1276 5487 1338 5523; x_wconf 80' lang='lat' dir='ltr'><strong>rum</strong></span> <span class='ocrx_word' id='word_1_815' title='bbox 1362 5469 1499 5523; x_wconf 88' lang='lat' dir='ltr'><strong>actionem</strong></span> <span class='ocrx_word' id='word_1_816' title='bbox 1517 5468 1548 5522; x_wconf 88' lang='lat' dir='ltr'><strong>in</strong></span> <span class='ocrx_word' id='word_1_817' title='bbox 1566 5470 1683 5524; x_wconf 85' lang='lat' dir='ltr'><strong>eeclesia</strong></span> <span class='ocrx_word' id='word_1_818' title='bbox 1701 5471 1840 5527; x_wconf 83' lang='lat' dir='ltr'><strong>audiisset</strong></span> <span class='ocrx_word' id='word_1_819' title='bbox 1858 5480 1884 5527; x_wconf 89' lang='lat' dir='ltr'><strong>et</strong></span> <span class='ocrx_word' id='word_1_820' title='bbox 1897 5475 1939 5526; x_wconf 88' lang='lat' dir='ltr'><strong>ad</strong></span> <span class='ocrx_word' id='word_1_821' title='bbox 1953 5473 2036 5528; x_wconf 87' lang='lat' dir='ltr'><strong>ittam</strong></span> <span class='ocrx_word' id='word_1_822' title='bbox 2053 5492 2110 5529; x_wconf 82' lang='lat' dir='ltr'><strong>una</strong></span> 
     </span>
     <span class='ocr_line' id='line_1_58' title="bbox 417 5551 2109 5627; baseline 0.005 -21"><span class='ocrx_word' id='word_1_823' title='bbox 417 5553 594 5606; x_wconf 87' lang='lat' dir='ltr'><strong>conterminis</strong></span> <span class='ocrx_word' id='word_1_824' title='bbox 616 5553 756 5621; x_wconf 79' lang='lat' dir='ltr'><strong>pentilus,</strong></span> <span class='ocrx_word' id='word_1_825' title='bbox 784 5568 835 5607; x_wconf 89' lang='lat' dir='ltr'><strong>nec</strong></span> <span class='ocrx_word' id='word_1_826' title='bbox 861 5551 922 5605; x_wconf 84' lang='lat' dir='ltr'><strong>iltis</strong></span> <span class='ocrx_word' id='word_1_827' title='bbox 938 5568 969 5606; x_wconf 87' lang='lat' dir='ltr'><strong>se</strong></span> <span class='ocrx_word' id='word_1_828' title='bbox 985 5555 1250 5610; x_wconf 84' lang='lat' dir='ltr'><strong>communicaturum</strong></span> <span class='ocrx_word' id='word_1_829' title='bbox 1277 5573 1338 5609; x_wconf 92' lang='lat' dir='ltr'><strong>cum</strong></span> <span class='ocrx_word' id='word_1_830' title='bbox 1356 5556 1426 5610; x_wconf 83' lang='lat' dir='ltr'><strong>aliis</strong></span> <span class='ocrx_word' id='word_1_831' title='bbox 1445 5571 1528 5609; x_wconf 89' lang='lat' dir='ltr'><strong>amen</strong></span> <span class='ocrx_word' id='word_1_832' title='bbox 1546 5554 1725 5626; x_wconf 86' lang='lat' dir='ltr'><strong>succinisset,</strong></span> <span class='ocrx_word' id='word_1_833' title='bbox 1744 5575 1854 5612; x_wconf 90' lang='lat' dir='ltr'><strong>mensas</strong></span> <span class='ocrx_word' id='word_1_834' title='bbox 1871 5560 2037 5627; x_wconf 83' lang='lat' dir='ltr'><strong>adstitisset,</strong></span> <span class='ocrx_word' id='word_1_835' title='bbox 2053 5579 2109 5618; x_wconf 81' lang='lat' dir='ltr'><strong>ma</strong></span> 
     </span>
     <span class='ocr_line' id='line_1_59' title="bbox 414 5638 2111 5717; baseline 0.008 -28"><span class='ocrx_word' id='word_1_836' title='bbox 414 5644 533 5705; x_wconf 80' lang='lat' dir='ltr'><strong>psopter</strong></span> <span class='ocrx_word' id='word_1_837' title='bbox 550 5639 668 5691; x_wconf 61' lang='lat' dir='ltr'><strong>samm</strong></span> <span class='ocrx_word' id='word_1_838' title='bbox 684 5640 758 5692; x_wconf 76' lang='lat' dir='ltr'><strong>iane</strong></span> <span class='ocrx_word' id='word_1_839' title='bbox 777 5654 907 5705; x_wconf 88' lang='lat' dir='ltr'><strong>causam,</strong></span> <span class='ocrx_word' id='word_1_840' title='bbox 937 5638 1014 5705; x_wconf 81' lang='lat' dir='ltr'><strong>quod</strong></span> <span class='ocrx_word' id='word_1_841' title='bbox 1035 5639 1167 5694; x_wconf 76' lang='lat' dir='ltr'><strong>videlicet</strong></span> <span class='ocrx_word' id='word_1_842' title='bbox 1184 5642 1250 5696; x_wconf 78' lang='lat' dir='ltr'><strong>tas-</strong></span> <span class='ocrx_word' id='word_1_843' title='bbox 1276 5661 1329 5695; x_wconf 85' lang='lat' dir='ltr'><strong>nus</strong></span> <span class='ocrx_word' id='word_1_844' title='bbox 1357 5643 1399 5696; x_wconf 86' lang='lat' dir='ltr'><strong>ad</strong></span> <span class='ocrx_word' id='word_1_845' title='bbox 1428 5641 1636 5710; x_wconf 65' lang='lat' dir='ltr'><strong>accipiendum</strong></span> <span class='ocrx_word' id='word_1_846' title='bbox 1661 5650 1790 5697; x_wconf 88' lang='lat' dir='ltr'><strong>sanctum</strong></span> <span class='ocrx_word' id='word_1_847' title='bbox 1815 5645 1905 5699; x_wconf 81' lang='lat' dir='ltr'><strong>cibum</strong></span> <span class='ocrx_word' id='word_1_848' title='bbox 1936 5649 2111 5717; x_wconf 68' lang='lat' dir='ltr'><strong>emendae,</strong></span> 
     </span>
    </p>

    <p class='ocr_par' dir='ltr' id='par_1_42' title="bbox 314 5721 2111 5803">
     <span class='ocr_line' id='line_1_60' title="bbox 314 5721 2111 5803; baseline 0.008 -28"><span class='ocrx_word' id='word_1_849' title='bbox 314 5761 333 5784; x_wconf 76' lang='grc'><strong>,.</strong></span> <span class='ocrx_word' id='word_1_850' title='bbox 416 5721 519 5777; x_wconf 81' lang='lat' dir='ltr'><strong>reticos</strong></span> <span class='ocrx_word' id='word_1_851' title='bbox 536 5722 752 5792; x_wconf 83' lang='lat' dir='ltr'><strong>rebaptisnrent.</strong></span> <span class='ocrx_word' id='word_1_852' title='bbox 789 5723 948 5779; x_wconf 78' lang='lat' dir='ltr'><strong>Considera</strong></span> <span class='ocrx_word' id='word_1_853' title='bbox 971 5730 1063 5777; x_wconf 70' lang='lat' dir='ltr'><strong>auum</strong></span> <span class='ocrx_word' id='word_1_854' title='bbox 1092 5727 1137 5779; x_wconf 86' lang='lat' dir='ltr'><strong>rei</strong></span> <span class='ocrx_word' id='word_1_855' title='bbox 1165 5727 1250 5795; x_wconf 74' lang='lat' dir='ltr'><strong>buius</strong></span> <span class='ocrx_word' id='word_1_856' title='bbox 1276 5728 1360 5783; x_wconf 78' lang='grc' dir='ltr'><strong>ι’ὶίιιιη</strong></span> <span class='ocrx_word' id='word_1_857' title='bbox 1377 5729 1461 5781; x_wconf 88' lang='lat' dir='ltr'><strong>etiam</strong></span> <span class='ocrx_word' id='word_1_858' title='bbox 1481 5729 1634 5797; x_wconf 87' lang='lat' dir='ltr'><strong>accepisset</strong></span> <span class='ocrx_word' id='word_1_859' title='bbox 1651 5738 1676 5784; x_wconf 89' lang='lat' dir='ltr'><strong>et</strong></span> <span class='ocrx_word' id='word_1_860' title='bbox 1695 5731 1812 5799; x_wconf 82' lang='lat' dir='ltr'><strong>prots&#39;om</strong></span> <span class='ocrx_word' id='word_1_861' title='bbox 1827 5732 1894 5799; x_wconf 75' lang='lat' dir='ltr'><strong>jam</strong></span> <span class='ocrx_word' id='word_1_862' title='bbox 1911 5740 2035 5803; x_wconf 87' lang='lat' dir='ltr'><strong>tempore</strong></span> <span class='ocrx_word' id='word_1_863' title='bbox 2052 5752 2111 5789; x_wconf 88' lang='lat' dir='ltr'><strong>cor·</strong></span> 
     </span>
    </p>
   </div>
   <div class='ocr_carea' id='block_1_5' title="bbox 292 5807 2183 5900">
    <p class='ocr_par' dir='ltr' id='par_1_43' title="bbox 292 5807 2183 5900">
     <span class='ocr_line' id='line_1_61' title="bbox 292 5807 2183 5900; baseline 0.015 -48"><span class='ocrx_word' id='word_1_864' title='bbox 292 5881 320 5900; x_wconf 87' lang='lat'><strong>..</strong></span> <span class='ocrx_word' id='word_1_865' title='bbox 367 5825 370 5838; x_wconf 86' lang='lat'>·</span> <span class='ocrx_word' id='word_1_866' title='bbox 400 5807 647 5876; x_wconf 60' lang='lat' dir='ltr'><strong>&#39;aspritudinem</strong></span> <span class='ocrx_word' id='word_1_867' title='bbox 682 5811 795 5868; x_wconf 75' lang='lat' dir='ltr'><strong>Revera</strong></span> <span class='ocrx_word' id='word_1_868' title='bbox 811 5826 931 5884; x_wconf 85' lang='lat' dir='ltr'><strong>namque</strong></span> <span class='ocrx_word' id='word_1_869' title='bbox 949 5811 979 5866; x_wconf 89' lang='lat' dir='ltr'><strong>in</strong></span> <span class='ocrx_word' id='word_1_870' title='bbox 998 5809 1126 5864; x_wconf 81' lang='lat' dir='ltr'><strong>maeissis</strong></span> <span class='ocrx_word' id='word_1_871' title='bbox 1143 5815 1250 5882; x_wconf 84' lang='lat' dir='ltr'><strong>spisco-</strong></span> <span class='ocrx_word' id='word_1_872' title='bbox 1274 5815 1359 5886; x_wconf 83' lang='lat' dir='ltr'><strong>poris</strong></span> <span class='ocrx_word' id='word_1_873' title='bbox 1375 5822 1401 5868; x_wconf 87' lang='lat' dir='ltr'><strong>et</strong></span> <span class='ocrx_word' id='word_1_874' title='bbox 1418 5816 1565 5882; x_wconf 77' lang='lat' dir='ltr'><strong>sanauinis</strong></span> <span class='ocrx_word' id='word_1_875' title='bbox 1583 5817 1702 5872; x_wconf 84' lang='lat' dir='ltr'><strong>Domini</strong></span> <span class='ocrx_word' id='word_1_876' title='bbox 1718 5819 1809 5872; x_wconf 81' lang='lat' dir='ltr'><strong>nosns&#39;</strong></span> <span class='ocrx_word' id='word_1_877' title='bbox 1822 5819 1895 5874; x_wconf 86' lang='lat' dir='ltr'><strong>Jesn</strong></span> <span class='ocrx_word' id='word_1_878' title='bbox 1906 5818 2033 5886; x_wconf 56' lang='grc' dir='ltr'><strong>ίΊιηὛιιι,</strong></span> <span class='ocrx_word' id='word_1_879' title='bbox 2042 5814 2183 5893; x_wconf 66' lang='lat' dir='ltr'><strong>pap-M</strong></span> 
     </span>
    </p>
   </div>
   <div class='ocr_carea' id='block_1_6' title="bbox 0 0 2415 6659">
    <p class='ocr_par' dir='ltr' id='par_1_44' title="bbox 0 0 2415 6659">
     <span class='ocr_line' id='line_1_62' title="bbox 0 0 2415 6659; baseline 0 0"><span class='ocrx_word' id='word_1_880' title='bbox 0 0 2415 6659; x_wconf 95' lang='lat' dir='ltr'><strong> </strong></span> 
     </span>
    </p>
   </div>
  </div>
 </body>
</html>
