4800 6659
412 555 474 614 ιιι
1079 541 1205 601 mous
1223 541 1429 601 uouemus

410 701 513 757 -salntis
529 699 617 755 futuri
635 700 691 754 sint
707 698 872 770 participes,
899 700 947 755 sed
966 699 1132 771 requirimus
1149 704 1178 754 et
1196 714 1247 752 nos
1277 699 1400 762 elmere,
1422 700 1490 769 quain
1506 698 1571 752 licet
1588 699 1693 752 neritus
1708 698 1907 768 promissiones
1921 698 2117 767 sitpsrpstssa,

416 788 603 844 mnditionem
620 785 686 841 fidei
697 786 916 857 perseverantis,
935 786 1063 841 addimus
1075 789 1177 852 autem,
1190 798 1251 838 esse
1276 792 1369 839 tumen
1388 786 1582 839 conditionata
1601 792 1649 853 est,
1668 803 1724 838 non
1742 785 1880 851 amotam,
1899 784 2012 852 alioqui
2023 801 2117 837 omnes

415 890 509 929 raram
535 870 617 927 fidem
644 888 700 926 non
724 877 847 936 tantum,
869 872 980 943 quando
1007 871 1036 926 in
1060 871 1122 941 ipsu
1141 870 1251 924 actione
1276 880 1424 941 apostatae
1448 874 1641 940 salvarentur,
1667 875 1702 925 de
1726 872 1788 925 illis
1807 872 1880 924 esim
1897 888 1993 924 uerrsm
2014 878 2055 924 est
2075 869 2117 923 di·

416 958 545 1029 baptismi
566 958 750 1029 apprehendit
774 958 982 1028 promissionem
1007 957 1128 1029 gratim,
1156 970 1252 1009 verum
1278 976 1358 1012 cere:
1393 959 1573 1013 madidas-rma
1604 965 1630 1010 et
1663 958 1798 1026 bapti-'rati
1829 965 1910 1024 sunt,
1949 957 2118 1024 intellipitur

416 1046 499 1101 edam
531 1044 643 1115 quando
673 1050 739 1114 post
765 1045 933 1115 baptismum
962 1060 1023 1098 eam
1051 1041 1166 1104 retinet,
1197 1040 1252 1094 imo
1278 1047 1372 1114 itaque
1393 1044 1536 1098 conditio:
1561 1044 1589 1096 si
1607 1045 1795 1113 pemnunserit
1819 1044 1850 1095 in
1874 1043 1930 1106 fide
1955 1051 1980 1095 ut
1993 1043 2119 1109 foedere

415 1130 529 1203 quando
556 1137 620 1201 post
646 1130 755 1200 lapsum
782 1129 1002 1202 inpoenitentia
1025 1144 1120 1181 rursus
1138 1124 1254 1196 promit·
1280 1132 1455 1200 baptismali,
1484 1129 1581 1183 solvus
1603 1130 1674 1199 erit,·
1712 1130 1813 1199 quocun·
1842 1146 1897 1182 non
1916 1129 2119 1197 permanserit,

315 1270 319 1276 ,
416 1217 521 1272 donem
547 1216 623 1271 illam
649 1215 841 1288 apprehendit
877 1216 918 1272 Ut
940 1215 1043 1270 veritas
1064 1210 1253 1284 promissionis
1279 1235 1336 1270 non
1353 1217 1509 1270 salvabitur
1528 1217 1729 1283 incrementis,
1747 1215 1800 1267 sed
1817 1215 1900 1267 uliud
1917 1232 2055 1283 qrmescre
2073 1215 2119 1267 dc-

417 1304 447 1359 in
470 1302 609 1374 baptismo
632 1300 712 1357 nobis
736 1302 828 1357 factm
845 1306 1006 1373 perseverat
1023 1315 1112 1371 usque
1130 1298 1159 1352 in
1177 1314 1254 1351 secu·
1280 1305 1330 1360 bet.
1365 1302 1590 1371 Respondemus:
1623 1319 1678 1372 quo
1703 1318 1788 1356 sensu
1813 1300 2008 1371 promissiones
2037 1316 2119 1355 evan·

418 1390 494 1457 lum;
519 1389 560 1443 ita
587 1403 698 1459 quoque
726 1385 795 1442 fides
821 1388 849 1441 in
877 1388 994 1442 eandem
1010 1401 1153 1456 nunquam
1170 1383 1255 1438 debet
1281 1388 1387 1459 gelicae
1417 1388 1526 1458 possint
1556 1387 1611 1441 dici
1643 1387 1856 1456 conditionales,
1884 1387 2064 1456 exposuimus
2092 1386 2119 1440 iu

418 1473 572 1539 intermitti,
592 1472 640 1528 sed
659 1489 747 1543 usque
767 1472 805 1527 ad
822 1478 937 1528 mortem
953 1473 991 1526 ali
1007 1479 1036 1527 et
1052 1469 1176 1525 roborari
1194 1486 1254 1538 per·
1280 1480 1400 1528 tractatu
1422 1474 1458 1528 de
1481 1489 1579 1544 evang.
1608 1470 1634 1547 ξ
1654 1479 1695 1527 lt.
1720 1471 1772 1527 hoc
1791 1473 1852 1527 loco
1870 1488 2027 1541 monemus,
2055 1489 2119 1526 con·

420 1565 506 1631 petua
544 1558 620 1612 illius
662 1557 853 1628 promissionis
891 1558 1089 1613 recordatione.
1141 1553 1254 1609 Dictum
1281 1559 1413 1614 ditionem
1439 1558 1515 1613 illam
1542 1575 1602 1613 esse
1628 1558 1803 1628 bipartitam3
1835 1559 1883 1630 qui
1914 1558 2065 1613 crediderit
2093 1566 2120 1612 et

419 1644 535 1703 Roman.
557 1649 580 1699 3.
606 1644 735 1715 generale
759 1650 802 1699 est
824 1644 859 1699 de
882 1643 1010 1698 omnibus
1029 1643 1082 1698 Dei
1108 1639 1201 1696 serbis
1227 1621 1440 1717 et¹haptizstus
1466 1644 1564 1712 tuerit,
1591 1644 1684 1698 salvus
1709 1645 1773 1711 erit,
1797 1644 1850 1698 hoc
1868 1650 1911 1698 eet
1929 1645 1989 1698 sive
2006 1645 2036 1697 in
2054 1660 2122 1714 vera

419 1730 574 1803 promissis,
595 1729 697 1800 quibus
722 1729 746 1784 ai
766 1730 811 1785 vel
830 1730 948 1785 maxim
966 1728 1091 1784 homines
1107 1728 1191 1782 fidem
1209 1726 1255 1779 de·
1281 1731 1336 1787 fide
1355 1739 1382 1787 et
1399 1729 1558 1786 obedientia
1575 1747 1643 1802 erga
1655 1731 1747 1785 Deum
1770 1730 1994 1801 perseveraverit,
2014 1729 2120 1785 sivein

419 1823 530 1888 negent,
548 1817 608 1887 ipse
625 1822 720 1870 tamen
738 1824 832 1872 manet
841 1833 923 1872 veras
942 1822 970 1871 et
987 1821 1126 1883 constans,
1143 1830 1176 1867 ac
1194 1830 1255 1882 pro·
1282 1826 1397 1890 peccata
1423 1817 1569 1887 prolapsus
1591 1834 1641 1878 ner
1660 1833 1754 1871 seram
1772 1816 1971 1887 poenitentiam
1988 1820 2018 1870 et
2035 1815 2119 1871 fidem
2152 1808 2159 1814 “

291 1910 312 1953 t
325 1904 505 1959 eonii-missa
531 1902 605 1956 illius
631 1907 745 1958 manent
770 1904 889 1959 veracis.
925 1905 952 1955 3.
970 1904 1063 1955 Locus
1091 1903 1116 1955 2.
1136 1901 1209 1953 Tim.
1230 1901 1254 1953 2.
1283 1906 1318 1959 ad
1344 1904 1435 1958 Deum
1465 1919 1592 1957 reversus
1624 1902 1721 1970 fucrit,
1754 1903 1908 1974 baptismus
1936 1903 1972 1957 ad
1999 1902 2119 1956 salutem

292 1964 634 2061 Ιιοῗιυιῗῖῃ,,ιιιιοιιιίιιιοιιιιιι
660 1990 882 2043 conditionatum
907 1988 1040 2055 eonmnet,
1066 1988 1093 2039 si
1114 1985 1256 2055 uspuoem'·
1282 1990 1335 2061 ipsi
1355 1989 1452 2045 efficax
1474 1989 1533 2044 erit,
1571 1988 1687 2058 Regerit
1702 1989 1903 2043 Bellarminus:
1929 1992 1956 2045 2,
1976 1992 2054 2043 Eum
2073 1990 2122 2058 qui

422 2094 497 2142 mus,
527 2076 576 2128 ille
601 2075 713 2141 nepulit
738 2092 797 2130 nos.
840 2074 1065 2146 Respondemus:
1092 2089 1158 2127 saue
1185 2071 1255 2138 illos,
1283 2077 1366 2129 semel
1384 2076 1489 2128 eacs'dit
1508 2094 1527 2128 a
1544 2077 1660 2139 foedere
1680 2076 1823 2146 baptismi,
1842 2094 1898 2128 non
1913 2092 1999 2144 posse
2020 2076 2121 2128 iterum

421 2162 470 2234 qui
496 2168 558 2231 post
580 2161 748 2231 baptismum
770 2161 799 2214 in
817 2161 925 2216 delictis
943 2164 1039 2215 contra
1056 2156 1256 2213 conscientiam
1282 2165 1324 2215 ad
1344 2162 1421 2215 alud
1443 2163 1554 2230 redire,
1577 2180 1639 2214 cunr
1663 2180 1719 2215 non
1735 2164 1870 2215 redeatur
1890 2164 1932 2213 ad
1942 2154 2057 2227 foedus
2074 2162 2120 2213 tn

420 2263 516 2304 secure
545 2252 723 2316 perseverant
750 2246 979 2317 etpertinaciter
1005 2246 1064 2300 sina
1086 2243 1257 2314 poenitentia
1278 2248 1381 2315 ptismi
1403 2265 1456 2316 per
1483 2247 1574 2300 solum
1603 2248 1811 2316 cogitationem,
1836 2248 1887 2299 sed
1906 2263 1962 2315 per
1988 2247 2122 2315 baptismi

419 2333 481 2389 Deo
499 2331 686 2401 obluctantur,
709 2332 787 2388 Deus
811 2334 910 2404 abjicit
934 2337 962 2388 et
985 2331 1127 2403 repudiat3
1145 2329 1253 2384 interim
1284 2334 1467 2402 iterationem,
1486 2350 1557 2402 quae
1573 2333 1653 2387 nullo
1672 2334 1756 2386 modo
1775 2332 1867 2395 tieem,
1886 2334 1959 2384 ιιιιιι
1978 2334 2020 2385 ud
2029 2334 2120 2400 fidem

419 2426 513 2476 ιιιιιιιι
531 2436 591 2486 eos,
617 2420 664 2492 qui
681 2426 745 2489 post
767 2420 862 2490 lapsus
879 2437 930 2490 per
947 2418 1148 2490 poenitentiam
1165 2432 1255 2471 rever-
1281 2420 1377 2472 redire
1402 2418 1523 2482 dicitur,
1548 2437 1603 2472 non
1629 2418 1680 2487 qui
1695 2419 1813 2486 sopitat,
1839 2418 2045 2486 utaliquando
2064 2436 2119 2471 cre-

420 2510 530 2569 tsrntur,
549 2505 576 2558 vi
594 2506 713 2561 foederis
732 2510 760 2560 et
778 2506 967 2574 promissionis
985 2505 1070 2560 semel
1089 2504 1117 2557 in
1137 2503 1256 2574 gratiam
1283 2504 1408 2567 didisse,
1433 2506 1485 2557 sed
1509 2505 1559 2572 qui
1585 2505 1686 2557 iterum
1704 2511 1770 2557 uota
1788 2504 1888 2572 incipit
1905 2506 2030 2557 credere.
2066 2504 2119 2558 lle-

420 2590 535 2660 recipit,
562 2607 624 2644 cum
649 2590 685 2644 sit
706 2588 795 2645 fidelis
823 2597 853 2645 et
870 2610 900 2647 se
920 2591 1025 2661 ipsum,
1047 2590 1099 2645 hoc
1116 2596 1159 2643 est
1177 2605 1256 2642 suam
1282 2589 1463 2661 spondemus:
1490 2605 1558 2644 sane
1583 2590 1642 2644 sola
1667 2590 1800 2644 memoria
1825 2595 1853 2643 st
1877 2589 2010 2644 historica
2028 2607 2117 2645 recor·

420 2675 636 2732 misericordiam
653 2682 682 2730 et
698 2675 905 2745 promissionem
923 2693 956 2731 ex
974 2693 1008 2731 es
1024 2675 1136 2742 iactam,
1153 2690 1257 2744 negare
1282 2675 1394 2731 datione
1416 2674 1548 2745 baptismi
1572 2674 1633 2729 sine
1657 2691 1724 2730 sera
1746 2675 1917 2745 poenitentia
1940 2680 1969 2729 et
1992 2673 2050 2729 fide
2073 2692 2117 2729 ne

420 2779 476 2817 uon
500 2762 594 2833 possit.
623 2762 859 2832 Distinguendum
884 2761 971 2833 igitur
993 2762 1066 2816 inter
1084 2766 1200 2832 peccata
1217 2759 1256 2813 in·
1284 2778 1423 2832 quaquam
1439 2760 1546 2815 reditur
1564 2759 1599 2813 ad
1618 2760 1719 2815 foedus
1738 2761 1883 2833 baptismi,
1901 2761 1951 2815 scd
1968 2760 2047 2816 fideli
2065 2778 2117 2815 me

420 2846 573 2909 firmitatis,
600 2848 695 2916 lapsus
719 2848 910 2918 quotidianos,
938 2847 1040 2904 delicta
1064 2846 1257 2913 involuntaria,
1282 2849 1370 2902 moria
1388 2850 1431 2915 (ut
1448 2847 1488 2900 sic
1506 2846 1614 2915 loquar)
1637 2846 1689 2900 boe
1707 2848 1816 2901 esttali
1835 2847 1980 2911 memoria,
2002 2854 2119 2918 quaest

420 2932 465 2986 sel
490 2932 573 2987 etiam
593 2933 733 3003 muniones
752 2934 864 3003 lapsus,
884 2950 952 3004 quos
972 2933 1096 3004 sequitur
1115 2932 1257 3002 poeniten·
1283 2950 1376 2989 veram
1400 2931 1599 3004 poenitentiam
1617 2936 1646 2985 ct
1662 2930 1745 2985 fidem
1764 2932 1849 2987 habet
1868 2934 2063 3002 conjunctam,
2085 2933 2119 2987 ad

272 3075 274 3079 ,
421 3017 476 3086 ιίι;
501 3025 528 3073 et
549 3018 621 3074 iuter
640 3018 809 3073 obstinatam
827 3019 1010 3090 pertinaciam
1028 3037 1092 3073 cum
1111 3018 1188 3073 finali
1207 3018 1257 3071 im·
1282 3019 1382 3074 foedus
1409 3018 1479 3073 illud
1497 3018 1645 3087 pristinum
1664 3017 1748 3073 rediri
1767 3022 1868 3087 potest.
1902 3018 1943 3074 Ut
1959 3019 2035 3074 enirn
2052 3018 2119 3075 tides

298 3111 351 3162 'lx
364 3104 594 3176 repoenitenti
617 3106 808 3175 conjunctam,
835 3106 871 3160 de
894 3123 950 3177 qua
975 3105 1056 3160 Zach
1083 3111 1127 3166 ll,
1154 3123 1179 3159 v.
1212 3110 1256 3159 1οι
1283 3105 1432 3176 gratuitam
1457 3104 1666 3175 promissionem
1693 3103 1728 3158 de
1753 3103 1912 3158 remissione
1940 3110 2118 3175 peccatorum

320 3216 332 3222 ·
395 3259 398 3266 .
423 3190 494 3245 Tuli
508 3192 615 3259 uirgam
632 3209 728 3256 meum,
746 3210 818 3262 quae
834 3193 987 3247 uocabatur
1006 3191 1144 3257 amabilis,
1157 3199 1182 3244 et
1193 3209 1257 3245 con-
1283 3197 1397 3262 propter
1414 3190 1555 3245 Christum
1580 3191 1610 3245 in
1635 3190 1774 3260 baptismo
1802 3190 1856 3244 sibi
1875 3188 1999 3245 oblatam
2016 3192 2119 3263 ample·

420 3277 499 3345 srepi
522 3295 597 3343 com,
623 3286 653 3331 ut
676 3279 790 3331 irritum
813 3279 938 3339 sacuam
956 3280 1067 3346 foedus
1093 3290 1182 3331 meum
1204 3281 1256 3331 etc.
1283 3276 1367 3330 ctitur
1397 3276 1505 3346 sibique
1534 3276 1673 3346 applicat3
1701 3276 1741 3329 ita
1772 3277 1870 3332 eadem
1901 3276 1971 3332 fides
2003 3278 2119 3334 eandem

293 3345 446 3455 ssfflmd.
467 3366 558 3419 Louu
583 3364 688 3418 Jerem.
706 3367 732 3417 3.
752 3365 848 3432 docet,
873 3366 966 3417 Deum
991 3365 1116 3432 recipcre
1133 3364 1258 3418 homines
1283 3361 1490 3433 promissionem
1518 3362 1547 3415 in
1568 3361 1654 3415 serbo
1677 3361 1814 3432 evangelii
1833 3361 1979 3431 repetitam
1998 3370 2026 3418 et
2044 3363 2119 3418 insti·

293 3466 379 3508 aaron,
389 3462 409 3507 ι.
421 3452 463 3505 nd
480 3450 617 3520 pretium,
646 3450 673 3502 ιι·
697 3451 829 3515 redeant,
856 3452 908 3503 sed
932 3468 988 3504 non
1007 3453 1105 3518 docet,
1132 3450 1258 3519 necinus
1282 3449 1388 3503 tutione
1403 3464 1499 3502 sacrae
1514 3464 1617 3503 menae
1630 3446 1820 3502 confirmatam
1832 3447 1860 3501 in
1871 3464 1937 3502 vera
1948 3449 2120 3518 poenitentia

421 3539 518 3592 eodem
550 3537 635 3589 modo
664 3542 691 3588 et
715 3551 770 3603 per
798 3536 896 3587 eudem
927 3536 1127 3603 instrumenta,
1158 3536 1258 3604 quidne
1282 3534 1466 3604 amplectitur,
1484 3550 1534 3603 per
1547 3532 1724 3604 quamhomo
1738 3531 1895 3602 baptisatus
1909 3533 2043 3588 denuoin
2057 3552 2117 3606 grs-
2193 3547 2197 3554 ·

420 3631 504 3677 antea
529 3621 645 3689 recepit.
686 3620 911 3690 Respondemus:
940 3621 963 3674 si
985 3638 1035 3691 per
1059 3625 1176 3676 eundem
1200 3639 1256 3676 mo·
1283 3620 1350 3674 tiam
1366 3623 1394 3671 et
1408 3618 1506 3673 foedus
1515 3618 1569 3673 Dei
1584 3619 1724 3688 recipimur.
1742 3619 2119 3693 Praeceduuthaeargutiae

420 3707 488 3761 dum
504 3711 533 3761 et
550 3722 599 3774 per
617 3705 714 3760 eedem
726 3705 910 3759 instrumenta
924 3705 1055 3777 intelligit
1065 3704 1255 3762 Bellarminui
1283 3704 1446 3760 Bellarmiui
1462 3720 1494 3758 en
1510 3704 1684 3775 ignoratione
1702 3704 1776 3767 fidei,
1795 3704 1934 3776 gratuitae
1942 3706 2118 3775 justificatio

419 3791 551 3861 baptismi
571 3790 759 3857 iterationem,
778 3807 915 3861 negamus
936 3798 964 3847 et
982 3810 1039 3860 nos,
1060 3793 1157 3848 eodem
1175 3794 1257 3848 modo
1283 3793 1334 3859 nis,
1355 3792 1523 3846 remissionis
1541 3799 1726 3861 peccatorum,
1742 3791 1937 3861 poenitentiae,
1950 3792 2062 3848 virtutis
2072 3793 2117 3849 ba·

419 3883 448 3934 et
466 3889 515 3948 per
534 3876 632 3931 eedem
648 3874 830 3930 instrumenta
847 3875 940 3945 lapsos
958 3883 1022 3948 post
1041 3878 1210 3948 baptismum
1228 3879 1256 3931 in
1283 3878 1376 3949 ptismi
1394 3885 1446 3932 etc.
1464 3876 1547 3933 fidem
1565 3878 1638 3931 enim
1657 3877 1756 3932 definit
1773 3893 1824 3947 per
1842 3877 1945 3931 nudam
1958 3878 2117 3934 historicam

419 3965 536 4036 gratiam
556 3961 649 4032 recipi.
687 3961 716 4015 si
731 3978 796 4016 vero
814 3962 958 4034 iutelligit,
976 3963 1063 4035 gratis
1076 3964 1104 4018 in
1118 3963 1256 4043 baptismo
1283 3963 1409 4018 notitiam
1435 3963 1479 4016 vel
1496 3963 1589 4033 potius
1609 3961 1809 4033 ignorantiam
1831 3964 2060 4034 justificationem
2078 3982 2117 4020 se·

419 4068 453 4106 ex
479 4065 562 4119 opere
585 4053 700 4118 operato
727 4047 827 4102 remitti
846 4056 976 4118 peccata,
1004 4056 1068 4121 post
1088 4051 1254 4120 baptismum
1283 4051 1402 4104 cundem
1419 4065 1436 4103 a
1454 4049 1558 4104 meritis
1578 4067 1693 4119 operum
1711 4056 1866 4105 nostrorum
1884 4050 2007 4119 deducit,
2026 4053 2118 4106 remu·

419 4153 484 4189 vero
509 4135 609 4189 nostris
636 4133 766 4206 operibus
793 4138 822 4188 et
846 4134 1082 4191 satisfactionibus
1101 4153 1194 4192 eorum
1215 4153 1256 4192 re·
1282 4138 1385 4190 sionem
1405 4142 1582 4206 peccatorum
1601 4153 1651 4206 per
1668 4136 1771 4191 realem
1791 4136 1957 4191 deletionem
1976 4144 2006 4191 et
2023 4139 2116 4193 exstir-

419 4219 576 4275 missionem
607 4219 831 4291 promerendam,
862 4218 991 4288 dicimus,
1023 4225 1055 4275 ut
1086 4222 1183 4276 eadem
1214 4230 1257 4278 est
1281 4224 1421 4292 petionem
1451 4222 1596 4291 describit,
1627 4239 1644 4275 a
1668 4222 1855 4291 poenitentiae
1880 4222 2008 4293 partibus
2035 4223 2117 4279 fidem

419 4305 473 4360 Dei
492 4304 679 4360 misericordia
698 4306 727 4360 in
746 4305 885 4376 baptismo
904 4312 932 4361 et
951 4312 1015 4376 post
1032 4308 1199 4378 baptismum
1214 4326 1254 4363 re·
1282 4308 1419 4375 excludit,
1438 4307 1567 4362 virtutem
1588 4305 1718 4376 baptismi
1736 4322 1769 4361 es
1789 4323 1872 4377 opere
1891 4314 2006 4378 operato
2025 4310 2118 4366 valere

419 4390 553 4445 mittentis
583 4396 713 4462 peccatat
751 4399 783 4446 ut
809 4392 883 4447 idem
914 4399 957 4446 est
986 4394 1086 4449 Christi
1119 4397 1255 4465 meritum,
1283 4395 1467 4466 disputatetc.
1493 4397 1521 4447 3.
1529 4393 1684 4447 Ιιιαέιιιαι
1693 4410 1747 4446 non
1757 4395 2009 4448 commemorabant
2018 4398 2118 4451 ιιίιιιιι

419 4484 532 4549 propter
559 4479 632 4548 quod
657 4477 736 4532 Deus
759 4485 876 4549 peccata
902 4479 1032 4548 remittit3
1059 4486 1091 4534 ut
1115 4481 1187 4536 idem
1215 4493 1256 4538 est
1282 4484 1318 4534 de
1334 4482 1470 4548 Aegypto,
1490 4478 1573 4548 quasi
1589 4495 1622 4530 eu
1641 4481 1900 4535 commemoratione
1912 4490 2034 4549 peccatu
2048 4501 2118 4552 pur-

419 4562 534 4620 verbum
553 4564 703 4635 evangelii,
723 4564 752 4619 iu
772 4582 827 4636 quo
846 4566 997 4636 gratuitam
1014 4574 1193 4637 peccatorum
1216 4587 1255 4625 re·
1282 4575 1427 4638 parentur,
1444 4568 1497 4619 sed
1514 4573 1544 4617 ut
1562 4573 1774 4620 commemorato
1793 4575 1851 4620 tam
1872 4568 1978 4635 insipni
1988 4568 2118 4633 beneficio

420 4649 578 4705 missionem
603 4649 680 4705 Deus
706 4650 801 4715 offert,
829 4651 941 4708 exhibet
967 4657 996 4706 et
1022 4655 1182 4709 annuntiat:
1216 4657 1256 4711 ita
1283 4660 1432 4722 arpuercnt
1452 4653 1508 4720 ipsi
1520 4669 1600 4703 saum
1615 4669 1683 4719 erpa
1699 4655 2118 4722 Deuminqrntitudinsmeteo

422 4752 532 4809 quoque
551 4752 584 4790 ex
603 4743 682 4805 parte
701 4745 795 4793 nostra
813 4756 898 4793 unum
912 4738 1041 4810 idemque
1054 4756 1115 4795 esse
1127 4743 1256 4806 medium,
1283 4742 1365 4793 modo
1383 4756 1412 4791 se
1431 4741 1472 4791 ud
1483 4739 1684 4807 poenitentium
1692 4748 1888 4809 prouocarent,
1909 4745 1987 4811 quod
2001 4761 2117 4798 commo

422 4839 478 4897 quo
506 4822 535 4875 in
566 4820 702 4891 baptismo
732 4830 760 4878 et
786 4830 849 4893 post
873 4825 1042 4896 baptismum
1068 4827 1256 4883 remissionem
1284 4829 1349 4879 dum
1370 4825 1449 4878 nohis
1467 4842 1574 4894 quoqne
1596 4827 1762 4895 baptismum
1782 4831 1885 4898 afferre
1902 4848 1958 4883 uon
1977 4846 2116 4898 negamus.

422 4914 600 4982 peccatorum
628 4909 834 4980 consequimur,
863 4912 993 4968 videlieet
1016 4912 1100 4967 fidem
1126 4913 1154 4968 iu
1179 4914 1256 4970 Chri·
1283 4911 1736 4982 Respondemuszcommemorstio
1746 4914 1794 4969 illa
1803 4932 1859 4970 non
1867 4914 1955 4969 solum
1963 4921 2025 4971 erat
2035 4917 2117 4987 ὁρμη·
2129 4928 2159 4969 11.
2170 4921 2197 4965 ta

422 5004 510 5059 stum,
533 4999 614 5068 cnjus
639 4996 816 5052 anteambulo
841 5000 983 5069 contritio,
1007 4999 1173 5071 pedissequa
1192 5019 1257 5057 vero
1285 4998 1378 5068 ιήιιιοι
1396 4998 1433 5051 ad
1450 4998 1662 5068 poenitentiam,
1688 4999 2117 5059 ⁸ed0ti³m0011firmaiiofidei

422 5083 496 5138 bona
525 5100 617 5152 opera.
659 5081 810 5151 Empbasin
845 5086 911 5139 dicti
939 5086 1094 5157 prophetici
1121 5087 1149 5141 in
1176 5104 1257 5159 argu·
1283 5085 1512 5139 Recordabantur
1525 5085 1598 5139 enim
1611 5085 1914 5158 foederis,quodDeus
1927 5090 2118 5159 cumpatriar·

422 5169 508 5224 menti
536 5167 623 5222 nostri
650 5168 767 5240 ἐργασίᾳ
794 5172 976 5238 exposuimus.
1028 5173 1104 5227 Deus
1128 5190 1258 5243 sponsam
1285 5170 2118 5242 chis‚p0pu1iisraeliticimajoribns,interstetmirscn-

423 5254 577 5310 adulteram
607 5270 671 5308 cum
697 5252 791 5307 multis
819 5256 989 5312 amatoribus
1014 5257 1177 5312 fornicatam
1202 5275 1257 5312 non
1285 5258 1344 5313 losa
1355 5257 1518 5312 liberatione
1531 5274 1563 5311 er
1577 5258 1708 5328 Aegypto
1721 5258 1938 5327 confirmaverat,
1956 5260 2024 5318 inde
2037 5262 2119 5318 fidem

418 5339 460 5401 ad
488 5340 563 5394 aliud
597 5357 680 5411 quam
712 5338 797 5393 semel
829 5339 927 5394 initum
953 5343 1105 5412 spiritualis
1133 5344 1257 5414 conjugii
1270 5342 1362 5399 l‘suam
1377 5344 1411 5399 de
1424 5342 1611 5397 misericordia
1620 5343 1673 5397 Dei
1685 5352 1801 5414 peccata
1812 5351 1925 5416 propter
1936 5346 2119 5404 Messiamre

295 5473 381 5515 conus
422 5433 535 5498 pactum
553 5425 653 5481 reverti
667 5424 756 5496 jubet
1271 5422 1419 5484 {mittentis
1449 5429 1655 5485 confirmabant.
1697 5431 1839 5502 Siquidem
1866 5436 2119 5492 commemorationi

294 5536 415 5575 amnuen-
461 5517 517 5567 156.
554 5513 726 5584 Argumento
744 5526 762 5564 a
782 5515 918 5580 perpetua
936 5513 1122 5581 promissionis
1142 5496 1404 5584 veritateifoederis
1422 5516 1496 5570 illius
1511 5523 1538 5571 et
1551 5516 1721 5571 liberationis
1735 5534 1768 5571 en
1781 5517 1911 5589 Aegypto
1925 5519 2119 5578 includebatur

294 5580 404 5679 ξᾞβζῶ,
424 5597 508 5653 ducto
532 5604 560 5653 et
582 5597 706 5667 exemplo
730 5595 920 5651 israelitarum
947 5596 976 5651 in
1000 5617 1063 5654 vera
1089 5590 1441 5677 poenitentia{recordetio
1466 5602 1653 5673 promissionis
1679 5604 1712 5658 de
1739 5604 1856 5670 Maesia,
1884 5620 1947 5659 cum
1971 5606 2119 5664 foederalis

295 5682 393 5730 promu·
424 5682 513 5739 exitus
530 5701 563 5738 ex
576 5684 710 5755 Aegypto
724 5681 927 5739 recordantium
941 5684 1103 5742 confirmato
1117 5688 1259 5743 Bellarmi·
1272 5683 1474 5760 {promissionis
1499 5695 1585 5758 caput
1608 5688 1769 5758 primarium
1793 5689 1878 5746 fuerit
1902 5690 1990 5746 istud:
2020 5695 2057 5748 ln
2078 5712 2119 5749 ss·

294 5733 398 5825 {iiiia
424 5785 476 5824 nus
499 5768 551 5825 hoo
573 5770 708 5846 obvertit,
744 5775 766 5827 1.
783 5777 975 5843 argumentum
1001 5773 1078 5829 illuct
1098 5774 1171 5831 nibil
1195 5756 1359 5839 con-imina
1385 5783 1432 5829 tuo
1461 5774 1657 5830 benedicentur
1685 5791 1778 5829 omnes
1802 5784 1911 5846 pentes,
1943 5794 2064 5853 cumque
2088 5796 2120 5839 eo
