4800 6659
972 436 1024 495 DE
1043 432 1166 494 ΒΔΟΒΟ
1183 432 1386 500 mistio,
1905 497 1907 502 .
1959 446 2022 504 319

322 586 415 643 dimus
445 588 612 647 foederalem
631 592 808 651 emetitatesn
823 592 1043 651 Christianorum
1059 591 1163 659 liberis,
1190 589 1283 646 absai
1301 608 1416 650 1111111
1432 594 1508 664 uper
1523 595 1650 666 eoniapii
1665 602 1693 650 st
1710 613 1766 650 non
1783 594 1864 650 111111
1879 593 2024 649 111111111-
2036 590 2073 637 11·
2086 592 2132 639 tet.

321 674 469 745 posteriori
486 680 579 732 autern
598 695 682 735 sensu
700 696 851 753 negamus3
870 680 941 738 Gen
957 687 996 752 tr,
1014 687 1078 737 1.·1.
1097 696 1159 751 pre·
1187 678 1248 745 nio,
1273 697 1336 734 eam
1354 681 1484 747 infideles
1500 699 1557 736 san
1576 682 1736 737 1111111111
1751 698 1782 736 11
1799 700 1818 735 1
1838 681 1941 751 copula
1958 698 2023 736 eon-

321 761 409 816 mittit
429 761 514 832 Deus,
533 764 609 835 quod
623 766 692 822 velit
708 784 768 823 esse
785 768 862 825 Deus
881 768 1013 825 Abrahae
1032 775 1061 824 et
1080 766 1159 822 semi·
1185 765 1282 836 ispali
1298 774 1421 838 tempere
1438 770 1587 839 menstrui,
1611 785 1698 839 neque
1715 776 1825 824 1111111
1843 769 1957 822 modam
1973 787 2024 824 na

322 848 365 903 nis
383 848 444 918 ejus
464 848 585 921 itemque
603 851 632 906 in
652 852 686 909 N.
704 853 736 908 T.
756 854 879 910 omnium
899 872 1009 923 eorum,
1030 853 1159 926 quisunt
1185 853 1314 907 taralem.
1367 853 1497 911 Secunda
1530 855 1666 927 expositio
1694 856 1818 927 proxime
1848 855 1956 912 accedit
1985 855 2022 909 ad

321 952 355 990 ex
378 934 434 989 fide
452 934 599 1006 Abrahae,
627 956 744 1010 quorum
767 940 869 997 liberos
890 941 919 995 iu
936 941 1035 998 foedus
1051 940 1159 1012 gratias
1184 942 1299 994 textum.
1340 940 1479 996 Addimus
1506 942 1536 996 is
1564 947 1739 1016 περιουσίας,
1775 943 1797 996 11
1827 943 1872 997 vel
1903 941 2022 997 maxime

320 1020 389 1077 velit
417 1021 554 1092 recipere,
585 1041 642 1079 non
668 1030 761 1080 autem
790 1024 949 1084 immediate
973 1028 1019 1083 vel
1045 1031 1159 1098 propter
1184 1024 1293 1080 interna
1320 1028 1452 1083 sanctitas
1480 1045 1545 1084 cum
1572 1029 1780 1101 regeneratione
1811 1030 1962 1099 conjuncta
1992 1028 2022 1082 in

321 1108 462 1164 carnalem
481 1124 514 1162 ex
534 1109 696 1167 Christianis
714 1113 878 1184 parentibus
896 1114 1084 1183 nativitatem,
1108 1112 1158 1169 sed
1185 1111 1236 1167 hoc
1259 1113 1383 1169 membro
1405 1114 1439 1171 de
1462 1115 1557 1172 liberis
1575 1116 1699 1171 fidelium
1713 1115 1929 1187 intelligeretur,
1953 1131 2021 1169 non·
2097 1139 2103 1188 '·.

321 1195 350 1250 in
367 1195 403 1251 V.
425 1194 458 1251 T.
483 1210 534 1265 per
558 1204 761 1253 sacramentum
779 1199 1004 1265 circumcisionis,
1023 1200 1053 1254 in
1069 1199 1104 1255 N.
1123 1198 1156 1252 T.
1184 1198 1251 1252 dum
1262 1204 1356 1255 tamen
1371 1218 1543 1274 consequens
1561 1202 1629 1272 fore,
1650 1203 1725 1275 quod
1744 1201 1824 1258 liberi
1843 1201 2021 1256 sanctitatem

319 1297 371 1352 per
399 1288 602 1337 sacramentum
628 1283 775 1354 baptismi,
806 1287 880 1341 unde
907 1304 933 1341 v.
963 1291 1003 1344 10.
1031 1285 1157 1341 additur:
1183 1284 1260 1340 illam
1277 1302 1311 1341 ex
1329 1288 1492 1356 parentibus
1509 1306 1560 1359 per
1576 1288 1717 1344 carnalem
1732 1287 1906 1343 nativitatem
1925 1303 2020 1342 secum

319 1368 384 1421 Hoc
407 1375 447 1421 est
467 1370 572 1432 foedus
589 1387 692 1442 meam,
717 1374 794 1441 quod
810 1371 958 1427 semabitis
975 1372 1049 1425 inter
1068 1388 1111 1425 ms
1131 1378 1158 1425 11
1182 1370 1308 1437 trahant,
1333 1373 1383 1428 sed
1406 1374 1482 1444 quod
1507 1373 1536 1428 in
1556 1373 1695 1445 baptismo
1712 1373 1773 1443 ejus
1790 1372 1940 1444 participes
1958 1371 2019 1425 red-

319 1472 368 1508 ros
391 1461 416 1507 et
433 1470 524 1508 semen
542 1464 674 1528 oestrum,
701 1459 918 1512 circumcidetur
935 1458 966 1511 in
982 1457 1060 1512 nobis
1078 1474 1157 1511 omne
1183 1456 1294 1534 dantur,
1311 1475 1375 1513 cum
1384 1459 1500 1515 dubium
1513 1460 1620 1515 nullum
1634 1461 1678 1530 sit,
1693 1458 1897 1515 Corinthiorum
1908 1453 2019 1526 libercs',

319 1541 521 1611 mascnlinum
547 1560 573 1599 v.
594 1548 638 1599 14:
657 1545 808 1610 marcidas,
827 1546 909 1616 cujas
927 1561 994 1598 earo
1009 1544 1156 1613 praeputii
1183 1543 1338 1615 dequibus
1355 1544 1401 1600 hic
1419 1546 1480 1617 agit
1497 1547 1647 1619 apostnlus,
1665 1544 1752 1602 fusse
1771 1545 1934 1616 baptizatas.

319 1643 376 1678 non
386 1627 483 1692 faerit
501 1629 681 1698 circumcisa,
708 1631 887 1684 emeindetar
913 1630 1009 1684 anima
1033 1630 1095 1700 ejus
1119 1631 1155 1683 de
1217 1635 1276 1685 116.
1300 1636 1325 1686 2.
1343 1631 1420 1686 Rom.
1436 1637 1476 1701 11,
1494 1651 1519 1689 v.
1539 1639 1584 1689 16:
1605 1633 1640 1687 Si
1652 1632 1798 1703 primitiae
1816 1638 1932 1686 1111111
1943 1639 2016 1700 sant,
2027 1623 2085 1720 ᾗῇ
2086 1627 2152 1728 2⁶¹¹

314 1712 424 1781 populo
448 1730 514 1782 suo,
532 1722 687 1784 propterea
713 1717 790 1785 qaod
802 1723 919 1785 paetum
936 1732 1024 1769 msam
1041 1715 1154 1769 irritum
1180 1716 1266 1770 etiam
1289 1736 1383 1772 massa
1405 1720 1458 1773 erit
1474 1727 1590 1785 sanem
1608 1728 1635 1773 et
1651 1721 1678 1773 si
1696 1718 1783 1773 111111
1799 1725 1914 1781 saneta,
1932 1719 2100 1771 etiamnum

311 1798 414 1863 faerit.
450 1798 488 1853 Et
507 1799 608 1855 Petrus
626 1801 690 1855 Act.
703 1807 727 1867 2,
741 1820 768 1857 v.
783 1807 824 1859 38.
834 1807 876 1858 39.
894 1818 928 1857 ex
946 1801 995 1856 illa
1013 1801 1075 1872 ipsa
1091 1816 1154 1871 pro·
1180 1803 1256 1856 rami
1275 1814 1357 1859 eram
1370 1806 1468 1861 saneti.
1505 1807 1585 1874 Erpa
1604 1806 1690 1860 liberi
1710 1804 1934 1860 Christianorum
1947 1783 2160 1881 pio-{ffifm

319 1882 448 1937 missione
466 1884 582 1957 colligit,
600 1887 675 1958 quod
694 1904 745 1959 per
762 1887 930 1958 baptismum
949 1888 978 1940 in
996 1886 1095 1942 foedus
1112 1903 1152 1941 re-
1177 1895 1244 1956 ptsr
1266 1890 1440 1945 nativitatem
1464 1908 1498 1945 11
1525 1892 1628 1946 tulitin
1651 1891 1817 1961 porsenna
1833 1897 1899 1944 sant
1917 1890 2015 1946 111111.
2028 1884 2094 1927 ¹⁰¹³·
2108 1884 2140 1930 ¹¹·

318 1969 374 2040 cipi
397 1970 531 2040 debeant,
569 1973 725 2041 baptisatur
749 1974 937 2046 unusquisqne
958 1983 1079 2028 ecetram
1099 1979 1153 2031 etc.
1179 1973 1407 2045 Respondemus:
1446 1977 1641 2033 ”Balduinus
1680 1976 1715 2031 de
1750 1976 1834 2033 casib.
1867 1976 2016 2032 conscieut

323 2057 406 2109 Vobis
435 2056 508 2111 enim
535 2066 561 2111 st
578 2059 653 2128 filiis
680 2061 780 2114 restris
807 2061 891 2125 facta
920 2067 962 2115 est
991 2060 1153 2130 promissio.
1179 2059 1228 2115 lib.
1248 2066 1271 2115 2.
1289 2078 1312 2117 c,
1332 2069 1357 2117 4.
1378 2079 1402 2120 c.
1425 2068 1469 2119 101
1487 2064 1628 2132 Loquitur
1649 2064 1796 2133 apostolas
1815 2064 1852 2116 ds
1869 2064 2018 2117 1111111111

252 2188 256 2201 .
319 2142 355 2196 vi
380 2157 446 2214 ergo
464 2143 548 2215 hujus
565 2144 755 2216 promissionis
771 2145 852 2201 liberi
868 2144 1086 2201 Christianorum
1104 2145 1153 2201 ha·
1180 2146 1275 2215 ispali,
1294 2147 1362 2217 quia
1374 2149 1505 2204 videlicet
1517 2148 1748 2217 liberi-fideliam
1759 2156 1911 2217 parentam
1927 2150 1975 2216 ins
1992 2156 2018 2203 et

318 2228 386 2283 bent
409 2229 515 2284 aditum
542 2232 578 2285 ad
604 2232 702 2287 foedus
719 2233 791 2302 Dci3
815 2251 872 2288 non
893 2239 988 2288 autem
1005 2239 1071 2287 actu
1089 2238 1154 2291 suut
1177 2233 1359 2302 primiepinm
1383 2236 1486 2289 babent
1503 2236 1693 2305 consequendi
1708 2237 1782 2288 borsa
1803 2235 1952 2302 ecelesiae,
1976 2236 2019 2288 ad

317 2315 347 2369 in
371 2315 496 2385 foedere,
520 2334 583 2373 cum
608 2326 686 2375 extra
709 2319 883 2376 necessitatis
905 2336 1001 2375 casum
1026 2336 1081 2374 non
1099 2318 1152 2373 nisi
1179 2334 1252 2387 qaas
1275 2320 1380 2390 retiqai
1401 2321 1478 2385 foris
1503 2321 1568 2378 nati
1583 2322 1675 2377 aiisrti
1690 2327 1770 2390 nint,
1795 2322 1885 2374 donec
1903 2328 1931 2374 st
1949 2319 2018 2378 sliu

320 2418 371 2471 per
389 2402 481 2458 media
497 2404 575 2459 Deus
594 2405 740 2461 nobiscum
758 2412 832 2478 agat.
1174 2421 1231 2473 per
1255 2405 1380 2473 lepitirm
1404 2407 1500 2462 media
1526 2407 1709 2463 advocaverit
1733 2408 1861 2461 Denter·
1905 2405 2017 2476 Nequa-

244 2520 259 2545 t·
355 2494 414 2545 215.
451 2490 604 2561 Opponunt
624 2498 645 2550 1.
668 2493 766 2551 1011.
786 2499 810 2562 7,
828 2510 854 2548 v.
878 2491 1152 2548 1111111011-
1179 2507 1263 2561 quam
1291 2491 1344 2548 hoc
1368 2494 1430 2548 vult
1451 2493 1610 2565 apostolus,
1645 2494 1721 2566 quod
1758 2490 1932 2565 patriarchae
1964 2507 2016 2546 sua

244 2562 296 2652 ζ,
318 2575 473 2631 etianarum
497 2595 626 2648 expresse
647 2580 682 2632 ab
700 2580 829 2649 sportolo
846 2578 944 2633 vocari
959 2585 1085 2641 sanctos,
1112 2576 1153 2630 in-
1178 2582 1279 2632 natura
1308 2578 1413 2635 fuerint
1443 2580 1548 2650 sancti,
1581 2586 1630 2636 aut
1661 2580 1736 2653 quod
1768 2580 1891 2651 ipsorum
1921 2583 2013 2649 postes

244 2663 444 2755 siinfi‘ldmm
478 2681 542 2718 sero
575 2665 680 2718 liberos
718 2666 885 2723 immundas.
927 2663 1153 2734 Respondemus:
1178 2664 1247 2719 ritas
1272 2672 1387 2737 propter
1412 2667 1550 2723 carnalem
1579 2685 1612 2724 ex
1639 2667 1695 2722 illis
1718 2665 1892 2723 nativitatem
1915 2655 2014 2719 sancta

244 2767 298 2807 sua·
318 2749 487 2806 ostendimus
513 2752 596 2821 paula
617 2751 743 2822 superius
759 2748 788 2826 ξ.
809 2757 865 2807 191.
883 2766 939 2805 non
958 2750 994 2805 de
1013 2767 1087 2806 mere
1104 2767 1152 2821 po-
1178 2751 1275 2821 tuerit,
1304 2754 1354 2807 scd
1380 2753 1455 2825 quod
1481 2753 1559 2809 Deus
1586 2754 1722 2826 primitias
1744 2753 1807 2807 illas
1834 2755 1863 2806 et
1890 2750 2013 2805 radicem

244 2829 293 2910 ᾗ,
319 2835 394 2890 litica
419 2836 574 2906 mundicia,
596 2854 648 2893 nec
667 2837 702 2892 de
722 2837 832 2893 interna'
849 2836 940 2891 cordis
957 2835 1104 2890 sanctitate
1124 2842 1153 2892 et
1178 2839 1398 2908 patriarcharum
1427 2839 1467 2895 its
1495 2839 1635 2906 dilexerit,
1665 2844 1697 2894 ut
1723 2839 1808 2896 vellet
1828 2854 1862 2892 ex
1890 2836 2013 2908 ipsorum

244 2923 295 3016 '28¹7
318 2922 465 2986 mundicia,
486 2924 536 2978 sed
554 2923 590 2978 de
607 2923 793 2979 ecclesiastica
810 2922 932 2994 quadam
950 2920 1096 2976 sanctitate
1107 2922 1151 2995 lo·
1177 2924 1341 2994 posteritate
1367 2926 1459 2981 adhuc
1485 2927 1587 2982 multos
1606 2931 1781 2990 convertere,
1810 2926 1966 2982 illuminare
1986 2932 2015 2985 et

260 3003 267 3016 '
295 3000 365 3078 'qui
382 3009 546 3080 apostolum,
567 3010 644 3082 quod
661 3010 766 3064 scilicet
782 3008 853 3063 tales
874 3006 955 3062 liberi
974 3006 1150 3062 1101111111-
1177 3024 1350 3080 regeuerare
1385 3010 1492 3082 Scopus
1519 3028 1640 3083 namque
1665 3012 1785 3084 apostoli
1802 3018 1845 3070 est
1860 3012 2013 3084 ostendere,

317 3096 360 3149 nis
388 3096 551 3166 parentibus
577 3098 652 3161 nati,
676 3097 700 3151 si
723 3096 768 3151 vel
791 3096 908 3150 maxime
933 3094 1067 3150 alteruter
1089 3099 1150 3149 tan·
1177 3096 1252 3166 quod
1278 3098 1359 3151 Deae
1389 3116 1444 3152 non
1474 3097 1610 3168 repulerit
1637 3099 1668 3152 in
1695 3099 1855 3153 nniversam
1875 3100 2013 3171 papdam

317 3187 376 3236 tum
400 3199 501 3253 parens
523 3182 612 3238 tidelis
636 3183 686 3251 111,
713 3186 880 3237 censeantur
897 3181 927 3235 iu
947 3180 1064 3237 ecclesis
1091 3180 1150 3235 nati
1176 3199 1265 3248 11111,
1282 3200 1309 3237 v.
1330 3189 1355 3239 1.
1391 3182 1425 3239 Id
1444 3185 1547 3255 probat
1564 3200 1598 3239 ex
1616 3183 1737 3251 foedere,
1756 3184 1832 3256 quod
1849 3202 1905 3240 non
1923 3187 2013 3241 solum

316 3273 400 3339 atque
419 3270 526 3324 adituum
538 3269 575 3324 ad
589 3269 757 3340 baptismum
769 3268 932 3324 initiationis
945 3274 1149 3323 sacramentum
1176 3285 1239 3322 cum
1263 3268 1403 3340 patribus,
1432 3270 1482 3325 sed
1499 3270 1585 3326 etiam
1604 3286 1668 3325 cum
1684 3270 1801 3341 posteris
1817 3270 1941 3342 ipsorum
1958 3270 2014 3327 fuit

314 3355 443 3411 habeant.
471 3355 623 3426 Apostolus
642 3356 745 3412 ibidem
763 3355 925 3427 pronuntiat
939 3373 964 3409 v.
988 3362 1030 3411 ll:
1053 3356 1148 3410 Virum
1175 3354 1282 3410 initum.
1317 3355 1379 3411 Hoc
1401 3361 1597 3429 argumentum
1620 3357 1763 3429 apostolus
1788 3357 1896 3413 duobus
1916 3357 2011 3412 simili-

313 3442 454 3507 infidelem
477 3444 654 3517 sanctificari
670 3459 726 3513 per
750 3443 895 3497 mulierem
908 3441 1026 3511 fidelem
1044 3450 1071 3496 et
1091 3461 1148 3495 ma·
1174 3442 1227 3498 bus
1260 3449 1391 3499 exornat:
1426 3445 1453 3497 si
1485 3445 1635 3514 primitiae
1669 3452 1785 3499 sanetae
1816 3448 1894 3511 sant,
1926 3445 2012 3497 etiam

312 3529 410 3582 iissem
436 3530 578 3594 infidelem
600 3531 777 3601 sanctificari
793 3547 846 3600 per
861 3530 951 3583 viram
967 3529 1096 3598 fidelem,
1118 3529 1148 3585 id
1174 3547 1286 3599 massa,·
1310 3531 1571 3600 1111111111111,
1596 3531 1682 3585 stiam
1700 3530 1783 3584 rami.
1818 3529 1900 3583 Prius
1921 3528 2011 3586 simile
2035 3580 2037 3584 .

312 3632 377 3669 vero
398 3614 434 3669 ad
457 3616 807 3683 internamsanctitatem‚
830 3632 913 3688 quam
937 3616 1070 3686 conjuges
1094 3614 1147 3670 sibi
1173 3614 1287 3686 respicit
1313 3616 1404 3687 legem
1423 3614 1578 3672 Leviticam
1592 3615 1640 3672 ‘de
1658 3616 1799 3672 oblatione
1818 3614 2010 3685 primitiarum,

314 3700 431 3755 invicem
449 3702 660 3770 communicent,
676 3701 894 3774 haudquaquam
912 3701 1034 3772 torqueri
1046 3706 1146 3773 potest
1173 3717 1224 3770 per
1251 3718 1334 3773 quarn
1362 3702 1610 3759 sanctificabantur
1633 3702 1730 3775 fruges
1747 3702 1884 3773 reliquae,
1919 3701 2008 3756 Exod

312 3789 356 3841 Ae
384 3788 536 3858 repetenda
562 3795 628 3842 sunt
654 3788 706 3844 hoc
734 3788 797 3844 loeo
823 3787 984 3859 Scripturas
1012 3787 1089 3842 dicta
1112 3786 1147 3842 ds
1176 3792 1223 3855 23,
1248 3806 1273 3842 v.
1295 3794 1333 3844 19.
1361 3788 1452 3847 Lerit.
1471 3795 1517 3857 23,
1535 3808 1561 3843 v.
1580 3796 1619 3847 10.
1655 3791 1737 3847 Num.
1761 3795 1806 3859 15,
1828 3808 1854 3847 v.
1879 3792 1918 3845 19.
1953 3788 2009 3843 Per

313 3875 514 3946 propagatione
534 3874 641 3945 peccati
661 3874 812 3947 originalis,
829 3891 901 3946 quae
919 3880 1064 3942 testantur,
1080 3874 1147 3930 libe·
1173 3874 1308 3943 primitias
1330 3881 1359 3930 11
1381 3876 1504 3932 radicem
1527 3876 1660 3948 intelligit
1684 3881 1796 3931 sanctos
1824 3873 2006 3946 patriarchas,

313 3977 358 4015 ros
377 3960 596 4015 Christianorum
619 3978 676 4016 non
696 3961 787 4016 minus
805 3978 864 4016 esse
882 3967 983 4017 natura
1000 3961 1072 4019 filios
1090 3961 1148 4015 irae
1173 3977 1222 4024 per
1240 3977 1358 4015 massam
1377 3967 1406 4016 11
1424 3978 1517 4016 ramos
1537 3962 1660 4033 ipsorum
1672 3966 1798 4032 posteros
1811 3966 1839 4016 et
1851 3978 1885 4016 ex
1897 3960 2007 4014 illorum

313 4063 345 4100 ac
372 4046 507 4117 reliquos,
535 4047 645 4118 concipi
671 4053 699 4102 et
723 4049 798 4104 nasei
823 4047 1008 4118 inpeccatis,
1033 4047 1146 4102 destitui
1173 4046 1321 4101 sanctitate
1350 4046 1433 4103 etiam
1459 4047 1557 4102 horum
1583 4046 1760 4102 sanctitatem
1788 4046 1930 4101 concludit
1954 4046 2007 4100 hoc

313 4133 403 4205 gloria
419 4133 548 4205 imaginis
566 4134 677 4189 divinae
694 4138 746 4189 etc.
781 4134 868 4188 Porro
883 4139 939 4189 tres
956 4140 1020 4188 sunt
1036 4142 1146 4204 patrum
1173 4149 1270 4187 sensu:
1306 4134 1330 4187 si
1352 4138 1446 4203 patres
1466 4131 1614 4188 israelitici
1638 4133 1736 4205 populi
1761 4139 1828 4188 suut
1845 4131 1948 4199 sancti,
1976 4129 2006 4186 id

312 4219 496 4289 expositiones
521 4220 550 4273 in
574 4219 648 4274 hunc
671 4219 771 4277 locum.
807 4220 873 4277 Una
891 4225 948 4288 est,
969 4227 1082 4273 sanctos
1100 4221 1146 4275 hie
1174 4225 1216 4273 est
1234 4218 1263 4273 in
1280 4219 1447 4290 peculiarem
1465 4219 1520 4274 Dei
1537 4219 1671 4290 populum
1690 4218 1787 4283 electi,
1806 4218 1852 4273 eui
1869 4210 1946 4273 iacta
1964 4222 2008 4272 est

311 4306 410 4358 vocari
427 4307 530 4360 liberas
548 4306 695 4359 sanctitate
708 4307 832 4376 quadam
844 4305 930 4369 civili,
949 4307 1026 4375 qaod
1038 4306 1146 4360 scilieet
1172 4304 1318 4376 promissio
1336 4306 1372 4361 de
1388 4305 1491 4361 Messio
1508 4311 1537 4360 et
1555 4307 1616 4376 ejus
1637 4303 1788 4373 beneficiis,
1806 4304 1905 4375 utique
1924 4303 2007 4360 etiam

311 4391 431 4459 lepitimi
455 4393 527 4462 sint,
554 4410 610 4446 non
629 4392 735 4463 spurii,
762 4391 926 4447 Ambrosius
953 4396 981 4445 et
997 4390 1145 4447 Anselmus
1172 4392 1276 4462 posteri
1297 4392 1419 4464 ipsorum
1442 4398 1523 4448 erunt
1546 4391 1649 4460 saneti,
1681 4392 1710 4447 id
1736 4398 1779 4446 est
1802 4390 1952 4462 pertinebit
1970 4391 2007 4446 ad

311 4478 340 4530 in
358 4485 516 4533 comment:
552 4478 593 4534 Ut
611 4477 684 4533 enim
705 4479 818 4532 mandis
838 4478 932 4539 onznia
949 4481 1070 4542 manda,
1087 4479 1144 4535 Tit.
1172 4478 1248 4549 ipsos
1273 4478 1418 4549 promissio
1441 4480 1477 4535 de
1495 4478 1598 4534 Massia
1615 4483 1644 4535 et
1660 4481 1721 4550 ejus
1740 4477 1898 4545 benefieiis,
1922 4477 2004 4532 modo

314 4570 336 4627 1,
353 4583 378 4617 v.
401 4571 439 4620 15.
466 4564 506 4619 ita
521 4565 603 4620 docet
622 4565 776 4636 apostolus,
803 4582 837 4620 ex
855 4562 1061 4620 cohabitatione
1078 4582 1144 4621 uxo·
1171 4582 1239 4620 vera
1254 4564 1310 4620 fide
1328 4582 1389 4619 eam
1406 4565 1625 4637 amplectantur3
1643 4564 1716 4619 hane
1733 4563 1807 4619 enim
1819 4565 2005 4620 conditionem

309 4651 347 4704 ris
371 4650 490 4705 infidelis
517 4650 607 4706 virum
634 4651 744 4707 fidelem
769 4668 825 4705 uon
846 4650 933 4721 pollui
958 4667 1051 4706 eoram
1074 4652 1143 4707 Deo.
1171 4650 1433 4722 subintelligendam
1460 4668 1521 4706 esse
1545 4650 1667 4706 ostendit
1686 4654 1747 4705 tota
1763 4650 1849 4706 series
1868 4650 1942 4704 sslius
1961 4667 2005 4705 ca·

309 4737 407 4793 Altera
425 4744 476 4804 est,
487 4738 570 4805 filios
588 4739 687 4792 baram
700 4739 849 4808 conjaqam
861 4737 1054 4808 dieisanctos,
1075 4740 1143 4808 qaia
1171 4736 1251 4808 pitis,
1276 4737 1437 4808 praesertim
1461 4755 1487 4790 v.
1507 4742 1548 4792 21.
1584 4735 1632 4790 ubi
1659 4737 1801 4807 apostolus
1819 4754 1946 4808 expresse
1964 4736 2005 4790 di·

309 4832 508 4878 eonsecrantar
531 4825 596 4877 Deo
625 4826 661 4877 ab
689 4825 779 4878 altero
805 4825 923 4894 conjape
946 4824 1029 4889 fideli
1047 4833 1073 4879 et
1089 4842 1143 4895 per
1170 4823 1221 4891 cit,
1239 4824 1368 4877 Jadaeas
1381 4840 1438 4893 per
1457 4822 1682 4876 incredulitatem
1702 4824 1849 4888 defractos
1866 4839 1933 4876 sese.
1963 4822 2005 4877 Ex
2067 4876 2072 4879 .

310 4910 476 4979 baptismam
495 4908 652 4963 Christiani
669 4911 759 4977 finnt,
787 4917 813 4963 et
832 4910 862 4962 in
883 4910 981 4963 timore
1001 4911 1143 4964 0111111-
1170 4909 1272 4981 quihus
1297 4907 1426 4963 omnibus
1451 4915 1581 4979 apparet,
1603 4926 1658 4964 non
1676 4907 1795 4981 intelligi
1811 4908 1864 4963 hoc
1883 4908 1944 4964 loco
1964 4908 2004 4963 in·

309 4995 427 5062 eantur,
461 4994 649 5051 Tertullianus
679 4994 727 5050 lib.
752 5000 775 5051 2.
803 4995 839 5049 ad
865 5012 928 5049 uxo.
955 4992 1142 5067 Hieronymus
1169 5001 1278 5051 ternam
1301 4994 1393 5049 cordia
1419 5001 1447 5049 et
1471 4993 1585 5065 spiritus
1604 4995 1794 5062 sanctitatem,
1819 4993 1888 5048 alias
1907 5010 2004 5066 seque·

309 5083 356 5137 lib.
372 5090 394 5139 1.
415 5088 512 5137 eontra
522 5081 584 5137 Jov.
608 5081 783 5153 Augustinus
793 5081 841 5137 lib.
858 5087 882 5135 2.
898 5081 933 5135 de
944 5088 1049 5151 peceat.
1063 5083 1143 5137 meri·
1170 5087 1254 5150 retur,
1272 5097 1366 5135 omnes
1385 5080 1557 5137 iudaeorum
1576 5079 1677 5136 liberos
1695 5098 1756 5137 esse
1773 5086 1875 5135 natura
1892 5088 2004 5135 sanctos

309 5171 345 5224 tis
362 5176 392 5225 et
410 5169 514 5224 remiss.
535 5185 558 5224 e.
578 5173 620 5224 26.
639 5167 687 5223 lib.
705 5173 729 5223 3.
749 5185 772 5223 e.
790 5173 894 5224 11111.
930 5168 1045 5223 “Idem
1064 5169 1141 5240 epist
1170 5175 1198 5224 et
1221 5168 1250 5222 iu
1276 5167 1388 5224 foedere
1405 5166 1459 5222 Dei
1476 5167 1696 5238 comprehensos,
1716 5167 1765 5222 sed
1784 5165 2002 5223 ecclesiasticam

312 5262 367 5312 106.
397 5254 573 5310 sanctitatem
599 5253 690 5323 illam,
717 5255 751 5310 de
775 5272 830 5326 qua
853 5254 994 5325 apostolus
1012 5254 1142 5327 loquitur,
1169 5256 1245 5310 illam
1268 5254 1458 5322 sanctitatem,
1485 5270 1542 5324 qua
1569 5259 1665 5326 pateat
1687 5253 1755 5324 ipsis
1780 5251 1872 5307 aditus
1895 5251 1932 5305 ad
1957 5253 2004 5308 ba·

308 5360 364 5398 non
386 5343 422 5397 de
444 5342 592 5395 sanctitate
606 5343 690 5411 fidei,
714 5342 762 5398 sed
784 5343 819 5397 de
836 5342 966 5395 concione
983 5360 1143 5397 sacramen·
1168 5342 1302 5414 ptismum
1328 5356 1361 5395 ac
1384 5338 1520 5396 beneficia
1537 5338 1663 5395 Messias.
1699 5339 1801 5394 Mirum
1827 5355 1904 5408 vero,
1928 5339 2003 5394 hunc

308 5439 399 5484 torum
426 5436 452 5482 et
477 5428 665 5497 similitudine
686 5429 878 5498 professionis
899 5428 1141 5500 interpretatur.⁸*
1168 5431 1260 5483 locum
1284 5444 1302 5481 a
1321 5427 1396 5482 Besa
1419 5431 1504 5497 atque
1528 5426 1589 5480 aliis
1615 5425 1717 5481 adduci
1736 5426 1773 5479 ad
1791 5424 1820 5480 id
1838 5423 2002 5479 confirman-

308 5514 431 5570 Tertiam
459 5514 658 5585 expositionem
683 5513 806 5570 referunt
831 5515 1018 5586 Augustinus«
1035 5520 1063 5571 et
1082 5515 1141 5570 An·
1169 5516 1244 5583 dum,
1262 5514 1337 5586 quod
1356 5513 1460 5569 diserte
1478 5512 1517 5567 ibi
1537 5517 1663 5584 negatur.
1699 5511 1852 5584 Apostolus
1870 5510 1943 5565 enim
1962 5511 2001 5565 di·

308 5601 411 5658 selmus
436 5601 498 5656 loco
527 5600 617 5671 dicto,
645 5606 743 5673 estque
769 5618 881 5670 eorum,
918 5601 968 5673 qui
1002 5601 1141 5670 dicebant,
1168 5608 1241 5659 sexte
1267 5600 1371 5655 ibidem
1398 5618 1424 5656 v.
1456 5607 1496 5657 17.
1523 5598 1700 5671 pronuntiat,
1728 5597 1878 5654 nonnullos
1905 5616 2003 5651 ramos

308 5688 483 5753 sanctificari
507 5690 653 5759 eonjapem
678 5688 819 5759 infidelem
839 5704 895 5757 per
915 5689 1044 5758 fidelem,
1072 5691 1140 5760 qaia
1170 5705 1230 5746 esse
1254 5690 1413 5758 defractos,
1437 5687 1466 5742 id
1491 5692 1534 5744 est
1557 5687 1692 5759 quosdam
1717 5702 1750 5742 ex
1769 5682 1872 5742 sanctis
1891 5685 2001 5754 majori-

361 5783 464 5825 Gerhardi
477 5783 524 5825 loci.
551 5784 587 5826 lv.
1633 5795 1666 5845 24
