4800 6659
452 476 491 537 rs
1037 449 1556 528 66666666616666666166

448 624 590 679 66661116
601 623 716 693 lintius,
734 639 796 679 mm
801 623 868 695 jam
873 623 1038 695 6666661661
1056 640 1123 692 6666,
1141 625 1211 694 quia
1230 639 1286 676 acu
1316 622 1463 695 quominus
1491 622 1528 678 sit
1553 622 1681 678 omnibus
1695 621 1819 678 numeris
1842 619 1969 692 66116616
1986 622 2021 676 61
2034 617 2148 673 munda

451 712 590 765 traditio
607 726 706 766 6661611
722 712 859 780 6616661111·
873 711 1033 780 61111066·
1056 729 1084 766 6.
1105 715 1153 768 361
1180 711 1230 781 qui
1246 710 1288 763 iu·
1314 708 1498 782 Nequaquam
1520 726 1587 767 6616
1613 710 1649 766 66
1673 710 1796 782 peccatis
1819 706 2001 781 regnantibus
2026 722 2059 760 ac
2083 721 2149 760 666-

450 798 585 852 ercdutus
604 805 645 851 eat
661 798 736 867 titio,
762 815 822 853 6661
843 815 900 852 uou
917 798 1018 852 tabere
1034 800 1121 854 uitam
1138 805 1290 862 artemam,
1315 794 1458 851 scientiam
1475 796 1648 852 scematibus
1666 796 1696 851 id
1713 793 1883 850 intellectum
1900 792 1989 849 voluit
1999 792 2149 859 Lntherus,

451 886 505 939 scd
521 885 595 939 iram
612 884 673 938 Dei
688 900 800 938 1666616
818 901 904 954 super
921 885 1020 955 ipsum.
1057 884 1120 941 Joh.
1141 892 1187 951 16,
1213 903 1240 940 6.
1257 890 1287 941 9:
1315 899 1349 937 es
1362 882 1434 938 enim
1455 900 1517 939 cnm
1535 883 1590 938 fide
1608 888 1749 954 nequeunt
1768 881 1931 948 consistere,
1955 879 2019 934 ideo
2046 878 2095 934 ubi
2115 894 2150 933 aa

455 970 580 1040 Spiritus
602 978 715 1025 66661116
737 979 837 1040 aequet
855 973 989 1025 mundum
1012 974 1048 1026 de
1060 979 1192 1041 peceato,
1221 971 1289 1040 quia
1315 974 1394 1037 6661,
1418 968 1457 1024 ibi
1483 987 1538 1025 non
1563 977 1606 1026 cst
1630 969 1707 1025 fides.
1744 969 1818 1023 Fons
1837 966 1992 1024 calumniae
2008 972 2086 1021 ortus
2105 972 2150 1020 est

453 1074 508 1111 aon
531 1058 650 1111 eredunt
674 1057 706 1110 io
725 1057 882 1126 Christum,
911 1057 1039 1111 nimirum
1064 1057 1129 1129 quia
1155 1056 1208 1111 hoc
1226 1073 1288 1127 pec·
1314 1073 1348 1111 ex
1367 1072 1417 1120 eo,
1447 1057 1521 1128 quod
1554 1057 1739 1111 Bellsrminns
1769 1056 1875 1111 nullam
1905 1053 1988 1108 aliam
2020 1052 2151 1123 agnoscit

452 1150 545 1199 catum
568 1147 612 1197 est
635 1142 756 1197 omnium
774 1142 923 1197 maximum
944 1146 1033 1198 61661
1052 1159 1148 1212 causa,
1175 1148 1289 1214 propter
1313 1141 1409 1209 fidem,
1437 1160 1521 1214 quam
1545 1161 1617 1215 quae
1643 1143 1776 1198 historica
1799 1142 1899 1197 notitia
1916 1147 1946 1195 et
1969 1140 2150 1194 6666666116

454 1247 537 1303 quam
555 1229 663 1300 reliqua
681 1234 799 1300 peccata
815 1247 871 1284 non
891 1229 1080 1294 dimittuntur,
1105 1247 1137 1285 eo
1160 1237 1288 1283 manente
1313 1228 1417 1295 finitur,
1445 1230 1520 1284 unde
1543 1230 1640 1285 concil.
1659 1230 1783 1285 Τ116661.
1801 1245 1865 1284 sesa.
1888 1233 1912 1284 6.
1938 1243 1961 1282 c.
1985 1233 2024 1282 15.
2043 1226 2151 1295 fiddes

453 1324 564 1371 maneat
584 1316 668 1369 etiam
686 1316 805 1386 reliquo,
824 1322 856 1370 ut
866 1314 1041 1387 Augustinus
1060 1316 1089 1370 in
1106 1316 1184 1370 illum
1196 1315 1287 1370 locum
1306 1316 1499 1386 fornicarios,
1529 1318 1627 1379 fiddes
1645 1317 1805 1383 adulteros,
1829 1315 1933 1384 fideles
1959 1313 2151 1365 merodorum

453 1406 662 1457 commentatur.
712 1401 949 1465 Quemadmodum
976 1401 1062 1472 igitur
1078 1401 1163 1470 fides,
1186 1400 1287 1456 Christi
1314 1403 1503 1456 concubitores
1521 1410 1574 1458 etc.
1593 1402 1728 1475 agnoscit,
1755 1402 1805 1457 sed
1822 1400 1991 1458 ostendimus
2009 1416 2059 1454 suo
2076 1398 2151 1468 loco,

450 1488 587 1559 justitiam
609 1486 834 1558 apprehendens,
859 1491 902 1542 est
924 1487 1035 1541 unicum
1060 1487 1129 1542 illud
1156 1488 1287 1556 medium,
1314 1505 1377 1543 cum
1408 1499 1475 1544 vera
1504 1489 1554 1544 illa
1580 1496 1609 1545 61
1628 1489 1799 1562 justificante
1817 1487 1887 1555 fide,
1921 1503 2005 1559 quam
2027 1486 2151 1557 Spiritus

452 1592 505 1647 per
528 1575 601 1647 quod
631 1573 787 1644 apcccatis
810 1573 959 1629 liberamur
983 1579 1012 1628 et
1039 1574 1135 1628 salutis
1159 1581 1288 1629 aeternae
1315 1580 1427 1630 sanctus
1460 1575 1650 1643 commendet,
1677 1580 1794 1645 6666616
1827 1578 1924 1628 contra
1950 1573 2150 1628 conscientiam

452 1661 604 1733 participes
626 1660 785 1720 reddimen
813 1658 853 1714 ita
878 1659 1057 1715 incredulitas
1080 1660 1141 1715 6616
1165 1661 1288 1727 damnat,
1314 1678 1490 1733 nequaquam
1509 1662 1666 1719 consistere.
2134 1675 2138 1684 ⁴

454 1748 507 1803 hoc
525 1754 567 1803 est
584 1747 694 1818 repellit
711 1746 851 1803 Christum
872 1753 900 1803 et
917 1764 974 1802 666
993 1765 1055 1802 6616
1076 1746 1186 1802 Christo
1203 1747 1288 1801 vitam
1349 1753 1390 1804 36.
1426 1754 1451 1805 l.
1470 1747 1610 1803 Lntherus
1636 1746 1665 1800 in
1691 1746 1740 1802 lib.
1759 1747 1794 1801 de
1814 1752 1890 1816 capt.
1902 1745 2002 1816 Babyl
2027 1761 2090 1815 cap.
2112 1745 2193 1840 debfl:

455 1841 611 1903 aeternam,
636 1849 708 1905 qnae
724 1850 780 1888 non
804 1833 857 1887 nisi
884 1833 913 1888 in
932 1832 1041 1889 Christo
1067 1833 1147 1889 nobis
1164 1833 1288 1888 offertur.
1315 1834 1453 1905 baptismo
1472 1834 1585 1890 scribit:
1608 1835 1709 1899 Vides,
1726 1853 1809 1904 qrsam
1823 1835 1901 1887 dives
1918 1832 1954 1885 sit
1968 1832 2150 1886 C'hm'stiamu
2163 1857 2193 1891 ω,

455 1922 554 1993 Neque
583 1925 677 1974 tamen
706 1936 739 1974 ex
769 1935 802 1974 eo
833 1919 1021 1987 inferendum,
1051 1926 1083 1974 61
1105 1919 1289 1976 Β61161161666
1315 1921 1902 1990 16616,66166611661166,616666661666
1916 1920 2071 1988 1166666611
2080 1937 2150 1989 per·
2163 1913 2193 1994 {2

455 2007 537 2076 16611,
566 2007 639 2062 bona
665 2022 749 2077 opera
775 2011 836 2060 tuto
862 2005 953 2060 omitti
976 2022 1009 2060 ac
1033 2006 1107 2060 mala
1127 2023 1212 2077 opera
1229 2011 1289 2060 tuto
1315 2010 1382 2061 dere
1402 2008 1519 2062 66161661
1536 2026 1616 2062 suam
1633 2009 1851 2078 quautueuuque
1867 2005 1997 2076 peccatis,
2024 2006 2084 2058 6166·
2100 2017 2193 2097 6631

455 2091 589 2147 committi
608 2109 697 2163 posse.
741 2090 874 2154 Quamvis
902 2091 974 2146 enim
999 2092 1059 2147 sola
1078 2091 1148 2147 fides
1164 2093 1193 2146 in
1213 2091 1291 2147 Chri·
1315 2095 1349 2148 to
1361 2096 1481 2147 moriere.
1512 2094 1603 2147 Nulla
1615 2095 1686 2148 euim
1696 2100 2017 2165 peccatapossuuteum
2029 2094 2152 2144 domna·
2165 2068 2193 2148 ud

456 2187 499 2234 sto
515 2178 653 2249 justitiam
672 2182 700 2233 et
718 2177 835 2232 salutem
854 2177 1057 2249 apprehendat,
1080 2179 1177 2234 eadem
1195 2184 1289 2233 tamen
1314 2181 1503 2234 6661616616
1522 2180 1713 2235 incredulitas.
1753 2181 1832 2247 Erpo
1851 2180 1949 2232 1161611
1971 2179 2042 2233 bona
2059 2163 2193 2253 operati

456 2266 525 2321 fides
543 2272 585 2321 est
605 2265 703 2321 efficax
720 2281 771 2337 par
785 2266 863 2321 -bona
881 2282 977 2336 opera,
1001 2272 1043 2321 est
1067 2265 1166 2319 victrix
1186 2266 1290 2332 mundi,
1316 2274 1374 2320 tuto
1410 2268 1501 2321 omitti
1530 2285 1624 2337 posse.
1673 2266 1900 2337 Respondemus:
1934 2264 2152 2335 propositionem

454 2346 545 2407 carnis
565 2369 598 2407 ac
615 2350 738 2422 diaboli3
767 2358 862 2407 contra
879 2369 944 2407 vero
963 2369 1013 2421 per
1031 2356 1177 2422 peccatum
1196 2357 1291 2405 contra
1317 2353 1408 2421 illam,
1426 2353 1501 2423 qnod
1517 2353 1577 2406 sola
1596 2352 1775 2408 incredulitas
1794 2351 1920 2414 damnet,
1949 2357 2090 2404 mutuatus
2108 2357 2153 2405 est

457 2438 652 2495 conscientium
680 2437 749 2493 fides
782 2438 931 2505 amittitur,
961 2437 1080 2507 Spiritus
1106 2443 1218 2492 sanctus
1248 2454 1291 2492 cr·
1317 2438 1456 2493 Lntherus
1479 2455 1512 2492 ex
1531 2438 1674 2508 Scriptura
1698 2454 1791 2505 sacra,
1814 2438 1843 2491 in
1867 2454 1923 2509 qua
1945 2436 2086 2491 hominum
2110 2436 2153 2489 in·

457 2525 561 2579 cutitnr
598 2530 627 2579 61
668 2524 807 2579 hereditas
846 2524 920 2577 61166
957 2528 1085 2577 66161666
1123 2524 1292 2593 deperditur.
1318 2524 1467 2580 credulitas
1490 2524 1692 2594 utplurimum
1726 2524 1878 2595 allegatur,
1911 2530 2043 2594 tanquam
2066 2537 2153 2576 causa

457 2612 578 2667 Proinde
596 2611 670 2682 quod
691 2610 799 2664 nullum
818 2610 921 2663 malum
942 2625 1025 2680 6666,
1050 2611 1099 2665 666
1128 2610 1188 2665 6616
1205 2610 1292 2665 incre·
1319 2610 1503 2665 damnationis
1521 2610 1585 2665 doh.
1605 2617 1634 2679 3,
1652 2628 1678 2663 6.
1699 2615 1886 2665 1661366.
1908 2614 1956 2675 16,
1975 2625 2001 2661 v.
2020 2613 2045 2664 9.
2063 2607 2151 2664 Μ616.

458 2699 560 2754 6611166
587 2698 720 2751 damnare
743 2697 859 2760 dicitur,
889 2696 917 2750 id
948 2695 1157 2768 intelligendum
1188 2703 1231 2751 est
1259 2697 1293 2751 de
1321 2704 1365 2765 16,
1386 2715 1412 2750 6.
1435 2703 1474 2752 16.
1497 2713 1587 2768 neque
1613 2702 1705 2750 161666
1733 2701 1848 2765 peccata
1873 2694 1981 2766 reliqua
2005 2710 2056 2764 pro
2075 2692 2154 2747 adia·

459 2782 1294 2855 16666161661(6166166661)1616666666666166611·
1319 2783 1412 2854 phoris
1444 2783 1555 2849 haberi,
1598 2782 1643 2836 vel
1678 2782 1748 2836 citra
1780 2780 1965 2835 damnationis
1996 2779 2153 2850 periculum

460 2868 786 2937 66166661161616161116
807 2875 856 2938 est,
874 2868 902 2923 in
920 2870 1008 2924 616666
1028 2884 1129 2924 causae
1138 2869 1294 2924 meritoriae
1319 2872 1470 2941 6616611611
1495 2885 1577 2940 66666
1602 2869 1704 2936 661611,
1739 2868 1788 2923 666
1814 2868 1887 2922 16161
1912 2883 2010 2921 666666
2036 2865 2152 2920 661666-

460 2956 637 3026 malaopera
656 2955 931 3025 6661666666616;
950 2956 1181 3027 quemadmodum
1201 2956 1293 3020 6666,
1318 2957 1399 3011 116616
1425 2956 1519 3012 dextre
1547 2956 1709 3010 discernere.
1754 2954 1831 3009 hiala
1858 2971 1942 3024 opera
1965 2955 2099 3008 damnant
2121 2953 2151 3006 in

461 3041 508 3113 qui
534 3040 563 3096 in
581 3041 744 3112 captivitate
760 3041 880 3097 ’11116166
900 3041 1029 3097 66166166
1047 3041 1167 3097 oblatam
1187 3042 1293 3098 166661-
1318 3044 1414 3100 616166
1436 3058 1537 3097 666666
1560 3041 1706 3097 efficientis
1733 3041 1905 3109 meritoriae,
1939 3041 1998 3095 sola
2024 3040 2152 3095 ineredu-

459 3127 564 3183 tioncm
591 3126 736 3198 repudiat,
772 3132 848 3182 recte
870 3128 1078 3197 pronuntiatur,
1113 3129 1188 3201 quod
1211 3128 1296 3184 66166
1317 3131 1383 3185 11166
1407 3130 1521 3184 6616661
1546 3130 1575 3183 16
1601 3128 1697 3184 616166
1718 3144 1821 3183 666666
1846 3132 1888 3186 (ut
1905 3127 1944 3182 sic
1963 3127 2070 3199 loquar)
2096 3127 2152 3181 for·

341 3226 400 3267 6111.
414 3225 446 3268 u.
459 3213 629 3286 captivitatis
656 3212 795 3269 ulterioris
826 3229 911 3268 cansa
940 3213 977 3268 611
1006 3214 1091 3270 oblati
1122 3214 1293 3288 1661116666
1320 3216 1407 3284 malis,
1425 3215 1603 3271 immediatae
1613 3221 1698 3284 atque
1712 3214 1859 3286 proximae,
1878 3230 1950 3285 quae
1965 3214 2017 3268 nisi
2032 3213 2152 3275 6666661,

458 3306 626 3370 contemtus,
655 3300 764 3355 interim
789 3318 844 3355 non
866 3308 997 3372 negatur,
1021 3301 1082 3355 eliis
1099 3318 1133 3357 cx
1157 3303 1247 3358 causis
1264 3303 1293 3358 in
1318 3301 1573 3372 66666161611666,
1600 3317 1650 3371 616
1678 3300 1780 3371 quibas
1803 3300 1930 3354 omnibus
1957 3299 2083 3354 Christus
2107 3316 2152 3353 aa·

411 3384 419 3394 '
459 3387 646 3459 captivitatem
674 3387 815 3456 incidisse,
845 3387 893 3441 rel
923 3387 1007 3442 etiam
1038 3389 1122 3444 semel
1146 3389 1292 3445 liberatum
1318 3388 1512 3453 11616611,666
1535 3387 1705 3444 damnarent.
1747 3387 1878 3442 Declarat
1902 3386 2070 3441 1166666616
2089 3401 2153 3439 een-

459 3476 550 3530 denno
568 3472 597 3526 in
617 3489 678 3528 eam
698 3472 788 3545 redigi
808 3490 900 3544 66666.
938 3473 1029 3542 Adde,
1055 3476 1130 3547 qnod
1144 3474 1293 3531 infidelitas
1318 3475 1432 3529 tentiam
1458 3474 1575 3545 ipsemet
1597 3473 1735 3528 Lntherus
1762 3472 1829 3528 satis
1858 3472 2004 3544 perspicue
2028 3472 2057 3524 16
2079 3470 2153 3526 111116

458 3560 495 3614 611
517 3558 715 3614 fecundissima
742 3565 831 3615 mater
860 3560 948 3613 omnis
975 3562 1084 3631 generis
1108 3568 1294 3632 peccatorum,
1320 3567 1417 3616 666116
1445 3578 1538 3632 regem
1568 3560 1688 3632 Angliae
1720 3564 1785 3613 tom.
1819 3565 1842 3614 2.
1873 3558 1987 3612 denam.
2019 3555 2152 3616 German.

459 3645 569 3719 qnando
588 3661 654 3716 ergo
672 3645 753 3701 matri
770 3646 902 3700 tribuitur
921 3646 1074 3712 damuatio,
1093 3666 1148 3703 non
1173 3648 1293 3704 excludi·
1319 3646 1366 3701 161.
1395 3652 1456 3701 144:
1488 3647 1542 3709 Qui
1570 3647 1675 3712 credit,
1704 3663 1760 3698 noa
1783 3652 1876 3714 potest
1899 3643 2083 3703 adulterium,
2107 3646 2154 3697 vel

458 3738 504 3787 tnr
521 3731 639 3798 soboles,
658 3731 707 3786 sed
726 3730 884 3800 includitur,
901 3736 1034 3803 tanquam
1047 3733 1191 3788 individua
1202 3751 1293 3790 comes
1319 3734 1403 3786 aliud
1422 3741 1567 3802 peccatum
1586 3733 1766 3795 committere,
1791 3732 2025 3801 quaemadmodum
2042 3731 2153 3784 Johan·

460 3818 568 3887 matris;
597 3816 752 3872 infidelitati
782 3822 874 3872 tamen
894 3818 1005 3871 seorsim
1025 3824 1053 3872 et
1070 3819 1230 3874 nominatim
1248 3820 1294 3874 hic
1318 3836 1368 3873 aes
1388 3819 1439 3887 ait,
1458 3837 1522 3872 uam
1536 3819 1648 3872 omium
1663 3819 1727 3886 Dei,
1746 3836 1766 3871 a
1783 3819 1994 3887 611611666ηά61,
2011 3819 2154 3870 66166161-

462 3903 709 3976 perniciosissimus
736 3901 853 3957 effectus
881 3901 1060 3971 adscribitur,
1093 3905 1160 3975 quia
1187 3906 1295 3978 reliqua
1315 3914 1416 3977 potens
1436 3906 1495 3959 Dei
1511 3905 1613 3971 uirtus,
1635 3922 1706 3975 61166
1723 3912 1858 3957 6116166161
1876 3905 1984 3971 ipsum,
2002 3920 2035 3956 ae
2057 3906 2152 3959 eadat.

460 3996 578 4063 peccata
600 3989 732 4043 damnare
753 4006 808 4043 non
825 3994 952 4058 possent,
978 3989 1030 4042 nisi
1050 4007 1112 4044 cum
1131 3990 1294 4048 infidelitate
1321 3993 1437 4047 Sicera
1456 3992 1564 4045 labitur
1587 3999 1611 4043 st
1625 3999 1726 4060 peccat
1743 3990 1907 4058 (mortaliter
1925 3995 1954 4043 61
1972 3995 2069 4044 666116
2089 4007 2154 4045 666-

459 4083 551 4132 essent
573 4077 734 4146 conjuncta,
765 4081 797 4128 61
824 4074 892 4128 11666
919 4051 1044 4129 declarat
1064 4075 1098 4129 D.
1117 4077 1244 4132 Balduin.
1264 4079 1294 4133 in
1319 4078 1482 4145 scientiam),
1496 4078 1562 4146 jam
1579 4086 1654 4131 certo
1671 4080 1743 4141 fides
1761 4084 1802 4130 est
1820 4076 1969 4145 deperdita
1989 4083 2016 4129 et
2034 4076 2155 4145 infideli-

460 4162 561 4233 dispnt
580 4162 615 4217 66
633 4177 737 4217 necess.
752 4160 846 4215 honor.
866 4176 980 4231 operum
999 4160 1039 4217 th.
1061 4168 1100 4218 58.
1319 4174 1363 4218 tas
1389 4164 1528 4219 6666611611.
1568 4165 1621 4217 Uti
1637 4172 1729 4217 audem
1745 4162 1900 4225 infidelitas
1919 4171 1967 4230 cst,
1987 4162 2029 4214 idi
2045 4170 2071 4215 et
2082 4164 2153 4229 fru-

331 4266 376 4306 1161
389 4264 446 4305 tues
495 4254 536 4304 35.
572 4254 595 4302 3.
616 4246 754 4302 Lntherus
776 4246 804 4299 in
828 4262 907 4300 serm.
934 4246 979 4302 Sic
997 4246 1074 4301 Deus
1102 4249 1199 4303 dilexit
1216 4267 1292 4304 1666-
1319 4260 1379 4304 6166
1397 4251 1466 4319 ojus,
1483 4250 1661 4318 adulterium,
1680 4245 1866 4315 domicidium,
1885 4249 1980 4302 odium
1994 4256 2042 4301 ete.
2071 4250 2153 4315 Erpa

331 4320 379 4409 ἷζξ,
387 4318 445 4419 ζξι,
460 4335 536 4403 6661,
554 4333 664 4388 scribit:
687 4334 739 4387 Udi
752 4334 828 4401 fides
845 4340 892 4400 est,
909 4333 1018 4386 uallum
1031 4343 1178 4403 peccatum
1197 4354 1294 4391 nocere
1315 4337 1484 4406 priusquam
1502 4345 1616 4389 ertcma
1632 4344 1751 4406 peccata
1766 4344 1979 4405 perpetrantur,
1993 4336 2153 4406 66616661-

332 4425 416 4512 31,ζῇ
456 4427 556 4490 potest.
578 4419 612 4474 Si
624 4426 770 4489 precatum
787 4436 843 4471 6611
857 4426 950 4487 potest
966 4437 1073 4488 accere,
1094 4438 1189 4475 666666
1206 4424 1294 4489 161166
1319 4424 1378 4477 1616
1391 4431 1546 4492 peecatum,
1565 4423 1728 4493 infidelitas,
1745 4424 1835 4477 adest.
1867 4422 2044 4475 Verissimum
2057 4422 2153 4491 itaque

331 4527 416 4574 661611
460 4507 514 4560 erit
535 4506 563 4559 ei
581 4506 790 4573 iadulpeadum.
828 4504 1054 4575 Respondemus:
1072 4507 1293 4579 intelligendum,
1319 4518 1371 4570 661,
1398 4508 1471 4562 mihil
1491 4517 1636 4579 peccatum
1663 4524 1720 4560 esec
1743 4525 1827 4576 quam
1844 4508 2051 4570 infidelitatem,
2073 4525 2107 4561 sa
2125 4517 2152 4562 et

459 4593 513 4648 hoc
530 4598 572 4648 est
595 4598 614 4646 1.
634 4592 669 4645 66
683 4592 804 4661 peccatis
823 4592 998 4662 antegressis,
1018 4610 1132 4664 quorum
1151 4593 1292 4650 Deusnon
1314 4603 1460 4665 6666611161
1479 4604 1520 4648 est
1539 4603 1566 4648 et
1578 4602 1723 4665 peecatum
1735 4595 1816 4658 facit.
1855 4594 1895 4646 Et
1912 4594 1939 4646 si
1950 4594 2104 4663 infidelitas
2116 4597 2152 4647 ab

459 4679 521 4733 vult
537 4678 675 4733 recordari
693 4677 827 4748 amplius,
853 4679 874 4731 si
902 4694 966 4732 vera
991 4677 1047 4733 fide
1063 4680 1099 4733 ad
1120 4679 1210 4750 ipsum
1229 4698 1292 4737 con·
1318 4682 1385 4735 odio
1404 4682 1447 4735 uel
1466 4682 1526 4735 alio
1547 4689 1665 4751 peccato
1684 4680 1818 4749 separari
1832 4686 1939 4748 posset,
1964 4688 2037 4733 certe
2055 4683 2153 4735 odium

458 4772 604 4820 vertamur.
643 4770 666 4820 2.
686 4763 729 4818 De
748 4769 865 4835 peccato
882 4764 911 4818 in
929 4781 1010 4819 carne
1030 4765 1120 4820 661166
1141 4766 1292 4833 habitante,
1317 4776 1463 4839 peceatum
1480 4786 1535 4821 nou
1552 4776 1630 4820 esset.
1664 4766 1903 4827 Quemadmodum
1923 4783 1988 4834 erqo
2006 4768 2069 4820 sota
2081 4770 2152 4827 fides

458 4853 573 4924 perinde
603 4858 634 4905 ut
656 4851 812 4922 apostolus,
843 4857 989 4922 postquam
1013 4859 1179 4921 conquestus
1202 4854 1294 4910 166161
1317 4855 1430 4922 iustitia
1452 4861 1550 4905 mostra
1576 4859 1616 4904 661
1635 4859 1661 4904 ct
1677 4852 1755 4919 inesto
1773 4861 1918 4922 operatum
1937 4852 1978 4905 ita
1997 4852 2153 4920 infidelitas

459 4940 493 4994 66
511 4938 559 4993 1116
577 4943 692 5008 6666616
711 4937 834 4991 Romi.
856 4936 1002 5008 subjungit
1021 4954 1045 4992 c.
1063 4944 1086 5005 3,
1106 4957 1132 4992 v.
1155 4946 1180 4995 1:
1204 4942 1294 4994 Nulla
1319 4941 1410 4994 solum
1425 4948 1569 5008 peccatum
1589 4946 1638 4991 est.
1667 4938 1739 4993 Vide
1758 4938 1841 4993 etiam
1860 4944 1925 4993 tom.
1948 4937 2035 4992 ’1.161.
2054 4944 2108 4993 1115.
2122 4940 2150 4996 h.

459 5026 603 5078 damuatio
619 5032 659 5077 est
676 5023 735 5087 bis,
759 5024 809 5093 qui
828 5031 893 5076 suut
914 5023 944 5076 ia
962 5026 1171 5080 0163166666.
1207 5033 1231 5082 3.
1248 5027 1293 5083 De
1319 5028 1372 5093 At,
1397 5026 1502 5096 inquis,
1529 5024 1668 5079 Lntherus
1695 5031 1787 5080 tamen
1805 5025 1914 5078 disertis
1934 5024 2025 5079 verbis
2045 5025 2193 5093 scribitur

458 5110 580 5182 peccatis
615 5110 795 5177 infirmitatis,
823 5109 991 5165 venialibus.
1019 5127 1075 5165 non
1104 5114 1293 5183 regnantibus,
1320 5113 1394 5184 quod
1412 5111 1569 5181 baptisatus
1589 5109 1672 5164 etiam
1689 5110 1784 5166 volens
1804 5126 1860 5163 non
1877 5109 1965 5179 possit
1982 5108 2097 5179 perdere
2109 5128 2153 5164 sa-

459 5214 575 5268 qnoram
606 5196 768 5267 quotidiana
797 5194 921 5249 remissio
950 5197 1087 5267 contingit
1120 5217 1170 5269 per
1200 5199 1291 5255 fidem.
1319 5198 1404 5252 161661
1430 5197 1651 5268 quantiscunque
1678 5194 1813 5265 peccatis,
1849 5194 1900 5247 nisi
1935 5195 2004 5249 nolit
2030 5195 2152 5252 credere.

459 5283 672 5355 lntelligeudum
700 5282 784 5336 etism
801 5281 854 5337 hoc
873 5289 915 5336 est
939 5282 974 5336 de
992 5283 1169 5339 credentibus
1186 5286 1214 5339 in
1232 5286 1293 5356 ipso
1319 5283 1395 5354 Ergo
1421 5283 1504 5338 etiam
1528 5282 1684 5337 voluntaria
1707 5286 1824 5352 peccata
1849 5297 1913 5334 cum
1930 5278 1985 5335 fide
2001 5281 2154 5336 consistere

455 5368 661 5440 justificationis
681 5372 765 5435 statu,
785 5372 921 5440 quatenns
939 5375 1083 5437 peccatum
1101 5371 1130 5423 in
1149 5387 1231 5425 carue
1244 5373 1292 5425 ad·
1319 5386 1400 5439 posse
1419 5370 1526 5424 statuit.
1570 5368 1794 5440 Respondemus:
1818 5366 1984 5421 calumniam
2001 5365 2073 5420 hanc
2091 5368 2152 5422 Tri-

456 5456 513 5510 huc
543 5455 691 5523 habitans,
721 5460 750 5508 61
779 5453 951 5508 infirmitates
976 5461 1134 5509 renatorum
1159 5460 1294 5526 teguntur
1321 5456 1459 5509 dentinam
1470 5456 1634 5525 jamdudum
1650 5453 1777 5526 protrivit
1788 5453 1843 5509 Dn.
1857 5453 2031 5508 Chemnicius
2043 5461 2114 5522 part.
2128 5462 2152 5511 2.

458 5540 663 5612 perfectissima
680 5539 782 5595 Christi
799 5538 917 5609 justitia,
944 5538 1046 5596 Psalm.
1065 5546 1108 5609 32,
1125 5559 1150 5595 v.
1174 5546 1196 5595 1.
1215 5547 1293 5595 extra
1320 5541 1452 5596 examinis
1481 5540 1515 5596 de
1545 5541 1683 5611 baptismo
1706 5556 1766 5593 can.
1795 5545 1826 5607 6,
1851 5558 1879 5610 6.
1907 5546 1948 5594 15.
1977 5538 2024 5592 6111
2049 5548 2152 5608 616661,

457 5627 536 5681 111616
555 5632 657 5682 6161661
678 5626 788 5681 omnino
807 5630 909 5680 nocent
927 5631 1044 5696 peccata
1061 5626 1144 5681 etiam
1162 5627 1293 5697 venialia,
1321 5633 1343 5684 1.
1364 5627 1517 5681 Lntherum
1536 5644 1569 5682 eo
1586 5629 1648 5698 ipso
1664 5627 1693 5679 in
1710 5625 1773 5680 loco
1792 5626 1893 5681 diserte
1910 5625 2056 5693 affirmare,
2075 5628 2151 5696 quod

458 5712 605 5785 inquinant
628 5712 701 5768 enim
726 5710 881 5767 inchoatam
913 5716 1068 5767 renatorum
1096 5712 1291 5782 obedientiam,
1318 5712 1453 5782 baptisati
1470 5730 1520 5784 per
1537 5718 1652 5783 peccata
1665 5711 1859 5767 conscientiam
1871 5711 2010 5767 vastantia
2023 5711 2152 5768 deseram
