4800 6659
939 547 992 607 ιιι
1010 545 1132 608 sacac
1149 525 1353 607 ιιιιιιιιο.
1649 571 1653 580 .
1932 564 1992 622 337

285 708 397 778 modis,
422 707 492 779 quia
508 706 634 778 disponit
651 709 693 761 ad
709 706 937 775 isutificationem
956 712 982 759 et
997 704 1130 774 impetrat
1156 720 1216 758 non
1234 710 1336 773 potest
1375 703 1458 763 Unde
1475 705 1553 762 Deus
1576 708 1637 779 ipse
1653 707 1737 780 jubet
1760 706 1886 765 hominos
1902 708 1995 781 lapsos
2044 763 2049 770 ,

284 795 483 851 remissionem
501 803 700 866 peccatorum,
728 801 768 848 est
790 794 919 848 merdam
944 794 980 846 de
1007 807 1129 859 conpruc
1155 790 1191 845 sd
1213 796 1330 861 pactam
1351 808 1418 847 cnm
1434 791 1488 848 illis
1505 793 1603 850 initum
1620 810 1671 866 per
1689 809 1783 851 reram
1796 796 1995 866 poenitentiam

280 881 510 953 jusm'ficationis.
545 880 594 937 lib.
613 886 637 937 2.
658 880 693 935 ds
710 878 813 951 poenit
833 896 857 935 c.
878 884 921 935 12:
941 880 1038 934 Potest
1049 883 1129 932 tanta
1153 877 1270 943 reverti,
1302 893 1358 949 quo
1383 877 1505 950 pertinet
1527 879 1686 936 dulcissima
1709 880 1855 951 promissio
1890 881 1992 939 Jerenr.

287 986 349 1024 esse
376 968 554 1040 poenitentia
585 967 644 1021 siue
669 965 815 1030 conuitio,
846 974 877 1020 ut
901 966 995 1022 delam
1022 979 1128 1019 omnem
1154 968 1186 1031 3,
1204 979 1230 1018 v.
1251 968 1279 1019 1:
1306 963 1341 1019 ss·
1364 965 1503 1021 dimiserit
1523 964 1704 1023 mnasonem
1721 985 1801 1022 suom
1818 975 1844 1022 et
1860 972 1993 1024 medens
2021 1004 2023 1007 -

286 1056 420 1125 culpam
446 1061 472 1107 et
490 1054 532 1108 sic
549 1054 660 1107 reditur
677 1055 719 1107 ad
736 1052 862 1121 cratium
879 1052 991 1108 omnino
1007 1050 1127 1105 similem
1153 1049 1190 1103 ab
1214 1065 1246 1103 eo
1269 1051 1383 1105 ducerit
1406 1051 1499 1106 mium
1526 1053 1661 1118 aiterum,
1687 1054 1818 1124 nunquid
1839 1062 1993 1109 reuertatur

287 1142 323 1210 ai,
340 1157 414 1212 quae
432 1141 463 1194 in
483 1140 621 1209 baptisans
639 1139 736 1193 tabita
756 1146 803 1195 eat.
827 1136 876 1194 lib.
896 1144 920 1195 1.
940 1138 976 1194 de
994 1138 1071 1208 bapt
1086 1140 1125 1192 13.
1153 1137 1269 1192 adeam
1282 1138 1381 1193 uiuat
1394 1146 1424 1193 tu
1436 1147 1530 1195 autem
1540 1142 1689 1208 tornicma
1701 1157 1731 1197 ss
1744 1159 1806 1196 cum
1818 1143 1992 1197 amatoribus
2005 1152 2042 1194 rx.
2057 1150 2102 1195 tea

288 1223 319 1302 β.
334 1226 410 1283 Nota
423 1224 558 1282 secundo:
576 1225 704 1279 Macime
722 1231 935 1280 consentaneum
954 1232 994 1280 est
1011 1224 1127 1291 rationi,
1154 1224 1259 1293 multis,
1276 1233 1368 1285 tamen
1382 1234 1519 1282 ιιιιιιιιι
1531 1230 1573 1283 ad
1582 1244 1634 1295 me,
1652 1228 1889 1298 dicitDoms'rsus5
1906 1246 1933 1286 ι.
1945 1234 1992 1285 12:

287 1321 320 1367 at
337 1314 365 1367 si
383 1314 464 1367 Deus
481 1329 514 1366 ec
530 1311 730 1367 misericordia
743 1318 864 1381 peccata
881 1312 1027 1374 condonet,
1043 1310 1127 1363 etiam
1154 1318 1294 1365 reuertere
1323 1312 1436 1368 rebellis
1462 1312 1558 1368 Isrci'l
1583 1319 1636 1369 etc.
1670 1313 1782 1371 Foedus
1806 1313 1835 1369 in
1854 1313 1993 1386 baptismo

281 1399 431 1470 jatinae,
461 1399 560 1467 quoad
587 1398 649 1467 ejsu
679 1398 743 1462 iteri
768 1404 872 1466 potest,
901 1396 1037 1461 satisfieri
1060 1396 1127 1450 uelit
1155 1395 1257 1451 initum
1276 1403 1454 1469 comparatur
1471 1398 1578 1455 foederi
1597 1399 1748 1472 conjugali,
1765 1405 1798 1455 nt
1816 1400 1938 1457 ostendit
1955 1401 1992 1456 lo

289 1484 434 1552 (ιιιιιιιιιιιιι
451 1501 501 1554 per
518 1489 614 1538 nostra
631 1499 725 1554 opera,
744 1482 780 1539 dc
799 1499 834 1538 ea
850 1482 923 1538 enim
937 1481 1127 1538 satisfactione
1155 1499 1205 1538 cus
1224 1482 1326 1554 Ephes.
1348 1490 1373 1553 5,
1390 1502 1416 1540 ι.
1436 1489 1478 1541 25.
1515 1485 1756 1551 Quemadmodum
1773 1485 1860 1559 igitur
1878 1488 1994 1543 maritus

287 1570 328 1627 ibi
346 1570 425 1641 agit).
444 1569 492 1627 lib.
511 1575 535 1626 1.
553 1569 589 1625 de
606 1569 709 1641 poenit.
728 1585 753 1624 c.
772 1573 802 1623 5:
822 1569 869 1622 Ec
887 1568 985 1638 quibus
1002 1569 1128 1623 omniium
1154 1586 1281 1636 uxorein,
1310 1588 1395 1642 quam
1417 1571 1447 1627 ιιι
1467 1571 1604 1627 adulterio
1624 1571 1824 1642 deprehensam
1841 1573 1915 1629 bono
1929 1574 1995 1645 jure

288 1664 422 1727 apparet,
437 1657 642 1721 confessionem
660 1662 841 1711 cantantum
859 1662 890 1709 ut
910 1655 1129 1724 dispositionem,
1154 1655 1303 1726 repudiare
1321 1662 1440 1728 poterat,
1458 1657 1580 1714 retinens
1599 1674 1655 1713 non
1673 1658 1710 1713 ad
1730 1658 1808 1713 aliud
1830 1676 1914 1731 quam
1928 1676 1992 1715 con·

289 1746 344 1797 sed
361 1744 447 1798 etiam
465 1750 495 1797 ut
513 1743 644 1798 meritum
659 1743 778 1812 requiri.
813 1740 874 1798 Nec
893 1740 953 1796 fieri
972 1747 1077 1811 potest,
1096 1747 1129 1795 ut
1152 1742 1227 1812 jugii
1245 1742 1330 1799 semel
1349 1743 1486 1799 connecti
1504 1743 1603 1799 foedus
1619 1748 1745 1809 resocat3
1764 1744 1805 1799 ita
1815 1744 1894 1802 Deus
1912 1762 1993 1817 spon·

288 1829 350 1885 sola
368 1829 422 1885 Dei
441 1830 534 1901 gratia
550 1835 579 1885 et
596 1829 662 1884 solis
681 1828 786 1885 Christi
803 1826 908 1883 meritis
926 1828 1059 1896 nitantur,
1080 1827 1129 1899 qni
1155 1844 1213 1882 sam
1240 1828 1395 1884 adulteram
1417 1828 1601 1885 fornicantem
1627 1846 1691 1885 cum
1710 1830 1880 1887 amatoribus
1899 1832 1993 1889 multis

288 1933 405 1972 suorum
433 1931 547 1988 operam
577 1916 677 1972 merita
704 1932 737 1970 sc
768 1914 894 1986 proprias
927 1913 1129 1969 satisfactiones
1154 1932 1210 1969 non
1229 1914 1266 1969 ad
1284 1914 1361 1969 aliud
1380 1932 1464 1986 quam
1481 1915 1566 1971 semel
1581 1914 1681 1970 initum
1702 1915 1853 1987 spiritualis
1868 1918 2001 1991 conjugii·

285 2002 495 2075 justificationis
520 2003 637 2058 ιιιιιιιιο
662 2002 805 2074 ingerunt3
829 2001 864 2056 de
883 2005 943 2055 tota
960 2000 1013 2055 hac
1030 2017 1060 2056 re
1077 2017 1128 2055 suo
1154 2004 1267 2070 pactum
1288 2001 1389 2057 reverti
1403 2002 1494 2073 jubet.
1529 2001 1669 2057 Lutherus
1685 2001 1715 2058 in
1734 2002 1796 2059 libr.
1815 2003 1850 2059 dc
1868 2004 1994 2075 captivit

289 2089 353 2144 loco
374 2089 464 2160 plura
498 2092 527 2146 3.
548 2089 632 2153 Quod
654 2089 805 2142 concilium
831 2087 1028 2141 Tridentinum
1051 2089 1128 2141 dam·
1154 2085 1293 2156 Babylon.
1321 2103 1383 2159 cap.
1411 2087 1447 2144 dc
1473 2087 1612 2160 baptismo
1639 2094 1706 2146 tom.
1734 2094 1759 2146 2.
1788 2088 1900 2147 Jcnens.
1928 2091 1991 2147 lat.

289 2170 401 2229 emerit
423 2176 596 2246 Epicuream
625 2174 789 2229 sententiam
827 2175 863 2227 de
897 2173 961 2226 sola
993 2175 1128 2228 memoria
1154 2172 1202 2227 fol.
1221 2177 1287 2227 271:
1324 2173 1360 2227 Si
1378 2173 1440 2244 fiiis·
1455 2174 1550 2229 Israel
1572 2176 1614 2229 ad
1634 2174 1833 2244 poenitentiam
1851 2181 1994 2234 recusuri

290 2262 425 2333 baptism
440 2262 472 2316 in
490 2262 650 2331 sceieribrm,
668 2277 741 2331 quae
760 2268 854 2315 tumen
871 2259 995 2314 Lnttero
1013 2278 1069 2315 non
1085 2278 1128 2315 oe·
1150 2259 1248 2328 primo
1271 2258 1393 2313 omnium
1416 2261 1520 2314 esitum
1543 2262 1577 2315 de
1595 2263 1725 2331 Aegypto
1750 2263 1943 2319 mennatem
1966 2274 1993 2319 ιι
2059 2286 2062 2292 ·

290 2348 366 2403 aeret
383 2349 415 2402 in
433 2355 556 2402 mentem
592 2349 633 2403 At
651 2346 752 2419 (inquit
768 2344 963 2413 Bellarminus)
980 2347 1128 2401 concilium
1154 2346 1208 2399 tac
1225 2346 1360 2400 memoria
1377 2348 1419 2400 ad
1438 2347 1547 2411 Deum,
1570 2348 1620 2418 aui
1636 2350 1772 2402 ιιιιιιιιιι
1789 2364 1849 2419 eos,
1871 2360 1991 2407 reon-ts·

289 2435 376 2489 addit
400 2436 498 2500 fidem,
523 2436 589 2489 dum
608 2440 707 2503 nepot,
727 2433 791 2487 sola
808 2432 1006 2487 recordatione
1028 2440 1054 2487 et
1071 2435 1128 2499 dds
1155 2431 1271 2502 bantur,
1289 2447 1361 2502 quae
1380 2431 1515 2486 messoria
1532 2439 1560 2486 et
1576 2433 1628 2487 boc
1645 2433 1737 2504 s'psum
1750 2435 1930 2505 maoeidium
1949 2438 1991 2492 eis

288 2522 416 2592 mcepti
433 2519 564 2590 baptismi
581 2521 625 2575 cel
646 2519 766 2586 dimitti,
784 2520 829 2573 oet
845 2518 970 2573 venialia
981 2518 1052 2590 fieri
1062 2536 1127 2589 pec·
1153 2518 1237 2573 toties
1261 2536 1280 2572 a
1298 2518 1399 2588 Mopse
1422 2519 1584 2574 inculcatur
1607 2526 1633 2574 et
1658 2538 1677 2575 a
1701 2521 1817 2576 Dacide
1836 2523 1992 2593 repetitur,-

289 2614 367 2663 eata.
404 2606 624 2678 Respondemus:
652 2603 738 2661 fidem
761 2603 923 2660 describunt
945 2604 1022 2660 nuda
1043 2605 1127 2661 histo·
1154 2611 1258 2673 quanto
1284 2607 1375 2675 necyia
1399 2623 1452 2661 nos
1474 2613 1602 2660 nostrum
1622 2608 1658 2661 de
1675 2608 1803 2677 semro
1820 2615 1919 2662 nostra
1935 2609 1991 2663 eai-

289 2693 352 2748 riae
368 2692 475 2762 notitia,
493 2709 549 2747 non
568 2697 662 2748 antem
681 2696 838 2763 agnoscant
855 2708 917 2746 cam
934 2707 985 2763 pro
1003 2689 1128 2747 fiduciali
1153 2699 1212 2745 tum
1237 2692 1368 2747 debemus
1384 2700 1585 2747 memorarem
1604 2694 1667 2761 ejus
1685 2693 1821 2748 memoria
1837 2696 1933 2749 redire
1951 2698 1993 2749 ad

290 2778 510 2851 apprehensione
528 2778 620 2834 meriti
638 2776 755 2842 Christi,
779 2793 851 2847 quae
868 2793 933 2831 cum
950 2792 1018 2831 vera
1033 2779 1127 2848 poeni-
1154 2795 1229 2847 eum,
1256 2780 1306 2848 qui
1330 2797 1382 2834 nos
1409 2780 1506 2834 educit
1527 2795 1584 2850 per
1604 2780 1749 2834 laccorum
1770 2781 1992 2851 regenerationis

289 2864 394 2933 tentia,
422 2864 570 2919 dilectione
599 2870 628 2919 st
658 2862 739 2917 bonis
770 2862 901 2933 operibus
929 2869 1064 2934 perpetuo
1091 2864 1127 2919 sit
1153 2880 1256 2932 nouae,
1277 2867 1360 2937 cujus
1376 2866 1513 2923 memoria
1532 2868 1561 2921 in
1581 2866 1633 2922 boc
1650 2867 1743 2938 ipsum
1758 2867 1840 2922 nobis
1859 2885 1992 2923 commen·

289 2952 456 3022 conjunctu
490 2951 556 3006 inde
590 2956 647 3014 est,
685 2949 759 3021 quod
794 2948 921 3004 fidem'
913 2966 943 3003 m
972 2948 1127 3005 fornicariis
1154 2952 1226 3004 data
1241 2959 1291 3005 est.

290 3037 441 3093 Sodomitis
470 3035 659 3107 adulteriaque
688 3050 851 3106 permanere
880 3034 985 3093 dicunt.
1038 3023 1127 3107 At'qui
1190 3041 1246 3091 155.
1283 3036 1468 3092 Bellarminas
1493 3036 1608 3107 regerit,
1635 3035 1825 3093 Ctemnieium
1844 3040 1905 3094 sine
1928 3040 1992 3095 sella
2004 3044 2126 3093 messus·

289 3123 378 3180 talem
399 3122 482 3179 tidem
506 3123 666 3178 historicam
694 3138 870 3196 nequaquam
888 3121 1028 3177 Lutherus
1047 3122 1126 3179 intel·
1151 3123 1322 3177 uerecundia
1335 3122 1816 3193 tuasesnscrimurinearanqas
1825 3126 1991 3181 testimoniis
2002 3096 2112 3191 funffl

290 3210 393 3265 lectam
410 3209 511 3274 voluit,
540 3209 589 3265 scd
609 3211 702 3265 vivam
725 3216 754 3266 et
777 3209 920 3265 efficacem
938 3208 1015 3264 illam
1033 3208 1125 3280 tidem,
1152 3209 1246 3262 aemi.
1275 3212 1299 3263 1
1319 3226 1381 3264 cum
1409 3210 1488 3264 locus
1509 3208 1619 3263 Esaiae
1645 3226 1668 3268 c.
1689 3214 1731 3266 id.
1760 3212 1899 3266 contineat
1920 3230 1990 3282 pro·
2002 3217 2080 3312 ἔδω
2015 3222 2113 3262 οι.ιιιι

291 3312 364 3369 qnae
382 3295 523 3353 Christum
546 3295 732 3367 apprehendit
754 3300 783 3352 et
799 3312 850 3367 per
867 3295 1044 3352 dilectionem
1060 3313 1125 3368 ops·
1154 3294 1313 3350 missionem
1330 3296 1496 3365 absolutam,
1513 3295 1647 3349 nimirum
1663 3297 1699 3350 de
1709 3297 1842 3364 fouenda
1851 3307 1990 3367 perpetuo
2002 3323 2057 3365 ιη,
2069 3320 2105 3368 u

289 3388 376 3438 ratur
1153 3381 1287 3453 ecclesia,
1315 3383 1372 3437 ista
1400 3381 1473 3436 enim
1494 3382 1651 3453 promissio
1680 3399 1699 3436 a
1720 3383 1803 3437 nediu
1828 3385 1990 3441 conditione

330 3474 386 3523 151.
431 3465 483 3522 Ηιι
522 3466 562 3520 ita
591 3466 750 3539 praemissis
780 3471 945 3538 argumenta
973 3467 1127 3523 sententiae
1149 3470 1270 3537 pendet,
1297 3476 1339 3523 est
1363 3468 1436 3522 enim
1461 3468 1672 3523 matrimonium
1696 3469 1770 3524 inter
1796 3469 1938 3527 German
1963 3480 1992 3527 et

242 3549 279 3595 Μ
292 3559 404 3610 metrae
425 3552 605 3625 proferemus.
656 3559 677 3608 1.
701 3552 813 3623 Deus
805 3571 835 3608 m
863 3552 1002 3623 baptismo
1028 3554 1127 3610 foedus
1155 3555 1303 3609 ecclesiam
1318 3556 1409 3626 plane
1427 3555 1633 3609 indissolubile.
1669 3553 1894 3628 Respondemus:
1913 3558 1991 3615 Deus

242 3642 401 3738 Μςιιιιιι
429 3640 573 3695 nobiscum
595 3638 648 3693 init
671 3656 705 3695 ac
722 3639 881 3711 pollicetur,
906 3655 937 3694 ss
961 3639 1020 3695 fore
1036 3640 1128 3696 Deum
1155 3655 1212 3694 uon
1233 3640 1322 3697 solum
1345 3659 1409 3698 cum
1433 3640 1578 3697 ecclesia
1570 3658 1599 3696 ιιι
1616 3658 1732 3714 genere,
1756 3642 1805 3697 sed
1825 3644 1910 3699 ιιιιιιιι
1928 3663 1991 3702 cum

242 3706 271 3840 ii
265 3697 445 3800 acpatrem
462 3731 595 3795 nostrum,
613 3725 728 3797 perinde
746 3726 788 3782 uti
803 3726 909 3781 olimin
922 3727 1128 3785 chcumcisionc
1154 3728 1273 3800 singulis
1301 3727 1467 3784 fidelihus
1459 3745 1488 3782 ιιι
1513 3728 1606 3798 specis
1633 3728 1687 3783 init
1712 3728 1825 3799 foedus,
1860 3732 1934 3803 quod
1957 3750 1991 3789 cx

242 3810 271 3891 ,¹2
261 3799 356 3870 ¹cum
375 3813 536 3870 Abrahamo
559 3820 587 3868 et
610 3813 714 3868 semine
738 3815 799 3884 ejus
825 3819 939 3884 pactum
957 3814 1027 3871 iniit.
1063 3815 1127 3871 Jam
1154 3821 1234 3885 parte
1259 3814 1312 3870 Dei
1332 3818 1375 3869 cst
1394 3821 1538 3869 aeternum
1556 3820 1586 3869 et
1603 3814 1778 3884 inviolabile,
1803 3821 1836 3871 ut
1853 3823 1992 3874 testantur

242 3902 278 3944 ιι·
291 3917 358 3957 sero
377 3900 476 3956 foedas
494 3900 547 3954 Dei
564 3905 607 3954 est
623 3906 766 3955 aeternum
783 3906 812 3954 et
828 3905 1007 3971 perpetuum,
1031 3918 1084 3957 nco
1104 3904 1127 3960 si
1154 3902 1232 3970 dicta
1260 3900 1387 3971 superius
1416 3900 1545 3971 allegata
1596 3900 1672 3972 Ergo
1703 3901 1781 3956 locus
1811 3900 1990 3974 propheticus

242 3979 278 4048 ἰιι
291 4006 342 4061 per
357 3994 473 4059 peccata
489 3986 555 4042 inde
572 3986 739 4052 excidimus,
763 3986 803 4040 ita
819 3985 958 4058 frangitur
977 4004 1011 4042 ac
1030 3988 1127 4045 dissol-
1153 4005 1209 4044 non
1236 3987 1327 4043 solum
1345 3986 1391 4053 ad
1414 3985 1574 4041 universam
1598 3986 1756 4055 ecclesiam,
1783 3988 1833 4042 scd
1854 3989 1991 4045 etiamad

242 4074 378 4150 horitur,
400 4081 432 4129 ut
455 4072 563 4129 etiarnsi
587 4074 616 4127 in
636 4090 704 4128 vera
728 4073 899 4145 poenitentia
923 4073 1072 4143 perfidem
1090 4078 1127 4132 ad
1154 4073 1280 4147 quamvis
1308 4072 1417 4128 fidelem
1441 4071 1562 4126 animam
1585 4087 1636 4143 per
1658 4072 1854 4142 baptismum
1841 4092 1875 4128 ιιι
1891 4073 1990 4131 foedus

242 4213 277 4253 n
242 4119 361 4215 noillusi
383 4161 542 4229 redeamus,
564 4159 642 4215 Deus
665 4167 759 4215 tamen
782 4159 851 4214 illud
869 4160 988 4231 amplius
1007 4178 1127 4234 servare,
1153 4161 1207 4216 Dei
1230 4165 1371 4231 receptam
1395 4156 1598 4213 accommodari
1621 4162 1726 4228 potest,
1753 4173 1816 4212 cum
1840 4175 1929 4231 genus
1949 4163 1989 4217 ιιι

242 4267 260 4305 ιι
290 4255 382 4303 ratum
409 4253 438 4302 ct
460 4247 569 4301 firmum
593 4263 654 4303 esse
672 4246 877 4318 poenitentibus
896 4246 977 4316 nolit,
1003 4265 1067 4303 cum
1085 4249 1125 4305 in·
1153 4248 1249 4303 cludat
1271 4263 1336 4301 suas
1361 4244 1476 4316 species.
1513 4238 1595 4310 Quod
1618 4243 1746 4298 absoluta
1772 4246 1910 4315 quaedam
1927 4267 1990 4320 pro·

242 4332 441 4390 credulitas
461 4332 602 4388 hominum
627 4332 710 4387 fidem
725 4333 779 4387 Dei
802 4349 977 4404 nequaquam
1002 4340 1126 4389 evacuet.
1153 4333 1249 4388 missio
1277 4331 1412 4388 ecclcsiae
1438 4331 1505 4385 data
1533 4329 1581 4395 sit,
1606 4332 1716 4401 pugnat
1737 4347 1794 4384 non
1818 4332 1908 4387 solnm
1927 4352 1990 4391 cum

291 4420 355 4486 Quo
379 4420 519 4491 pertinent
546 4420 690 4491 sequentia
714 4419 874 4491 Scripturas
900 4420 986 4475 dicta:
1024 4419 1125 4478 Genea.
1153 4419 1311 4492 Scripturis,
1329 4434 1398 4491 quas
1418 4417 1447 4471 in
1466 4418 1527 4472 loco
1546 4416 1582 4472 de
1601 4416 1720 4472 ecclesia
1737 4416 1921 4488 proferemus,
1940 4423 1989 4478 sed

295 4514 334 4574 11,
352 4523 379 4561 ι.
400 4513 430 4561 7:
451 4507 567 4560 Feriam
584 4514 672 4559 tecum
684 4516 800 4574 pactum
820 4509 851 4561 in
867 4509 1126 4577 foedassempiter-
1154 4507 1238 4562 ctiam
1260 4522 1323 4560 cum
1345 4506 1408 4575 ipsa
1427 4504 1605 4576 experientia.
1640 4503 1718 4559 Deus
1737 4504 1810 4560 enim
1828 4524 1990 4581 synagogas

289 4612 364 4648 num.
400 4592 488 4647 Exod.
508 4598 531 4657 6,
549 4610 575 4647 ι.
594 4599 625 4649 5:
645 4595 823 4648 Recordatur
841 4612 901 4647 sum
913 4596 1048 4662 foederis
1065 4595 1126 4651 mei.
1152 4593 1290 4649 Judncse
1310 4591 1388 4648 dedit
1404 4590 1529 4647 libellum
1547 4589 1656 4663 repudii
1668 4596 1782 4661 propter
1794 4591 1989 4650 fornicationes

290 4680 437 4750 Conjunge
455 4678 545 4733 Lavit.
565 4683 615 4742 26,
639 4696 665 4733 ι.
686 4686 709 4737 9.
730 4685 758 4735 ιι
776 4687 818 4736 et.
855 4680 938 4740 Num.
961 4686 1008 4750 13,
1037 4699 1063 4737 ι.
1086 4688 1124 4738 19.
1152 4679 1327 4752 spirituales;
1353 4678 1514 4734 invertimus
1534 4694 1602 4748 ergo
1626 4676 1760 4731 rationem
1784 4678 1989 4735 aBellarmino

290 4767 374 4822 Deut.
394 4773 418 4834 1,
437 4783 463 4819 ι.
483 4770 522 4821 31.
542 4781 566 4819 ι.
587 4772 611 4829 7,
627 4783 653 4819 ι.
676 4771 699 4822 9.
729 4773 750 4823 1.
767 4766 837 4840 Reg.
857 4773 883 4836 8,
900 4785 925 4821 ι.
946 4772 987 4823 23.
1012 4772 1037 4822 2.
1054 4766 1124 4839 Reg.
1152 4767 1310 4822 adductam.
1356 4762 1595 4829 Quemadmodum
1621 4762 1841 4834 matrimonium,
1866 4765 1933 4820 licet
1958 4764 1987 4819 in

295 4859 333 4922 13,
352 4869 377 4907 ι.
397 4857 439 4908 23.
474 4850 588 4908 Nchem.
610 4857 632 4916 1,
650 4868 677 4905 ι,
697 4858 721 4907 5.
759 4853 831 4908 Dan.
850 4859 874 4922 9,
892 4870 917 4906 ι.
937 4860 962 4909 1.
997 4852 1062 4911 Ειι.
1083 4861 1125 4923 55,
1152 4869 1214 4909 sese
1237 4852 1274 4908 sit
1295 4851 1437 4905 vinculum
1462 4847 1669 4916 indissolubile,
1699 4856 1793 4906 tamen
1814 4866 1865 4920 per
1881 4851 1986 4906 adulte-

288 4958 315 4996 ι.
342 4941 381 4995 3.’
401 4937 501 4993 Jerem.
526 4943 572 5006 32,
595 4955 620 4992 ι.
645 4943 687 4994 10.
714 4954 737 4992 ι.
762 4944 810 5004 33,
833 4956 860 4996 ι.
880 4944 922 4995 20.
962 4938 1063 4995 Erech.
1086 4944 1125 5010 16,
1151 4941 1224 4995 rium
1242 4938 1371 5003 solvitnr3
1389 4937 1430 4991 ita
1447 4952 1557 5007 quoque
1575 4934 1752 5005 desponsatio
1765 4936 1987 4992 ecclcsiacfacta

288 5044 316 5084 ι.
336 5031 378 5082 00.
398 5041 421 5080 c
444 5029 491 5088 37,
510 5041 537 5078 ι.
554 5029 595 5080 26.
633 5023 751 5089 noer,
767 5042 793 5078 ι.
814 5030 853 5080 19.
892 5024 1060 5097 Cumprimis
1077 5045 1125 5082 na
1151 5032 1264 5100 propter
1290 5022 1449 5094 spirituales
1469 5020 1595 5091 ejusdcm
1614 5018 1810 5077 fornicationes
1829 5026 1858 5078 et
1878 5030 1985 5094 aposta·

289 5112 377 5168 tanda
405 5117 470 5165 sunt
495 5112 564 5165 haec
593 5110 765 5165 testimonia:
799 5110 863 5165 Esa.
893 5117 937 5179 54,
961 5127 986 5164 ι.
1013 5117 1057 5169 1οι
1088 5115 1126 5168 In
1151 5115 1207 5171 sias
1227 5116 1378 5167 evacuatur
1394 5115 1423 5165 et
1439 5105 1570 5177 exspirat.
1606 5106 1670 5163 Esa.
1693 5114 1716 5177 1,
1735 5124 1761 5161 ι.
1780 5112 1822 5163 21.
1843 5107 1945 5165 Jerem.
1961 5115 1985 5179 3,

287 5198 487 5254 misericordia
510 5198 681 5267 sempiterna
705 5198 835 5251 nisaeus
858 5215 918 5251 sum
936 5199 997 5264 tui,·
1018 5208 1126 5255 montes
1151 5219 1177 5255 v.
1202 5204 1226 5255 8.
1263 5196 1363 5251 Erech.
1390 5200 1436 5262 16,
1458 5211 1485 5247 ι.
1510 5199 1550 5249 50.
1587 5193 1655 5250 Hos.
1680 5199 1752 5263 2,ι
1754 5199 1807 5249 ..2
1846 5197 1873 5253 2.
1893 5198 2074 5296 Lomiisun
2030 5205 2115 5247 contre

288 5286 362 5341 enim
382 5284 620 5339 commovebuntur
639 5291 664 5337 et
679 5283 766 5337 eolles
780 5285 999 5354 contremiscent,
1017 5286 1124 5339 miseri·
1151 5290 1232 5342 Rom.
1249 5287 1275 5339 3.
1302 5281 1353 5349 (ait
1371 5279 1567 5347 Bellarminus)
1591 5281 1712 5336 continet
1737 5279 1894 5335 absoluere
1917 5267 2093 5354 pro·130m¹,⁰³

288 5372 392 5426 cordia
409 5379 502 5425 autem
520 5387 583 5424 mea
602 5386 658 5423 non
675 5372 787 5423 recedet
806 5387 825 5423 a
844 5377 871 5423 te
891 5372 1032 5437 etfoedus
1040 5373 1128 5442 pacis
1151 5373 1308 5428 messionem
1327 5370 1364 5422 de
1379 5368 1515 5421 mittendo
1525 5368 1665 5423 Messia'
1652 5386 1682 5421 en
1697 5368 1839 5422 mundum
1867 5368 1907 5422 At
1916 5386 1987 5438 pro-

288 5474 366 5513 meae
384 5475 440 5512 non
457 5458 618 5525 monebitur,
637 5456 709 5509 dicit
728 5456 877 5511 miserator
896 5465 960 5511 tuus
974 5460 1124 5515 Dominus.
1151 5458 1246 5513 missio
1267 5454 1401 5525 baptismi
1419 5471 1475 5507 non
1494 5461 1533 5509 est
1552 5454 1696 5522 absoluta,
1715 5454 1768 5507 scd
1782 5454 1986 5524 conditionata,

288 5544 367 5600 Rom.
396 5549 426 5610 3,
451 5561 477 5599 v.
500 5551 530 5601 3:
559 5545 636 5599 Num
661 5543 847 5597 incredulitas
874 5544 1015 5597 hominum
1035 5547 1124 5613 fidem
1151 5545 1219 5616 quia
1244 5541 1366 5595 includit
1385 5541 1570 5596 conditionem
1587 5540 1670 5607 fidei,
1690 5540 1915 5608 perseverantiae
1933 5545 1985 5598 etc.

289 5632 349 5687 Dei
366 5632 532 5686 mactabit!
555 5631 636 5685 absit.
655 5646 678 5684 c.
700 5635 740 5698 11,
759 5645 784 5686 ι.
805 5635 852 5685 29ι
877 5632 938 5685 sine
949 5632 1125 5701 poenitentia
1151 5628 1373 5701 Respondemus:
1405 5643 1487 5682 nemo
1513 5631 1636 5682 nochum
1664 5624 1745 5696 dicit,
1777 5626 2012 5697 promissionem¹

288 5726 353 5772 sunt
373 5720 450 5772 dona
467 5725 492 5769 et
509 5720 619 5775 occatio
631 5719 697 5776 Dei.
734 5722 758 5772 2.
776 5716 847 5772 Tim.
865 5722 889 5787 2,
906 5735 932 5772 ι.
954 5723 996 5774 ts:
1018 5719 1053 5774 ss·
1068 5735 1125 5773 non
1151 5713 1283 5788 baptismi
1307 5730 1366 5771 esse
1383 5713 1538 5769 absolutam
1557 5727 1590 5767 co
1610 5711 1706 5782 modo,
1729 5714 1763 5767 ut
1778 5719 1986 5783 perseverantes

289 5806 444 5871 credimus,
470 5802 520 5857 iiie
537 5807 638 5872 fidelis
660 5810 818 5879 permanet,
846 5820 876 5859 se
902 5805 996 5875 ipsum
1019 5822 1125 5875 nepare
1150 5805 1180 5860 in
1211 5802 1363 5860 sceleribus
1392 5800 1453 5858 sine
1478 5797 1651 5872 poenitentia
1672 5805 1701 5854 et
1724 5797 1778 5854 fide
1806 5797 1985 5855 nihilominus

341 5898 444 5941 (ιιιιιιιι
456 5894 505 5938 lod.
522 5896 558 5939 lv.
1611 5905 1644 5956 ῃ
