4800 6659
983 655 1395 717 nsanosossansuo.
1973 670 2033 732 231

339 812 414 863 Jesu
440 809 554 866 Christi.
589 811 676 865 Recte
700 816 792 865 autem
812 817 905 866 monet
924 812 1100 880 Ambrosius,
1127 830 1175 868 no·
1201 814 1301 871 Matth.
1317 822 1341 883 3,
1359 834 1384 870 v.
1406 823 1450 872 12:
1471 817 1559 885 Osiris
1577 818 1761 876 ventilabrum
1778 817 1809 872 in
1826 835 1911 872 manu
1929 836 1991 886 sua,
2010 827 2037 875 st

339 913 405 950 men
417 896 518 951 Christi
538 898 684 968 complecti
699 904 785 952 totam
802 905 1003 953 sacrosanctam
1016 900 1176 969 trinitatem,
1200 903 1399 970 permundabit
1421 922 1517 958 aream
1536 922 1617 957 usam
1634 913 1659 957 et
1677 906 1857 974 conprepabit
1871 907 2036 961 triticnmin

340 982 471 1039 videlicet
499 984 624 1052 Patrem,
656 986 706 1053 qui
730 985 809 1038 uneit
830 985 938 1038 Filium
964 986 1025 1039 oleo
1050 988 1175 1040 laetitiae
1202 990 1330 1043 horreum
1352 1009 1444 1059 suum,
1476 993 1578 1062 poleas
1601 1000 1691 1045 omem
1714 994 1854 1046 comburet
1879 993 1940 1060 ipni
1961 994 2036 1047 insa·

336 1086 413 1140 pros
432 1071 612 1134 consortibus,
630 1071 737 1125 Psolm.
750 1075 795 1137 ab,
812 1088 835 1124 o.
855 1075 880 1125 8.
898 1070 1008 1138 Filium,
1027 1073 1072 1126 cui
1087 1075 1176 1127 Pater
1201 1077 1366 1146 stinpuibili.
1404 1076 1508 1141 Quodsi
1540 1079 1681 1133 Pharisaei
1709 1077 1871 1149 hypocritae
1896 1085 1924 1133 et
1949 1079 2035 1135 inere·

267 1156 423 1208 meludit
440 1156 571 1224 spiritum
589 1173 643 1208 non
661 1158 702 1208 ocl
720 1173 885 1213 mensuram.
917 1156 980 1211 loh.
1002 1164 1025 1224 3,
1043 1177 1069 1215 v.
1091 1165 1130 1214 34.
1148 1166 1176 1213 et
1202 1161 1261 1214 duli
1281 1180 1330 1232 per
1349 1163 1516 1233 baptismum
1538 1164 1675 1219 lobannis
1694 1164 1722 1218 in
1740 1181 1805 1219 vera
1820 1166 1991 1235 poenitentia
2008 1171 2037 1221 et

341 1241 475 1311 Spiritum
504 1247 646 1310 sanctum,
674 1243 721 1314 qui
750 1247 793 1297 est
819 1244 883 1313 ipsa
908 1246 1002 1298 unctio
1024 1251 1048 1301 l.
1065 1244 1130 1302 loh.
1150 1252 1174 1314 2,
1202 1246 1257 1302 fide
1285 1257 1445 1319 susceptum
1475 1250 1630 1320 potuissent
1656 1250 1779 1321 effugere
1795 1257 1940 1305 venturam
1956 1252 2036 1321 iram,

340 1344 367 1384 v.
386 1334 428 1384 27.
463 1328 538 1398 Ergo
562 1328 609 1398 qui
633 1329 661 1381 in
683 1327 823 1382 Christum
844 1329 983 1399 baptizat,
1014 1331 1038 1384 is
1064 1332 1175 1387 Patrem
1203 1335 1299 1405 utique
1327 1353 1393 1407 ergo
1420 1352 1485 1390 vere
1512 1337 1685 1406 poenitentes
1713 1336 1848 1407 baptizati
1868 1354 1885 1391 a
1907 1337 2036 1394 lohanna

340 1420 493 1486 ungentem
511 1420 540 1468 et
561 1414 707 1484 Spiritum,
737 1416 784 1485 qui
813 1421 855 1471 est
878 1417 987 1485 unctio,
1013 1418 1173 1490 neutiquam
1202 1419 1257 1474 fide
1283 1421 1312 1474 in
1337 1421 1477 1475 Christum
1504 1430 1671 1492 acceperuut
1695 1424 1884 1477 remissionem
1908 1430 2035 1493 peccato·

338 1502 471 1556 excludit.
508 1506 532 1555 5.
550 1499 679 1571 Denique
699 1502 722 1555 si
742 1519 816 1572 papa
836 1503 968 1559 Nicolaus
980 1502 1002 1557 l.
1022 1510 1096 1560 recte
1112 1523 1174 1575 pro·
1202 1523 1263 1559 rum
1282 1508 1435 1578 etreliqua
1453 1508 1527 1562 bona
1544 1508 1674 1562 coelestia
1691 1509 1720 1562 in
1734 1510 1879 1580 evangelio
1892 1510 2034 1578 promissa.

338 1587 490 1654 nuntiavit,
508 1605 603 1642 verrrm
623 1605 656 1642 ac
675 1588 830 1659 legitimum
848 1606 907 1644 esse
925 1590 1106 1659 baptismum,
1127 1591 1174 1662 qui
1204 1599 1226 1648 3.
1247 1593 1288 1647 Er
1310 1594 1458 1663 praeconio
1477 1594 1578 1649 Christi
1598 1595 1633 1650 dc
1650 1596 1790 1665 baptismo
1810 1596 1945 1650 lobannis
1965 1596 2034 1653 Luc.

337 1674 369 1727 in
387 1674 473 1728 solius
491 1673 592 1730 Christi
611 1690 769 1744 expressum
792 1691 893 1729 nomen
914 1675 996 1729 datus
1020 1682 1075 1745 est,
1099 1681 1176 1746 quod
1204 1687 1226 1747 7,
1245 1698 1271 1736 v.
1291 1687 1336 1736 30:
1360 1681 1513 1734 Pharisaei
1535 1689 1560 1733 et
1582 1682 1691 1735 scribae
1708 1690 1871 1751 spreverunt
1888 1684 2036 1745 canalium

337 1761 470 1814 videlicet
495 1761 631 1814 instillatio
658 1762 765 1816 Christi
785 1780 841 1816 non
865 1763 901 1815 dc
917 1762 1043 1824 vocibus,
1070 1766 1122 1817 serl
1139 1767 1173 1817 (la
1207 1769 1263 1819 Dei
1280 1769 1515 1819 adamantemet
1533 1766 1611 1835 ipsos
1631 1786 1687 1822 non
1705 1768 1876 1836 baptizatio
1895 1768 2034 1825 Johaum.

337 1847 422 1901 rebare
448 1848 484 1900 sit
508 1836 707 1916 inlellipcnda,
740 1856 844 1919 quanto
870 1849 961 1904 verius
987 1848 1040 1904 hoc
1065 1850 1117 1904 erit
1140 1850 1175 1905 de
1202 1853 1263 1907 Hoc
1283 1859 1358 1907 certe
1375 1853 1428 1906 fuit
1447 1853 1590 1912 consilium
1611 1855 1809 1925 evangelicum,
1828 1854 1942 1910 fuemnt
1961 1857 2035 1924 copi-

338 1932 475 1990 lohannis
501 1933 639 2005 baptismo
664 1942 729 1989 ante
754 1935 884 1989 traditam
912 1953 1069 2005 expressam
1097 1937 1173 1991 illam
1202 1940 1322 1992 tationes
1337 1941 1435 2009 pacis,
1456 1939 1558 1993 berem.
1576 1945 1617 2001 23,
1635 1959 1661 1994 v.
1683 1946 1722 1996 11.
1743 1941 1815 2011 quod
1837 1941 1942 1996 scilicet
1958 1941 2035 1998 Dens

338 2021 456 2075 formam
474 2021 624 2089 usurpato?
649 2020 722 2076 Vide
735 2020 900 2091 Cajetanum
915 2022 944 2076 in
956 2022 1054 2080 Thom.
1067 2030 1137 2093 part.
1151 2030 1174 2079 3.
1200 2042 1252 2095 per
1274 2025 1442 2094 baptismum
1466 2025 1603 2080 lobannis
1621 2025 1740 2080 voluerit
1757 2044 1803 2081 eos
1822 2027 1851 2080 in
1870 2029 1989 2098 gratiam
2007 2035 2036 2084 et

338 2125 385 2178 qu.
407 2113 449 2163 66.
466 2112 516 2161 art,
535 2113 558 2163 6.
577 2107 697 2177 pertinet
716 2107 784 2174 huc,
804 2108 879 2178 quod
898 2108 1061 2180 Hardingus
1079 2110 1172 2181 dispo·
1200 2112 1423 2181 vitamrecipere.
1443 2110 1606 2165 Ambrosius
1618 2111 1838 2167 inhunclocum:
1852 2115 2035 2179 laetificatur

337 2200 395 2261 tat,
428 2195 571 2263 apostolos
603 2195 777 2247 essentialem
805 2196 951 2249 uerbenam
983 2198 1113 2263 sormam
1143 2199 1172 2250 in
1198 2200 1349 2266 Desuper
1368 2198 1549 2265 baptismum,
1574 2198 1625 2266 qui
1641 2198 1714 2250 enim
1728 2206 1829 2267 peccat
1845 2207 1872 2251 et
1889 2202 2036 2264 confitetur

338 2281 476 2350 baptismo
500 2288 620 2332 mutasse
646 2288 671 2333 et
694 2283 861 2350 quandoque
886 2281 916 2334 in
935 2284 1046 2335 nomine
1067 2285 1175 2338 Christi
1200 2286 1263 2336 Deo
1280 2290 1432 2351 peccatum,
1446 2284 1586 2351 justificat
1600 2286 1698 2351 Deum,
1717 2287 1834 2337 medens
1851 2286 1880 2337 ei
1899 2287 2035 2356 abeoquo

337 2376 444 2420 tantam
479 2368 650 2438 baptisans,-
689 2384 744 2438 qua
780 2368 817 2424 de
850 2387 881 2424 re
917 2369 1026 2425 dicetur
1059 2370 1173 2425 inferius
1198 2386 1317 2438 sperans
1334 2369 1465 2435 pratiom.
1502 2369 1548 2424 Sic
1567 2370 1602 2424 de
1620 2369 1757 2439 baptismo
1774 2369 1912 2425 lobannis
1932 2372 2035 2428 dicitur

337 2450 367 2529 ξ.
386 2459 427 2508 90.
1198 2456 1262 2509 loh.
1283 2462 1312 2518 3,
1341 2473 1367 2509 v,
1388 2462 1418 2509 b:
1447 2456 1515 2509 Nisi
1537 2456 1600 2524 quis
1620 2465 1736 2530 renam
1752 2457 1843 2520 fucrit
1861 2474 1894 2510 ea
1913 2476 1989 2526 aqua
2007 2466 2034 2512 et

259 2528 264 2537 ’
374 2547 415 2596 ll.
450 2541 544 2611 Atque
574 2539 643 2595 haec
674 2531 749 2595 dicta
774 2540 829 2595 sint
858 2539 893 2596 de
918 2540 1008 2596 forma
1033 2541 1172 2612 baptismi,
1203 2542 1326 2611 Spiritu,
1355 2560 1411 2596 non
1435 2550 1529 2611 potest
1554 2542 1671 2596 introire
1696 2542 1726 2594 in
1750 2559 1866 2611 rapnum
1883 2544 2032 2598 coelorum.

340 2642 423 2698 quem
443 2626 584 2681 lohannes
602 2627 818 2694 administravit3
839 2632 930 2691 ¹restat
948 2631 1077 2699 quartum
1089 2646 1171 2701 argu-
1199 2628 1244 2681 Illi
1264 2628 1402 2699 baptismo
1418 2629 1517 2684 tribuit
1527 2628 1652 2683 Christus
1670 2630 1908 2701 regenerationem
1926 2637 1955 2685 et
1972 2648 2034 2687 coe·

339 2713 425 2768 menti
447 2713 614 2780 membrum,
632 2712 736 2767 scilicet
754 2720 786 2767 ut
805 2713 1037 2779 demonstremus,
1055 2716 1172 2769 eandem
1199 2714 1278 2769 lestis
1304 2716 1383 2787 regni
1409 2716 1591 2786 apertionem,
1621 2716 1668 2787 qui
1695 2723 1762 2771 tunc
1785 2721 1844 2771 erat
1866 2716 1894 2770 in
1917 2718 2036 2773 ecclesia

339 2816 400 2855 esse
426 2799 577 2855 efficaciam
601 2799 773 2869 spiritualem
799 2799 930 2869 baptismi
949 2800 1084 2855 lobannis
1108 2818 1171 2856 cum
1199 2803 1325 2857 usitatus.
1374 2803 1439 2857 lam
1472 2818 1537 2856 vero
1576 2802 1661 2857 series
1696 2801 1827 2856 historiae
1858 2804 2035 2874 evangelicae

338 2885 478 2954 baptismo
509 2885 620 2939 Christi.
668 2885 794 2939 Dicimus
824 2902 907 2956 ergo,
940 2888 1171 2956 quemadmodum
1199 2889 1329 2954 ostendit,
1349 2890 1487 2959 baptisma
1503 2889 1637 2945 lobannis
1655 2890 1699 2945 vel
1714 2890 1811 2958 solum,
1828 2890 1872 2944 vel
1885 2892 2034 2962 praecipue

338 2972 417 3028 Deus
442 2989 492 3043 per
518 2973 687 3043 baptismum
711 2973 897 3042 apostolorum
924 2974 960 3027 ad
987 2976 1171 3044 regeneratio·
1199 2982 1267 3029 tunc
1293 2976 1424 3045 temporis
1452 2975 1582 3046 viguisse.
1618 2975 1694 3046 Ergo
1719 2976 1873 3046 baptismus
1898 2977 2035 3033 lobannis

338 3075 402 3113 nem
429 3066 457 3114 et
486 3060 672 3114 remissionem
703 3065 879 3130 peccatorum
908 3059 962 3114 fuit
990 3059 1101 3128 efficax,
1132 3062 1172 3115 ita
1199 3061 1252 3116 fuit
1270 3062 1403 3127 medium,
1430 3078 1481 3132 per
1503 3061 1578 3132 quod
1596 3062 1720 3116 homines
1738 3068 1804 3115 sunt
1823 3063 1978 3133 regenerati
1997 3063 2034 3118 ad

339 3162 450 3217 quoquc
478 3147 574 3200 eadem
602 3144 739 3201 beneficia
770 3162 819 3216 per
842 3145 1010 3216 baptismum
1036 3147 1172 3201 lobannis
1198 3148 1285 3201 vitam
1311 3153 1459 3202 aeternam.
1495 3154 1519 3202 4.
1540 3148 1581 3201 Ex
1604 3147 1737 3202 vaticinio
1756 3148 1906 3202 Zachariae
1924 3150 1958 3204 de
1976 3149 2035 3205 filio

337 3232 539 3304 poenitentiam
566 3232 713 3303 agentibus
739 3237 768 3287 et
786 3233 816 3286 in
833 3232 974 3287 Christum
994 3232 1171 3287 credentibus
1198 3251 1248 3288 suo
1264 3234 1401 3290 lobanne.
1436 3234 1505 3288 Luc.
1527 3240 1554 3302 l,
1573 3252 1599 3289 v.
1617 3240 1665 3289 77:
1695 3234 1827 3287 Pracibis
1842 3235 1954 3302 faciem
1973 3238 2033 3290 Do-

338 3317 426 3374 fuissc
454 3318 584 3373 divinitus
613 3318 724 3373 collata.
770 3319 804 3373 Id
834 3320 1052 3373 demonstramus
1086 3325 1108 3376 1.
1138 3336 1171 3374 ex
1198 3321 1270 3373 mini
1288 3325 1338 3375 etc.
1367 3322 1408 3372 ad
1432 3322 1559 3373 Mariam
1581 3320 1727 3374 aebutium
1750 3320 1852 3374 salutis
1869 3321 1950 3390 plebi
1971 3323 2083 3391 ejusm
2097 3322 2144 3367 ¹⁰²·

339 3411 502 3479 ounmruplq
520 3404 670 3475 phrasium,
691 3421 762 3477 qaae
781 3406 817 3459 dc
835 3405 972 3476 baptismo
985 3406 1122 3461 lobannis
1143 3413 1172 3461 ct
1199 3408 1229 3460 in
1260 3407 1421 3460 sanissime
1446 3413 1626 3475 peccatorum
1653 3422 1756 3462 emam.
1800 3405 1878 3461 Haec
1906 3408 2032 3462 remissio

339 3492 527 3563 apostolorum
546 3497 704 3562 usurpatur.
731 3492 817 3547 Marc.
838 3498 860 3556 1,
879 3508 904 3544 s.
924 3498 948 3547 l.
971 3491 1039 3546 Luc.
1058 3498 1082 3560 3,
1100 3508 1126 3548 v.
1145 3498 1168 3547 3.
1197 3500 1375 3564 peccatorum
1394 3508 1449 3547 non
1465 3492 1554 3547 solum
1571 3509 1622 3563 per
1639 3492 1775 3564 evangelii
1787 3493 2031 3564 praedicationem,

338 3586 402 3633 erat
426 3578 572 3631 lohannes
596 3579 626 3631 in
649 3580 761 3632 deserto
785 3579 930 3647 baptisans
953 3587 979 3632 et
999 3580 1171 3648 praedicans
1198 3581 1248 3634 scd
1272 3580 1356 3634 etiam
1375 3597 1426 3650 per
1449 3578 1581 3649 baptismi
1605 3579 1808 3649 susceptionem
1832 3580 2031 3650 poenitentiam

339 3665 504 3735 baptismum
519 3666 708 3734 poenitentiae
725 3666 756 3717 in
775 3666 966 3719 remissionem
979 3674 1170 3735 peccatorum.
1198 3667 1347 3739 agentibus
1386 3672 1415 3721 et
1450 3666 1479 3719 in
1516 3664 1656 3719 Christum
1693 3665 1869 3720 credentibus
1906 3668 2032 3739 contigit

337 3750 444 3806 Eadem
478 3749 609 3821 loquendi
638 3751 757 3805 formula
786 3759 938 3821 usurpatur
966 3751 1002 3806 de
1032 3752 1171 3821 baptismo
1198 3754 1287 3818 Quale
1313 3753 1368 3806 fuit
1394 3751 1575 3806 ministerium
1597 3750 1733 3806 lobannis
1757 3752 1787 3806 in
1809 3753 1948 3821 docendo,
1975 3754 2033 3809 tale

338 3837 533 3909 apostolorum,
568 3838 662 3892 Actor.
681 3843 710 3905 2,
728 3856 753 3894 v.
773 3843 820 3894 33:
840 3840 1007 3908 Baptizatur
1024 3840 1171 3907 unusquis·
1198 3841 1282 3896 ctiam
1304 3839 1357 3893 fuit
1381 3838 1410 3892 in
1434 3836 1616 3907 baptizando,
1645 3838 1726 3907 eujus
1750 3838 1927 3893 connexionis
1950 3839 2033 3895 ratio·

338 3940 392 3995 que
409 3932 529 3977 nestrum
547 3923 576 3976 in
594 3925 703 3978 nomine
720 3924 792 3977 lesu
810 3926 917 3980 Christi
933 3927 963 3979 in
980 3925 1170 3978 remissionem
1198 3943 1261 3981 nem
1291 3924 1466 3995 exposuimus
1489 3923 1624 3993 superius.
1659 3923 1724 3978 lam
1748 3940 1813 3978 vero
1832 3939 1882 3994 per
1897 3925 2032 3979 lobannis

335 4019 523 4083 peccatorum.
551 4009 645 4065 Actor.
659 4016 700 4074 22,
720 4028 744 4064 v.
766 4017 805 4068 16.
826 4011 948 4066 Ananias
967 4010 1085 4066 Paulum
1103 4010 1172 4065 allo·
1198 4012 1379 4067 ministerium
1399 4010 1428 4064 in
1446 4010 1570 4065 docendo
1588 4008 1714 4065 homines
1731 4010 1803 4064 dam
1821 4010 1919 4064 salutis
1939 4011 2031 4067 edocti

337 4098 434 4169 quitur
455 4096 530 4150 hisce
552 4096 657 4151 verbis:
689 4099 818 4166 Easurpe
838 4106 864 4150 ct
882 4098 1025 4167 baptizare
1043 4105 1069 4149 et
1088 4098 1170 4151 ablue
1198 4106 1227 4155 et
1243 4104 1420 4170 peccatorum
1433 4096 1621 4151 remissionem
1633 4095 1689 4151 fide
1702 4096 1843 4149 consecuti
1855 4102 1928 4151 aunt
1955 4097 2031 4170 Ergo

333 4192 456 4254 peccato
480 4190 528 4234 tua
548 4184 673 4236 inuocato
691 4187 800 4238 nomine
819 4183 932 4238 Christi.
967 4184 1043 4255 Ergo
1066 4183 1170 4253 baptis·
1198 4191 1227 4239 et
1250 4201 1300 4254 per
1323 4182 1492 4254 baptismum
1517 4180 1654 4237 lobannis
1676 4181 1773 4236 eadem
1800 4180 1937 4238 beneficia
1963 4184 2031 4253 ipsis

338 4286 401 4323 mus
424 4268 558 4323 lobannis
584 4287 639 4324 non
663 4270 718 4324 suit
744 4271 952 4325 administratus
975 4270 1004 4323 in
1027 4270 1169 4339 poeniten·
1196 4274 1310 4327 fuemnt
1327 4269 1437 4325 collata.
1474 4276 1496 4324 5.
1513 4268 1555 4322 Ex
1568 4268 1700 4333 encomio,
1718 4267 1793 4339 quod
1806 4269 1938 4339 Apolloni
1952 4287 1970 4324 a
1983 4270 2030 4326 lc

337 4356 407 4409 tiam
432 4355 490 4409 sine
510 4354 564 4409 fide
590 4362 618 4411 et
643 4356 803 4411 remissione
828 4362 1018 4426 peccatorum,
1045 4354 1108 4409 talis
1135 4357 1171 4409 si·
1197 4359 1289 4413 banne
1306 4357 1449 4427 baptizato
1469 4354 1601 4409 tribuitur
1617 4354 1711 4409 Actor.
1728 4360 1768 4416 18,
1787 4372 1814 4410 v.
1833 4360 1879 4410 24:
1898 4357 2031 4411 Judaeus

337 4440 450 4513 quidem
474 4442 643 4511 poenitentia
667 4449 709 4496 est
731 4441 912 4496 ministerium
936 4440 1031 4495 mortis
1055 4447 1170 4511 etopus
1197 4446 1315 4514 quidam
1332 4442 1454 4512 Apollas
1474 4442 1597 4503 nomine,
1621 4441 1836 4494 Aleaandrinus
1853 4458 1967 4510 panae,
1988 4443 2033 4496 air

337 4526 442 4599 legale
468 4528 517 4582 sed
542 4528 569 4581 in
590 4545 684 4582 veram
705 4534 733 4583 et
754 4527 903 4582 salutarem
922 4527 1118 4597 poenitentiam
1136 4544 1170 4582 ac
1197 4532 1328 4601 eloquens
1354 4528 1464 4583 devenit
1482 4528 1512 4579 in
1531 4527 1673 4595 Ephesum
1690 4536 1791 4595 poteras
1809 4529 1839 4580 in
1858 4528 2033 4599 Scriptus-is,-

337 4614 455 4685 proinde
474 4615 555 4668 etiam
575 4615 603 4669 in
619 4615 806 4669 remissionem
820 4620 1005 4684 peccatorum,
1023 4630 1094 4684 quae
1107 4631 1170 4667 cum
1197 4636 1223 4670 v.
1247 4622 1295 4672 25:
1329 4616 1374 4669 hic
1403 4623 1464 4667 erat
1490 4616 1604 4667 edoctm
1629 4614 1703 4666 viam
1727 4614 1849 4676 Damini
1873 4616 2033 4681 attenuans

335 4718 404 4757 vera
423 4706 451 4755 et
468 4701 583 4756 salutari
601 4703 771 4773 poenitentia
794 4701 937 4757 individuo
956 4718 1029 4755 nexu
1046 4707 1089 4755 est
1105 4706 1171 4754 con·¹
1196 4704 1301 4773 spiritu
1332 4702 1497 4770 loquebatur
1525 4707 1552 4752 st
1582 4700 1700 4752 docebat
1730 4701 1880 4768 diligenter
1903 4718 1937 4754 eo
1960 4718 2033 4769 quae

332 4789 441 4858 juncta.
478 4788 572 4858 Atque
589 4789 659 4844 haec
679 4788 816 4843 beneficia
833 4806 887 4843 non
907 4786 1090 4859 significative
1109 4793 1169 4840 tan-
1197 4797 1262 4841 sum
1290 4790 1324 4841 de
1356 4787 1443 4852 Jeme,
1475 4786 1565 4838 sciens
1592 4792 1698 4837 tontum
1725 4786 1857 4855 baptismi
1882 4787 2032 4840 lohannis.

336 4880 397 4929 tum
415 4874 460 4929 vel
480 4875 686 4940 adumbrative,
712 4892 764 4931 nec
787 4876 980 4946 praeparativa
999 4880 1106 4928 tantum
1126 4873 1170 4928 vel
1183 4897 1185 4938 t
1198 4874 1304 4939 Quodsi
1331 4873 1449 4944 Apollas
1476 4889 1493 4926 a
1519 4871 1646 4927 lohanna
1671 4871 1827 4942 baptizatus
1851 4873 1906 4927 tuit
1921 4874 2033 4928 fervens

337 4960 513 5032 dispositive,
547 4960 596 5015 aed
632 4961 716 5015 etiam
747 4961 896 5016 exhibitiva
925 4968 953 5014 et
984 4960 1170 5030 dispensative
1183 4941 1185 5008 l
1198 4961 1311 5032 spiritu,
1338 4977 1388 5014 cur
1411 4958 1543 5029 Spiritum
1565 4965 1692 5013 sanctum
1714 4976 1778 5013 cum
1802 4958 1858 5012 suis
1877 4959 1956 5013 donis
1974 4968 2032 5013 tam

336 5062 389 5119 per
416 5046 583 5116 baptismum
608 5046 742 5102 lobannis
766 5047 879 5102 fuerunt
901 5047 1015 5115 collata,
1041 5047 1070 5100 id
1096 5047 1169 5117 quod
1197 5049 1279 5119 longe
1307 5063 1325 5100 a
1349 5045 1487 5115 baptismo
1508 5043 1645 5099 lobannis
1671 5044 1884 5115 ablegaremusl
1919 5051 1943 5100 6.
1971 5044 2032 5109 Quo

337 5152 394 5189 non
412 5133 500 5188 solum
522 5151 554 5187 ex
572 5133 640 5204 ipsis
656 5134 747 5189 verbis
762 5135 1003 5205 evangelistarum,
1023 5134 1169 5188 sedetiam
1184 5135 1281 5204 ,etiam
1305 5132 1402 5187 referri
1420 5136 1523 5202 potest,
1551 5131 1626 5201 quod
1645 5132 1744 5185 Petrus
1766 5137 1788 5187 1.
1804 5130 1882 5201 epist
1902 5137 1926 5198 3,
1944 5149 1970 5185 v.
1990 5137 2032 5186 21.

336 5237 372 5276 ex
389 5219 568 5275 concionibus
585 5220 721 5274 lobannis
744 5220 887 5290 Baptistae
907 5227 1033 5291 apparet.
1063 5218 1126 5274 loh.
1148 5225 1169 5282 1,
1184 5209 1234 5301 {de
1257 5219 1395 5290 baptismo
1414 5234 1464 5271 suo
1481 5217 1561 5272 dicit:
1589 5219 1740 5286 Baptismo
1759 5235 1810 5270 nos
1829 5217 1929 5273 salvat.
1966 5216 2031 5272 lam

336 5324 363 5362 v.
383 5312 433 5362 29:
464 5309 537 5360 Ecce
556 5324 644 5373 apnus
663 5307 735 5372 Dei,
762 5308 811 5375 qui
829 5307 904 5360 tollit
917 5314 1038 5376 peccata
1057 5307 1264 5378 meandi-tuero
1283 5323 1316 5361 ex
1334 5322 1357 5358 c.
1378 5311 1398 5358 1.
1419 5303 1483 5358 lob.
1501 5322 1527 5357 v.
1548 5309 1589 5358 37.
1615 5310 1643 5359 et
1664 5319 1686 5358 c.
1707 5310 1737 5371 4,
1761 5322 1786 5357 v.
1807 5309 1832 5359 2.
1852 5301 2032 5373 probabiliter

336 5410 362 5447 v.
385 5398 429 5448 tt:
447 5410 480 5445 aa
491 5393 671 5462 plenitudine
689 5393 750 5461 ejus
768 5409 862 5446 omncs
874 5394 1031 5461 accepimus
1047 5393 1171 5459 prolium
1184 5389 1186 5453 i
1198 5392 1349 5464 colligitur,
1365 5390 1480 5445 Petrum
1498 5390 1654 5445 alahanne
1672 5389 1758 5442 luisse
1775 5388 1947 5458 baptizatum
1962 5388 2032 5459 (qui-

332 5496 391 5551 pro
413 5480 509 5546 pratia
532 5485 583 5532 etc.
620 5484 644 5534 2.
663 5478 704 5531 Ex
727 5478 818 5533 verbis
837 5477 985 5536 lobannis.
1015 5478 1115 5548 quibus
1134 5467 1185 5547 adl
1200 5481 1263 5533 dam
1280 5485 1374 5532 tamen
1394 5494 1427 5532 ex
1446 5476 1586 5531 veteribus
1605 5480 1742 5542 statuunt,
1771 5474 1886 5529 Petrum
1911 5476 1947 5529 ab
1970 5474 2032 5544 ipso

337 5565 502 5620 Pharisaeos
528 5564 690 5634 hypocritas
713 5570 743 5618 et
762 5564 919 5618 incredulos
936 5564 1105 5633 baptismum
1122 5581 1170 5633 pe·
1182 5556 1184 5597 Ι
1198 5566 1307 5619 Christo
1324 5563 1496 5634 baptizatum
1514 5566 1593 5628 esse).
1612 5562 1708 5631 utique
1728 5577 1794 5632 ergo
1814 5560 1966 5631 baptismus
1983 5562 2032 5617 lo·

336 5658 428 5708 tentes
440 5669 506 5706 usus
520 5659 570 5707 est.
589 5651 689 5706 Matth.
702 5656 726 5718 3,
735 5658 792 5706 ul.
806 5650 872 5703 Luc.
888 5657 911 5714 3,
924 5668 949 5706 v.
962 5658 989 5703 7:
1010 5650 1170 5722 Γεννήματα
1182 5609 1185 5691 i
1197 5651 1297 5705 hannis
1316 5649 1370 5705 fuit
1388 5650 1509 5703 medium
1530 5648 1635 5702 salutis.
1672 5654 1696 5701 l.
1715 5647 1815 5718 Legati
1834 5647 2032 5717 Hierosolymi-

336 5741 510 5810 niperarum,
539 5740 601 5808 quis
629 5739 828 5792 demortstram't
854 5738 930 5791 uobis
955 5739 1056 5805 supere
1082 5756 1101 5789 a
1123 5736 1256 5804 fuitaui
1274 5735 1339 5792 Joh.
1362 5742 1390 5804 l,
1409 5755 1434 5791 v.
1452 5742 1493 5790 25.
1519 5750 1581 5786 cum
1604 5732 1733 5788 lohanna
1753 5734 1882 5805 Baptista
1901 5742 2030 5803 expostu-

337 5835 404 5881 turo
421 5825 489 5880 isal
507 5824 556 5879 ubi
574 5825 710 5896 perirem
721 5830 866 5879 venturam
878 5830 987 5893 tempus
1000 5824 1113 5878 extremi
1125 5824 1170 5893 ju·
1197 5824 1270 5878 lant:
1291 5822 1384 5885 Quare
1403 5840 1470 5892 erpo
1490 5821 1629 5889 baptizas,
1646 5821 1674 5874 si
1688 5839 1746 5875 non
1763 5839 1793 5875 es
1814 5821 1962 5877 Christus!
1979 5820 2030 5875 hoc

337 5911 406 5969 utsii
425 5916 455 5968 et
474 5928 578 5984 poenas
602 5912 702 5968 inferni
725 5910 918 5983 intelligendas
943 5926 1004 5967 esse
1029 5915 1108 5980 patet
1135 5925 1169 5965 ex
1198 5915 1242 5965 est
1258 5927 1321 5966 cum
1339 5927 1396 5965 non
1415 5908 1454 5963 eis
1469 5906 1609 5977 Christus,
1632 5924 1684 5964 use
1702 5908 1832 5977 debebis,
1858 5924 1911 5964 nec
1926 5906 2031 5977 poteris
