4800 6659
925 563 980 622 DE
996 561 1113 624 BONIS
1128 562 1320 656 OPERIBUS
1912 575 1952 638 41

268 721 396 794 sequitur,
416 719 493 792 quod
509 719 590 777 detur
608 725 727 791 tempus,
744 736 799 793 quo
816 725 961 792 poccsmm
974 720 1004 776 in
1015 735 1099 776 carue
1125 718 1233 777 demus:
1263 720 1345 778 Hauc
1371 722 1467 781 itidem
1488 738 1549 780 esse
1569 721 1669 779 tabam
1690 721 1858 796 hypothesin
1875 721 1955 780 evid-

266 808 376 863 hsereus
399 823 484 878 opera
506 824 562 863 nou
585 806 760 879 coinquinet,
785 812 921 878 perpetuo
938 822 1035 862 rmum
1055 813 1098 861 est
1123 824 1184 863 mus
1208 807 1238 863 in
1263 814 1385 865 uscmtu
1408 809 1444 865 de
1466 810 1537 883 lege.
1562 807 1591 886 ξ.
1611 816 1666 868 181.
1702 810 1752 868 ubi
1774 810 1954 880 ostendimus,

263 894 329 949 iilud
343 894 540 965 apostolicum:
560 892 766 960 Sidiserimus,
784 911 836 947 nos
853 893 1096 964 nonhabmpee·
1122 892 1270 951 summum
1287 895 1366 952 illum
1391 896 1547 954 dilectionis
1571 898 1688 969 gradum
1714 899 1743 953 in
1770 897 1835 969 lego
1859 896 1955 953 divine

262 990 368 1045 samm,
400 982 549 1034 mendose:
579 997 682 1033 samur.
727 985 750 1035 3.
777 978 952 1049 Augustinus
979 979 1028 1035 lib.
1062 979 1097 1035 de
1122 980 1324 1052 praescriptum
1353 982 1382 1037 in
1406 982 1460 1038 hac
1484 982 1544 1038 vita
1566 1000 1616 1037 uos
1645 1002 1702 1040 nou
1728 999 1808 1055 posse
1833 982 1955 1055 ussqut

259 1067 358 1139 spiritu
381 1074 411 1123 et
433 1065 474 1122 lit.
499 1082 559 1136 cup.
584 1064 634 1119 ult.
656 1071 754 1137 nemi,
779 1065 878 1134 eapse
906 1068 1099 1135 deputondm
1123 1068 1301 1121 Admistione
1320 1077 1500 1138 peccatorum
1523 1070 1675 1124 venialium
1698 1071 1771 1124 bona
1793 1076 1955 1124 renatorum

260 1172 327 1223 esre,
345 1156 426 1224 quod
441 1155 473 1207 in
489 1154 542 1207 hac
559 1153 617 1205 otta
636 1170 690 1206 son
708 1151 745 1206 sit
765 1159 844 1206 mota
858 1152 972 1222 paritas
990 1160 1015 1207 et
1032 1169 1097 1222 per·
1123 1169 1211 1222 opero
1238 1172 1294 1207 non
1321 1154 1433 1224 sitiam,
1458 1153 1524 1210 iude
1542 1153 1642 1225 probat
1662 1154 1864 1221 Bellarminus,
1888 1155 1957 1224 quia

252 1242 345 1309 sectio
365 1257 492 1310 operum,
510 1247 618 1308 quanto
635 1239 688 1293 erit
705 1239 736 1292 in
750 1240 809 1293 os'tu
826 1247 950 1295 aeterna.
986 1237 1026 1293 At
1044 1238 1098 1294 hoc
1123 1258 1179 1294 non
1196 1248 1238 1294 est
1255 1257 1364 1295 nuens:
1383 1241 1504 1309 sinordis
1522 1242 1652 1311 ορονίὺω
1670 1242 1823 1295 &misceri
1846 1241 1957 1296 renale

259 1327 346 1382 telum
364 1342 416 1381 uos
436 1342 492 1380 nou
508 1323 586 1389 ferit,
610 1340 659 1395 per
675 1324 787 1396 culpam
803 1325 877 1380 euim
893 1323 1026 1396 iutelligit
1039 1324 1098 1379 Au·
1120 1334 1266 1395 peccatum
1284 1336 1310 1381 st
1335 1330 1403 1396 quio
1424 1335 1572 1396 peecatum
1588 1328 1697 1382 oeniak
1717 1346 1773 1381 non
1793 1335 1832 1382 ert
1851 1335 1959 1394 contra,

259 1412 389 1485 gustiuus
415 1417 563 1482 peccatum
586 1416 651 1465 actu
676 1411 792 1466 mortale
815 1410 874 1466 sive
897 1417 1013 1467 mortem
1031 1410 1099 1466 affe·
1124 1413 1177 1466 sed
1198 1420 1305 1467 tarstam
1325 1422 1441 1483 praeter
1468 1415 1564 1483 iopam
1605 1413 1829 1484 Respondemus:
1853 1421 1956 1469 utrum·

259 1517 331 1555 reus.
359 1497 502 1566 ,Quamvis
520 1496 593 1553 enim
612 1498 641 1550 in
660 1496 789 1566 oporibus
808 1501 966 1552 renatorum
985 1496 1099 1551 nonsit
1124 1515 1179 1567 que
1201 1496 1311 1554 falsum.
1346 1499 1479 1565 Quamvis
1502 1500 1575 1555 enim
1600 1517 1619 1556 a
1646 1499 1767 1570 peccatis
1792 1498 1959 1554 infirmitatis

259 1593 340 1640 tants
369 1584 478 1655 puritas
513 1591 541 1639 et
569 1583 716 1654 perfectio,
746 1588 853 1653 quauta
879 1599 940 1638 esse
968 1582 1098 1650 debebat,
1124 1585 1244 1639 externis
1261 1585 1350 1641 renati
1372 1587 1538 1657 quandoque
1555 1585 1637 1643 liberi
1653 1586 1721 1654 sint,
1749 1593 1844 1640 tumen
1860 1601 1956 1656 perpe·

259 1678 355 1728 tamen
379 1671 480 1741 culpae
502 1669 531 1725 id
553 1686 609 1724 uon
633 1669 796 1739 deputatur,
821 1668 874 1723 hoc
896 1674 938 1724 est
961 1686 1016 1723 uon
1034 1673 1099 1723 sunt
1124 1676 1172 1725 tuo
1192 1670 1261 1741 ipsis
1279 1671 1413 1728 adhaeret
1435 1679 1581 1743 peccatum
1598 1672 1727 1741 interius,
1746 1671 1876 1728 videlicet
1893 1687 1956 1741 pra·

258 1765 410 1829 propterea
430 1756 487 1812 irae
504 1756 558 1811 Dei
575 1764 604 1811 et
621 1752 792 1809 damnationi
810 1759 876 1808 actu
892 1753 1012 1823 obnoxii,
1033 1754 1100 1825 quie
1126 1773 1175 1810 vae
1201 1757 1443 1828 concupiscentiae
1469 1759 1581 1815 malum
1621 1758 1676 1813 Sed
1700 1765 1728 1813 st
1750 1757 1871 1812 venulis
1892 1773 1954 1827 peo-

259 1844 315 1899 fide
344 1844 374 1898 in
392 1843 533 1899 Christum
560 1847 588 1897 et
609 1841 664 1912 ipsi
690 1848 718 1896 et
739 1857 823 1911 opera
849 1857 943 1894 eorum
959 1840 1021 1895 Deo
1041 1840 1099 1909 pla·
1123 1848 1188 1895 cata
1213 1859 1268 1897 non
1294 1843 1383 1897 solum
1402 1850 1526 1914 praeter,
1552 1844 1601 1901 sad
1622 1849 1650 1899 et
1668 1850 1765 1899 contra
1782 1843 1875 1915 legem
1895 1858 1956 1898 esse

261 1937 335 1985 cent
372 1930 452 1985 Idem
470 1928 645 2000 Augustinus
664 1928 765 1983 diserte
786 1926 882 1981 scribit
900 1926 982 1997 epist.
1001 1931 1043 1982 29.
1063 1925 1099 1979 ad
1125 1926 1295 1982 ostendimus
1313 1928 1342 1982 in
1360 1934 1481 1984 traomu
1500 1929 1534 1985 de
1552 1929 1675 2001 peccatis
1694 1929 1851 1985 actualibus
1870 1925 1899 2003 ξ
1916 1933 1958 1984 4&

262 2017 391 2071 Hieron:
420 2017 504 2077 Qrsod
521 2017 550 2069 in
569 2016 688 2068 comate
708 2017 751 2080 (ac
764 2013 899 2083 justititia
915 2012 1029 2080 actuali)
1049 2012 1099 2064 mi·
1126 2012 1187 2078 Quo
1211 2029 1294 2067 seusu
1318 2030 1351 2068 ac
1376 2020 1502 2086 respectu
1525 2016 1565 2087 pii
1582 2016 1709 2072 dicantur
1726 2014 1842 2087 perfecti
1862 2019 1891 2068 et
1908 2013 1958 2068 im·

262 2123 314 2156 aas
336 2112 392 2170 est,
419 2120 504 2171 qaam
528 2119 586 2156 esse
610 2101 725 2155 debebm
748 2118 780 2153 es
798 2100 879 2163 vitio,
906 2115 938 2153 es
958 2116 1012 2169 quo
1031 2098 1099 2151 sitio
1126 2098 1267 2164 maculati,
1283 2100 1458 2170 exposuimus
1477 2103 1506 2156 in
1526 2103 1783 2173 ansedelega
1803 2098 1830 2176 ξ.
1851 2106 1906 2158 192.

263 2210 318 2245 non
344 2190 396 2256 sit,
424 2190 473 2257 qui
486 2189 585 2256 saciat
603 2189 703 2241 bonam
721 2196 747 2242 et
764 2204 820 2241 non
837 2193 940 2258 peccet.
976 2192 1001 2240 4.
1020 2184 1100 2249 Quod
1161 2189 1203 2241 84.
1244 2185 1342 2241 Altera
1367 2186 1438 2241 ratio
1464 2187 1575 2243 ducitur
1599 2188 1636 2242 ab
1659 2188 1801 2256 absurdis,
1828 2204 1900 2258 quas
1925 2203 1959 2242 ex
1972 2193 2076 2233 amusos

264 2275 431 2331 addictum
448 2273 600 2345 Augustini
624 2272 687 2329 libr.
710 2273 745 2328 de
768 2273 840 2328 bono
864 2272 1006 2343 conjugali
1031 2288 1055 2325 c.
1075 2276 1099 2329 6.
1125 2278 1220 2325 nostra
1253 2271 1389 2326 sententia
1424 2273 1556 2344 consequi
1584 2274 1769 2329 Bsilarminus
1804 2272 1958 2329 existimat:
1971 2245 2078 2337 ἓῖζῖῃῖι

263 2364 378 2426 munet,
409 2360 588 2431 eonjupalem
618 2360 792 2413 cambitum
815 2359 974 2428 generandi
996 2374 1101 2426 ponera
1128 2357 1273 2412 stomata
1289 2366 1451 2413 renatorum
1468 2377 1557 2428 opera
1575 2368 1665 2414 esmnt
1681 2367 1814 2430 peccota,
1831 2376 1958 2429 seques·
1971 2347 2080 2448 affl*

265 2468 320 2503 non
337 2449 443 2503 laone
460 2448 587 2516 colpam,
611 2453 640 2502 et
656 2463 679 2500 c.
699 2453 726 2501 ἵε
745 2448 879 2500 Reddere
897 2446 1019 2499 debitum
1036 2460 1100 2496 oon·
1125 2450 1180 2508 tur,
1193 2445 1285 2513 :psam
1303 2462 1410 2513 qrsoque
1429 2463 1500 2513 opus
1512 2446 1593 2514 fidei,
1612 2463 1665 2515 quo
1678 2447 1881 2515 justificamur,
1901 2451 2084 2499 sumbernun
2110 2519 2112 2524 Ι

259 2537 328 2606 jugi
337 2535 447 2589 nullius
459 2542 499 2588 est
512 2532 654 2601 eriminia;
669 2531 875 2603 respondemus,
894 2530 1100 2603 distiguendum
1126 2537 1152 2583 et
1171 2531 1333 2595 orationem,
1353 2550 1409 2601 qua
1423 2532 1548 2602 petimus
1562 2542 1682 2603 peceato
1702 2534 1782 2588 nobis
1791 2533 1959 2602 condonari,
1971 2511 2065 2603 ,iffi-¹⁰

264 2640 326 2679 esse
342 2627 448 2677 statum
467 2627 583 2675 naturae
603 2619 729 2690 integrae
749 2626 777 2673 et
795 2620 949 2689 corruptae.
974 2617 1009 2672 lu
1026 2624 1101 2672 statu
1127 2632 1185 2670 csse
1209 2625 1344 2686 peccata,
1374 2626 1400 2671 et
1428 2620 1469 2671 sie
1496 2635 1552 2687 per
1577 2628 1694 2687 peccata
1721 2636 1772 2673 nos
1793 2605 2056 2687 jmtifioari⁰²¹⁰⁰‘·

265 2708 434 2781 integritatis
458 2704 621 2762 concubitus
645 2703 801 2776 conjugalis
824 2705 898 2758 omui
918 2720 1018 2775 pravae
1036 2720 1101 2757 con·
1127 2701 1351 2773 Respondemus:
1378 2704 1458 2759 Bona
1481 2722 1566 2776 opera
1588 2724 1643 2761 nou
1662 2706 1780 2760 dicimus
1796 2721 1858 2760 esse
1872 2706 1903 2759 is
1921 2723 1960 2771 ss,

265 2794 455 2867 cupisceutiae
477 2792 544 2846 vitio
567 2790 714 2855 caruisset,
738 2791 787 2845 sed
806 2790 835 2845 iu
854 2796 930 2845 stetu
948 2789 1101 2860 corruptio·
1121 2805 1178 2857 per·
1202 2807 1247 2858 se,
1271 2807 1305 2845 ac
1322 2792 1487 2855 formaliter
1505 2799 1634 2862 peccata,
1659 2793 1708 2849 sed
1725 2792 1848 2864 peccatis
1867 2799 1961 2848 conta·

265 2881 308 2935 uis
334 2878 499 2935 concubitus
527 2875 683 2947 conjugalis
708 2893 759 2945 per
781 2876 911 2931 accidens
930 2874 1101 2931 deformatur
1127 2874 1233 2930 minata
1257 2882 1370 2948 propter
1395 2877 1534 2933 defectum
1558 2878 1689 2949 operibus
1714 2878 1910 2934 adhaerentem
1934 2885 1962 2936 et
2067 2927 2069 2930 .

265 2967 303 3023 ab
338 2965 501 3021 inhaerente
536 2980 623 3034 prava
657 2962 885 3032 concupiscentia
921 2969 948 3018 et
970 2962 1099 3018 libidine.
1126 2968 1239 3032 propter
1256 2963 1508 3033 concupiscentiam
1526 2981 1640 3035 pravam
1659 2965 1689 3018 in
1706 2981 1789 3020 carue
1803 2970 1961 3021 renatorum

267 3062 290 3109 'a
310 3053 355 3108 De
378 3051 461 3107 dictis
487 3049 616 3121 Gregorii
643 3055 670 3103 et
687 3048 842 3103 Bernhardi
863 3049 985 3120 iudicari
1010 3056 1102 3120 potest
1127 3046 1219 3101 adhuc
1245 3047 1388 3117 reliquam.
1432 3048 1554 3104 Proinde
1579 3049 1648 3105 fides
1674 3057 1703 3106 et
1729 3050 1817 3106 oratio
1844 3066 1877 3105 ex
1906 3050 1964 3107 fide

269 3158 301 3195 ex
324 3138 394 3206 illis,
420 3154 493 3209 quae
517 3154 566 3208 pro
589 3143 699 3192 nostrae
721 3136 875 3192 sententiae
894 3134 1101 3191 confirmatione
1127 3150 1182 3188 uon
1207 3133 1323 3188 suntin
1347 3150 1377 3188 so
1402 3151 1436 3189 ac
1460 3150 1509 3204 per
1527 3152 1557 3190 se
1574 3143 1704 3205 peccata,
1727 3153 1792 3203 uec,
1817 3137 1884 3191 duur
1903 3137 1959 3192 fide

268 3226 394 3297 superius
412 3241 446 3281 er
466 3222 520 3278 illis
538 3222 604 3295 ipsis
623 3222 802 3294 scriptoribus
813 3223 1000 3293 produximus.
1032 3222 1101 3279 Gre-
1124 3219 1315 3292 justificamur,
1332 3236 1382 3292 per
1401 3227 1547 3291 psccmum
1560 3220 1754 3291 justificamur,
1772 3229 1821 3277 snt
1841 3223 1907 3277 dum
1927 3240 1962 3279 er

269 3313 361 3384 gorius
387 3312 417 3366 in
444 3310 562 3382 epistola
587 3310 624 3364 ad
647 3309 838 3380 Augustinum
856 3309 939 3373 dicit,
967 3311 1101 3364 bonmom
1127 3305 1183 3362 fide
1200 3305 1389 3362 remissionem
1405 3314 1582 3378 peccatorum
1600 3308 1729 3377 petimus,
1749 3326 1798 3379 per
1815 3316 1961 3379 peccatum

270 3417 326 3453 esse
352 3399 483 3453 mentam
507 3397 620 3466 eulpam
643 3397 684 3450 ibi
700 3412 864 3464 agnoscere,
887 3396 936 3448 ubi
953 3395 1034 3448 nulla
1053 3403 1102 3464 est,
1128 3392 1317 3449 remissionem
1343 3393 1451 3465 peccati
1470 3393 1603 3464 petimus,
1625 3400 1656 3449 ut
1673 3394 1841 3450 Bellarmiuo
1861 3394 1962 3467 nugari

272 3486 299 3539 id
325 3484 552 3556 intelligendum,
578 3483 652 3553 quod
675 3499 768 3546 coram
792 3480 879 3537 oculis
903 3482 1004 3537 uostris
1029 3482 1103 3538 bona
1128 3480 1242 3551 placuit.
1279 3479 1393 3536 iuterim
1415 3481 1512 3552 negari
1530 3480 1640 3552 nequit,
1660 3489 1693 3536 'et
1711 3481 1794 3537 fidem
1814 3490 1842 3538 et
1861 3481 1962 3538 oratio·

273 3588 355 3643 opera
385 3571 534 3626 videantur
562 3586 656 3624 carere
682 3569 763 3632 vitio,
792 3568 901 3622 interim
928 3573 1020 3623 umen
1047 3568 1103 3624 alia
1129 3584 1191 3622 nem
1220 3566 1330 3623 deiectu
1359 3567 1480 3638 quodam
1504 3566 1645 3631 laborare,
1672 3583 1763 3638 neque
1789 3568 1862 3623 enirn
1889 3567 1960 3624 fides

274 3659 340 3713 ratio
359 3664 401 3712 est
424 3658 459 3712 de
473 3655 580 3726 judicio
598 3654 665 3718 Dei,
692 3654 786 3725 quiin
804 3653 929 3724 quolibet
945 3661 1103 3709 renatorum
1129 3661 1188 3708 tam
1209 3654 1324 3709 robusta
1342 3660 1397 3721 est,
1421 3660 1452 3708 ut
1470 3670 1525 3708 nou
1543 3653 1645 3709 debeat
1663 3671 1722 3710 esse
1740 3653 1892 3720 robustior,
1916 3661 1965 3710 aut

275 3761 352 3815 opere
385 3742 508 3810 invenit,
537 3741 612 3811 quod
642 3742 742 3812 culpet.
785 3740 964 3795 Bernhardus
991 3740 1039 3796 lib.
1069 3741 1103 3795 de
1131 3740 1218 3796 oratio
1246 3748 1303 3795 tam
1329 3742 1442 3805 ardeus,
1469 3748 1501 3796 ut
1526 3758 1581 3795 nou
1607 3741 1709 3797 debeat
1731 3758 1793 3797 esse
1817 3740 1966 3810 ardentior,

275 3835 409 3898 praecept
435 3833 464 3883 et
491 3827 593 3898 disput.
621 3827 726 3897 gradm
754 3826 927 3881 obedientiae
954 3826 1103 3894 constituit,
1130 3827 1180 3881 sed
1217 3826 1291 3881 hunc
1325 3827 1465 3883 defectum
1495 3826 1693 3900 benignissime
1722 3827 1861 3883 condonet
1887 3827 1965 3883 Deus

279 3916 323 3971 sed
346 3931 485 3969 summum
507 3911 685 3983 perfectionis
708 3912 827 3983 gradum
845 3912 874 3966 iu
888 3911 941 3966 hac
957 3911 1016 3966 vita
1035 3912 1104 3968 obti·
1130 3921 1243 3984 propter
1261 3913 1416 3981 Christum,
1440 3920 1552 3985 propter
1575 3931 1659 3984 quem
1684 3919 1713 3968 et
1735 3913 1804 3971 fides
1828 3919 1857 3968 et
1877 3915 1965 3971 oratio

278 4002 430 4072 pomposae
449 3998 576 4069 nuspiam
597 3998 702 4069 asserit.
1131 4005 1225 4055 nostra
1241 3998 1303 4054 Deo
1327 4000 1452 4070 placent,
1474 3999 1530 4056 fide
1552 4000 1666 4071 insuper
1682 4000 1885 4071 justificamur,
1909 4017 1965 4056 non

254 4110 268 4131 ³·
307 4092 346 4143 80.
369 4086 435 4157 Cap.
450 4092 488 4140 lt.
505 4084 584 4138 Duas
596 4084 716 4139 rationes
728 4101 778 4153 pro
792 4083 962 4154 perfectione
970 4083 1104 4156 bonorum
1131 4091 1268 4156 quotenus
1288 4092 1330 4140 est
1349 4086 1394 4141 vel
1413 4086 1543 4156 qualitas,
1561 4087 1605 4142 vel
1624 4105 1694 4158 opus
1712 4086 1853 4157 quoddam
1870 4094 1966 4142 mutae

279 4189 382 4243 operum
394 4169 580 4227 Bellsrminus
591 4170 705 4236 format,
719 4168 820 4239 quibus
834 4169 900 4239 quid
911 4168 1018 4224 roboris
1030 4170 1103 4233 insit,
1133 4171 1277 4243 diguitatis
1295 4179 1324 4226 et
1340 4171 1443 4240 meriti,
1462 4180 1494 4227 ut
1509 4171 1736 4243 justificationem
1757 4172 1896 4243 impetret,
1915 4173 1965 4228 sed

279 4258 388 4315 breviter
405 4257 574 4313 videbimus:
595 4260 617 4308 1.
634 4255 668 4309 ss·
680 4273 768 4326 opera
781 4256 852 4309 lona
860 4257 1004 4325 justornm
1016 4264 1105 4310 essent
1132 4262 1269 4328 quatenus
1294 4257 1411 4313 relative
1430 4258 1605 4313 considerata
1621 4257 1805 4328 apprehendit
1822 4258 1964 4315 Christum

280 4348 362 4398 onnia
380 4346 481 4398 sitiam
497 4349 523 4397 et
534 4350 678 4411 corrupta,
695 4343 736 4395 ita
749 4350 779 4394 ut
787 4351 909 4410 peccota
920 4343 1055 4397 mortalia
1071 4360 1104 4396 es
1131 4343 1207 4398 etin
1225 4342 1333 4399 Christo
1350 4342 1404 4397 Dei
1422 4344 1556 4415 gratiam,
1571 4343 1712 4414 justitiam
1730 4351 1759 4400 et
1775 4345 1861 4400 vitum
1878 4352 1965 4401 aeter·

280 4451 321 4484 sao
339 4421 514 4485 notura'dioi
524 4429 661 4496 deberent,
682 4427 715 4482 ie
732 4428 792 4480 sino
805 4428 946 4482 dubiooel
959 4430 1104 4483 eeinnuto
1130 4445 1202 4483 uam.
1245 4432 1272 4484 2.
1298 4430 1332 4484 ss·
1356 4430 1450 4484 omnia
1477 4449 1565 4500 opero
1587 4431 1733 4500 justorum
1754 4440 1819 4485 sunt
1837 4440 1967 4501 peccata,

281 4518 490 4588 commessatio
507 4516 552 4570 oel
569 4532 604 4568 os
623 4515 907 4578 desectuelileotionis
919 4515 992 4582 Dei,
1011 4516 1056 4571 ool
1069 4533 1101 4569 es
1131 4534 1186 4584 quo
1217 4518 1314 4581 fronte
1344 4518 1438 4570 dicere
1461 4518 1558 4586 potuit
1589 4518 1752 4586 apostolus:
1784 4519 1867 4573 Nina
1897 4520 1967 4574 milii

283 4605 439 4657 αιὶηιίοιὶοηο
463 4609 645 4672 peccatorum
672 4601 825 4654 venialium
851 4608 1020 4654 nasceretur.
1065 4602 1104 4654 A:
1130 4603 1257 4655 comatus
1274 4604 1355 4655 sum!
1389 4602 1544 4656 Nullumne
1562 4602 1663 4657 honum
1681 4622 1751 4673 opus
1766 4606 1897 4674 sereret,
1914 4612 1965 4660 atet

284 4691 340 4743 nilil
372 4691 471 4743 larum
501 4686 692 4741 contaminare
717 4678 814 4756 'potest
846 4704 935 4756 opera
959 4687 1103 4755 justorum
1130 4686 1184 4741 illa
1209 4688 1273 4757 ipsa
1294 4687 1366 4741 bono
1384 4706 1472 4757 opero
1491 4705 1549 4742 esse
1564 4697 1686 4758 peccatu
1702 4690 1836 4743 mortalia
1852 4691 1964 4760 ipsora-

284 4777 351 4832 ooaa.
384 4774 608 4845 Respondemus:
636 4773 695 4828 lmo
717 4788 783 4828 vero
801 4773 871 4827 baec
890 4772 983 4827 omnia
1001 4779 1029 4828 et
1047 4773 1101 4826 siu·
1130 4775 1197 4828 bat!
1217 4776 1364 4829 Eteonos
1384 4775 1596 4843 maiorsurirset
1613 4775 1738 4829 narlado
1752 4792 1808 4844 pro
1827 4777 1967 4844 ejmmods'

284 4860 339 4930 gub
361 4861 551 4916 contaminant
575 4860 649 4914 bona
665 4866 822 4914 renatorum
842 4875 939 4927 opera,
964 4858 1101 4929 quomodo
1130 4860 1269 4929 operibus,
1288 4862 1378 4914 idest
1399 4860 1522 4930 peccatis
1541 4861 1713 4929 mortalibus,
1737 4870 1896 4931 suspectare
1919 4880 1962 4916 co-

284 4962 336 5017 ergo
359 4946 545 5003 Bellarminus
567 4944 668 5017 probat
691 4962 770 4998 suum
795 4944 969 4999 assumtum?
998 4944 1102 4998 Concu·
1129 4966 1229 5000 ronam
1248 4948 1386 5017 justitiae.
1422 4947 1644 5017 Respondemus:
1675 4946 1815 5017 apostolus
1845 4965 1875 5003 se
1903 4948 1964 5003 nul·

282 5034 419 5102 picenae,
445 5034 549 5104 inquit,
562 5041 709 5101 peccatum
727 5050 782 5084 non
801 5039 855 5098 est,
874 5032 927 5083 secl
944 5032 1104 5096 infirmitas,
1129 5034 1183 5087 lius
1210 5040 1306 5088 contra
1330 5032 1528 5088 conscientiam
1553 5031 1666 5087 admissi
1684 5032 1806 5087 criminis
1822 5033 1962 5091 conscium

286 5120 330 5172 siri
350 5122 376 5175 ei
398 5120 604 5187 rementiatur,
629 5128 711 5188 atqrse
733 5118 845 5172 etiamsi
857 5126 1005 5187 peecatum
1024 5125 1102 5181 esset,
1130 5136 1191 5175 esse
1207 5119 1360 5175 rectissime
1375 5119 1545 5190 pronuntiat,
1561 5118 1635 5174 idem
1653 5125 1747 5174 nmen
1764 5120 1795 5173 s'n
1812 5138 1963 5176 carnonis

255 5207 361 5260 ittanen
387 5226 443 5261 non
472 5222 582 5275 semper
610 5212 740 5259 movetur.
780 5203 1003 5274 Respondemus:
1031 5202 1102 5258 Con·
1125 5214 1274 5275 peccatum
1292 5207 1386 5260 adhuc
1405 5206 1522 5259 lamere
1540 5203 1717 5274 conqueritur
1735 5204 1816 5261 Rom.
1836 5213 1860 5275 7,
1878 5226 1903 5260 v.
1924 5211 1963 5262 14.

287 5293 384 5348 uanum
405 5292 541 5348 evicimus
560 5290 589 5345 iu
608 5297 730 5345 tractatu
749 5290 784 5345 de
803 5291 925 5361 peccatis
944 5289 1101 5344 actualibus
1129 5299 1158 5347 et
1178 5310 1254 5364 seqq.
1289 5291 1365 5363 Ergo
1387 5291 1421 5346 de
1438 5290 1550 5362 justitia
1564 5289 1656 5345 bonae
1674 5291 1860 5347 conscientiae
1878 5292 1961 5347 veris·

288 5372 309 5449 ξ.
322 5385 359 5435 36.
394 5379 443 5435 ubi
469 5378 653 5445 ostendimus,
675 5376 928 5446 concupiscentiam
950 5393 1010 5431 esse
1037 5356 1198 5446 pec-isime
1230 5378 1341 5450 gloriari
1373 5384 1498 5449 poterat,
1534 5376 1651 5432 eandem
1680 5394 1744 5433 vero
1776 5376 1829 5431 Dei
1855 5375 1963 5447 judicio

288 5465 553 5534 ortumeaudemque
580 5478 632 5533 per
648 5462 759 5518 modurn
780 5462 891 5517 habitus
912 5460 1003 5517 vitiosi
1022 5461 1102 5515 uobis
1130 5463 1347 5536 haudquaquam
1370 5462 1544 5535 opponebat,
1569 5463 1632 5520 ideo
1658 5480 1721 5518 cum
1740 5462 1866 5529 dixisset,
1892 5462 1964 5519 nibil

287 5546 424 5620 inhaerere,
452 5567 505 5605 nec
532 5549 671 5619 torpidam
697 5547 873 5618 qualitatem,
898 5548 946 5601 sed
966 5562 1101 5618 perquam
1128 5549 1196 5603 mihi
1214 5551 1339 5605 conscius
1357 5568 1426 5616 sum,
1443 5549 1602 5605 immediate
1621 5550 1774 5621 subjungit,
1791 5550 1843 5602 scd
1860 5550 1891 5603 in
1911 5550 1963 5605 hoe

288 5645 411 5694 mosum
434 5635 538 5691 mulum
564 5651 631 5689 esse.
667 5635 792 5702 Deferto
812 5634 940 5687 caritatis
962 5652 1018 5687 non
1038 5653 1100 5688 con-
1126 5654 1184 5689 non
1201 5655 1262 5689 nem
1272 5638 1462 5705 justificatos,
1486 5636 1536 5706 qui
1552 5645 1641 5691 autem
1659 5654 1700 5689 me
1712 5634 1842 5703 judicat,
1865 5636 1962 5690 Domi·

289 5725 402 5779 balsari
419 5725 494 5779 bono
514 5738 610 5793 opera,
629 5720 693 5775 inde
712 5718 1013 5791 probatBellarminus,
1033 5719 1100 5790 qnia
1128 5740 1180 5774 nas
1198 5731 1253 5791 est,
1282 5722 1381 5792 quibus
1406 5723 1497 5778 verbis
1519 5720 1659 5793 agnoscit,
1684 5736 1739 5773 nou
1757 5736 1886 5791 operum,
1913 5722 1963 5776 sed

289 5808 393 5872 Moesus
415 5810 468 5865 ille
489 5827 545 5863 non
567 5808 603 5862 eit
621 5807 707 5878 eoslpa
725 5807 770 5861 sel
784 5814 937 5876 peecatum.
973 5805 1098 5878 Respou·
1127 5806 1192 5863 fidei
1216 5807 1356 5878 justitiam
1383 5825 1476 5863 coram
1498 5807 1558 5865 Deo
1581 5804 1729 5863 subsistere
1753 5823 1843 5878 posse.
1880 5808 1962 5864 Coro·
