<?xml version="1.0" encoding="UTF-8"?>
<!DOCTYPE html PUBLIC "-//W3C//DTD XHTML 1.0 Transitional//EN"
    "http://www.w3.org/TR/xhtml1/DTD/xhtml1-transitional.dtd">
<html xmlns="http://www.w3.org/1999/xhtml" xml:lang="en" lang="en">
 <head>
  <title>
</title>
<meta http-equiv="Content-Type" content="text/html;charset=utf-8" />
  <meta name='ocr-system' content='tesseract 3.04.00' />
  <meta name='ocr-capabilities' content='ocr_page ocr_carea ocr_par ocr_line ocrx_word'/>
</head>
<body>
  <div class='ocr_page' id='page_1' title='image "./locitheologicit02gerhgoog/locitheologicit02gerhgoog_0292.png"; bbox 0 0 4800 6659; ppageno 0'>
   <div class='ocr_carea' id='block_1_1' title="bbox 950 642 2004 713">
    <p class='ocr_par' dir='ltr' id='par_1_1' title="bbox 950 642 2004 713">
     <span class='ocr_line' id='line_1_1' title="bbox 950 642 2004 713; baseline 0.01 -11"><span class='ocrx_word' id='word_1_1' title='bbox 950 644 1003 702; x_wconf 79' lang='lat' dir='ltr'><strong>DE</strong></span> <span class='ocrx_word' id='word_1_2' title='bbox 1021 644 1142 703; x_wconf 74' lang='lat' dir='ltr'><strong>SACRO</strong></span> <span class='ocrx_word' id='word_1_3' title='bbox 1159 642 1364 704; x_wconf 72' lang='lat' dir='ltr'><strong>numento.</strong></span> <span class='ocrx_word' id='word_1_4' title='bbox 1942 655 2004 713; x_wconf 75' lang='lat'><strong>283</strong></span> 
     </span>
    </p>
   </div>
   <div class='ocr_carea' id='block_1_2' title="bbox 265 797 2146 5969">
    <p class='ocr_par' dir='ltr' id='par_1_2' title="bbox 265 797 2146 5969">
     <span class='ocr_line' id='line_1_2' title="bbox 314 797 2120 892; baseline 0.002 -40"><span class='ocrx_word' id='word_1_5' title='bbox 314 815 335 853; x_wconf 91' lang='lat' dir='ltr'><strong>c.</strong></span> <span class='ocrx_word' id='word_1_6' title='bbox 352 803 389 853; x_wconf 84' lang='lat'><strong>16.</strong></span> <span class='ocrx_word' id='word_1_7' title='bbox 409 816 436 868; x_wconf 91' lang='lat' dir='ltr'><strong>p.</strong></span> <span class='ocrx_word' id='word_1_8' title='bbox 457 803 516 853; x_wconf 80' lang='lat'><strong>307.</strong></span> <span class='ocrx_word' id='word_1_9' title='bbox 535 797 583 852; x_wconf 92' lang='lat' dir='ltr'><strong>ubi</strong></span> <span class='ocrx_word' id='word_1_10' title='bbox 597 798 692 853; x_wconf 81' lang='lat' dir='ltr'><strong>addit:</strong></span> <span class='ocrx_word' id='word_1_11' title='bbox 714 800 768 864; x_wconf 82' lang='lat' dir='ltr'><strong>Qui</strong></span> <span class='ocrx_word' id='word_1_12' title='bbox 779 807 879 855; x_wconf 83' lang='lat' dir='ltr'><strong>contra</strong></span> <span class='ocrx_word' id='word_1_13' title='bbox 892 803 1046 870; x_wconf 76' lang='lat' dir='ltr'><strong>maniy&#39;csta</strong></span> <span class='ocrx_word' id='word_1_14' title='bbox 1059 803 1145 855; x_wconf 82' lang='lat' dir='ltr'><strong>uerba</strong></span> <span class='ocrx_word' id='word_1_15' title='bbox 1174 803 1247 855; x_wconf 86' lang='lat' dir='ltr'><strong>cuim</strong></span> <span class='ocrx_word' id='word_1_16' title='bbox 1263 802 1300 855; x_wconf 84' lang='lat' dir='ltr'><strong>sit</strong></span> <span class='ocrx_word' id='word_1_17' title='bbox 1319 803 1465 858; x_wconf 77' lang='lat' dir='ltr'><strong><em>lavacrum</em></strong></span> <span class='ocrx_word' id='word_1_18' title='bbox 1482 803 1703 872; x_wconf 73' lang='lat' dir='ltr'><strong>regenerationis</strong></span> <span class='ocrx_word' id='word_1_19' title='bbox 1721 811 1747 857; x_wconf 85' lang='lat' dir='ltr'><strong>ct</strong></span> <span class='ocrx_word' id='word_1_20' title='bbox 1760 803 1922 872; x_wconf 81' lang='lat' dir='ltr'><strong>adoptionis</strong></span> <span class='ocrx_word' id='word_1_21' title='bbox 1932 803 2007 867; x_wconf 81' lang='lat' dir='ltr'><strong>filio-</strong></span> <span class='ocrx_word' id='word_1_22' title='bbox 2021 799 2040 892; x_wconf 53' lang='lat'><strong>¹5</strong></span> <span class='ocrx_word' id='word_1_23' title='bbox 2054 801 2120 842; x_wconf 71' lang='grc'><strong>0111·</strong></span> 
     </span>
     <span class='ocr_line' id='line_1_3' title="bbox 313 864 2146 957; baseline 0.006 -21"><span class='ocrx_word' id='word_1_24' title='bbox 313 887 493 949; x_wconf 84' lang='lat' dir='ltr'><strong>contcndant,</strong></span> <span class='ocrx_word' id='word_1_25' title='bbox 516 886 547 938; x_wconf 91' lang='lat' dir='ltr'><strong>in</strong></span> <span class='ocrx_word' id='word_1_26' title='bbox 573 886 710 954; x_wconf 81' lang='lat' dir='ltr'><strong>baptismo</strong></span> <span class='ocrx_word' id='word_1_27' title='bbox 731 887 876 941; x_wconf 80' lang='lat' dir='ltr'><strong>Jotannic</strong></span> <span class='ocrx_word' id='word_1_28' title='bbox 895 889 1071 941; x_wconf 82' lang='lat' dir='ltr'><strong>credentibus</strong></span> <span class='ocrx_word' id='word_1_29' title='bbox 1090 907 1146 943; x_wconf 87' lang='lat' dir='ltr'><strong>non</strong></span> <span class='ocrx_word' id='word_1_30' title='bbox 1171 905 1243 949; x_wconf 82' lang='lat' dir='ltr'><strong>ram,</strong></span> <span class='ocrx_word' id='word_1_31' title='bbox 1260 889 1288 941; x_wconf 86' lang='lat' dir='ltr'><strong>si</strong></span> <span class='ocrx_word' id='word_1_32' title='bbox 1306 889 1332 941; x_wconf 83' lang='lat' dir='ltr'><strong>is</strong></span> <span class='ocrx_word' id='word_1_33' title='bbox 1352 882 1464 943; x_wconf 71' lang='lat' dir='ltr'><strong>Christo</strong></span> <span class='ocrx_word' id='word_1_34' title='bbox 1484 891 1664 956; x_wconf 76' lang='lat' dir='ltr'><strong>tribueretur,</strong></span> <span class='ocrx_word' id='word_1_35' title='bbox 1689 890 1832 943; x_wconf 81' lang='lat' dir='ltr'><strong>uideretur</strong></span> <span class='ocrx_word' id='word_1_36' title='bbox 1848 890 2005 957; x_wconf 77' lang='lat' dir='ltr'><strong>indiquisce</strong></span> <span class='ocrx_word' id='word_1_37' title='bbox 2019 864 2146 952; x_wconf 43' lang='lat' dir='ltr'><strong>insidiiis</strong></span> 
     </span>
     <span class='ocr_line' id='line_1_4' title="bbox 266 963 2125 1049; baseline 0.004 -26"><span class='ocrx_word' id='word_1_38' title='bbox 266 975 300 1018; x_wconf 81' lang='lat' dir='ltr'><strong>tm.</strong></span> <span class='ocrx_word' id='word_1_39' title='bbox 313 972 409 1023; x_wconf 63' lang='lat' dir='ltr'><strong>duam</strong></span> <span class='ocrx_word' id='word_1_40' title='bbox 428 972 617 1026; x_wconf 70' lang='lat' dir='ltr'><strong>neminemnam</strong></span> <span class='ocrx_word' id='word_1_41' title='bbox 634 981 829 1043; x_wconf 76' lang='lat' dir='ltr'><strong>peccatoram,</strong></span> <span class='ocrx_word' id='word_1_42' title='bbox 847 974 896 1027; x_wconf 85' lang='lat' dir='ltr'><strong>illi</strong></span> <span class='ocrx_word' id='word_1_43' title='bbox 911 983 1045 1043; x_wconf 65' lang='lat' dir='ltr'><strong>conentur</strong></span> <span class='ocrx_word' id='word_1_44' title='bbox 1063 977 1146 1029; x_wconf 82' lang='lat' dir='ltr'><strong>acrba</strong></span> <span class='ocrx_word' id='word_1_45' title='bbox 1172 975 1384 1042; x_wconf 68' lang='lat' dir='ltr'><strong>regeneratione</strong></span> <span class='ocrx_word' id='word_1_46' title='bbox 1410 983 1438 1029; x_wconf 89' lang='lat' dir='ltr'><strong>ct</strong></span> <span class='ocrx_word' id='word_1_47' title='bbox 1463 976 1616 1045; x_wconf 75' lang='lat' dir='ltr'><strong><em>adoptione</em></strong></span> <span class='ocrx_word' id='word_1_48' title='bbox 1633 975 1757 1039; x_wconf 78' lang='lat' dir='ltr'><strong>tiliorum</strong></span> <span class='ocrx_word' id='word_1_49' title='bbox 1776 976 1847 1045; x_wconf 85' lang='lat' dir='ltr'><strong>Dei,</strong></span> <span class='ocrx_word' id='word_1_50' title='bbox 1874 993 1946 1044; x_wconf 75' lang='lat' dir='ltr'><strong>arcas</strong></span> <span class='ocrx_word' id='word_1_51' title='bbox 1966 963 2125 1049; x_wconf 52' lang='lat' dir='ltr'><strong>cstlss’ffl&#39;</strong></span> 
     </span>
     <span class='ocr_line' id='line_1_5' title="bbox 313 1057 2139 1131; baseline 0.004 -23"><span class='ocrx_word' id='word_1_52' title='bbox 313 1057 365 1109; x_wconf 86' lang='lat' dir='ltr'><strong>illo</strong></span> <span class='ocrx_word' id='word_1_53' title='bbox 383 1058 555 1111; x_wconf 83' lang='lat' dir='ltr'><strong>mirabiliter</strong></span> <span class='ocrx_word' id='word_1_54' title='bbox 573 1067 711 1130; x_wconf 76' lang='lat' dir='ltr'><strong>torquere,</strong></span> <span class='ocrx_word' id='word_1_55' title='bbox 730 1068 762 1113; x_wconf 88' lang='lat' dir='ltr'><strong>ut</strong></span> <span class='ocrx_word' id='word_1_56' title='bbox 778 1061 886 1114; x_wconf 74' lang='lat' dir='ltr'><strong>scilicet</strong></span> <span class='ocrx_word' id='word_1_57' title='bbox 901 1062 1033 1115; x_wconf 82' lang='lat' dir='ltr'><strong>clausula</strong></span> <span class='ocrx_word' id='word_1_58' title='bbox 1050 1062 1146 1116; x_wconf 83' lang='lat' dir='ltr'><strong>illain</strong></span> <span class='ocrx_word' id='word_1_59' title='bbox 1173 1061 1295 1113; x_wconf 72' lang='lat' dir='ltr'><strong>munina</strong></span> <span class='ocrx_word' id='word_1_60' title='bbox 1320 1061 1352 1114; x_wconf 86' lang='lat' dir='ltr'><strong>in</strong></span> <span class='ocrx_word' id='word_1_61' title='bbox 1378 1060 1520 1115; x_wconf 80' lang='lat' dir='ltr'><strong>Christum</strong></span> <span class='ocrx_word' id='word_1_62' title='bbox 1548 1062 1735 1131; x_wconf 82' lang='lat' dir='ltr'><strong>blasphemia,</strong></span> <span class='ocrx_word' id='word_1_63' title='bbox 1766 1081 1828 1116; x_wconf 88' lang='lat' dir='ltr'><strong>cum</strong></span> <span class='ocrx_word' id='word_1_64' title='bbox 1852 1063 1889 1115; x_wconf 83' lang='lat' dir='ltr'><strong>cit</strong></span> <span class='ocrx_word' id='word_1_65' title='bbox 1912 1061 2007 1115; x_wconf 83' lang='lat' dir='ltr'><strong>Filius</strong></span> <span class='ocrx_word' id='word_1_66' title='bbox 2020 1060 2139 1102; x_wconf 63' lang='grc'><strong>1111111111·</strong></span> 
     </span>
     <span class='ocr_line' id='line_1_6' title="bbox 311 1145 2007 1218; baseline 0.004 -22"><span class='ocrx_word' id='word_1_67' title='bbox 311 1145 503 1198; x_wconf 81' lang='lat' dir='ltr'><strong>remissionem</strong></span> <span class='ocrx_word' id='word_1_68' title='bbox 523 1155 703 1214; x_wconf 86' lang='lat' dir='ltr'><strong>pcccatorum</strong></span> <span class='ocrx_word' id='word_1_69' title='bbox 727 1164 782 1201; x_wconf 88' lang='lat' dir='ltr'><strong>non</strong></span> <span class='ocrx_word' id='word_1_70' title='bbox 805 1149 949 1211; x_wconf 69' lang='lat' dir='ltr'><strong>assuatur</strong></span> <span class='ocrx_word' id='word_1_71' title='bbox 979 1149 1020 1200; x_wconf 86' lang='lat' dir='ltr'><strong>ad</strong></span> <span class='ocrx_word' id='word_1_72' title='bbox 1043 1149 1146 1216; x_wconf 83' lang='lat' dir='ltr'><strong>baptis·</strong></span> <span class='ocrx_word' id='word_1_73' title='bbox 1174 1146 1234 1198; x_wconf 86' lang='lat' dir='ltr'><strong>Dei</strong></span> <span class='ocrx_word' id='word_1_74' title='bbox 1255 1148 1399 1200; x_wconf 71' lang='lat' dir='ltr'><strong>natus-alsia</strong></span> <span class='ocrx_word' id='word_1_75' title='bbox 1422 1157 1450 1201; x_wconf 85' lang='lat' dir='ltr'><strong>ct</strong></span> <span class='ocrx_word' id='word_1_76' title='bbox 1473 1150 1509 1201; x_wconf 88' lang='lat' dir='ltr'><strong>ab</strong></span> <span class='ocrx_word' id='word_1_77' title='bbox 1528 1149 1592 1217; x_wconf 75' lang='lat' dir='ltr'><strong>epea</strong></span> <span class='ocrx_word' id='word_1_78' title='bbox 1610 1150 1787 1218; x_wconf 71' lang='lat' dir='ltr'><em>conceptione</em></span> <span class='ocrx_word' id='word_1_79' title='bbox 1805 1148 2007 1203; x_wconf 65' lang='lat' dir='ltr'><strong>sanctissimam.</strong></span> 
     </span>
     <span class='ocr_line' id='line_1_7' title="bbox 313 1231 2061 1304; baseline 0.005 -24"><span class='ocrx_word' id='word_1_80' title='bbox 313 1247 400 1297; x_wconf 85' lang='lat' dir='ltr'><strong>mum,</strong></span> <span class='ocrx_word' id='word_1_81' title='bbox 421 1232 474 1283; x_wconf 85' lang='lat' dir='ltr'><strong>scd</strong></span> <span class='ocrx_word' id='word_1_82' title='bbox 490 1233 531 1283; x_wconf 87' lang='lat' dir='ltr'><strong>ad</strong></span> <span class='ocrx_word' id='word_1_83' title='bbox 548 1232 711 1285; x_wconf 81' lang='lat' dir='ltr'><strong>vocabalum</strong></span> <span class='ocrx_word' id='word_1_84' title='bbox 730 1233 925 1299; x_wconf 85' lang='lat' dir='ltr'><strong>poenitentiae.</strong></span> <span class='ocrx_word' id='word_1_85' title='bbox 963 1234 1022 1288; x_wconf 80' lang='lat' dir='ltr'><strong>Sed</strong></span> <span class='ocrx_word' id='word_1_86' title='bbox 1037 1235 1065 1288; x_wconf 87' lang='lat' dir='ltr'><strong>si</strong></span> <span class='ocrx_word' id='word_1_87' title='bbox 1078 1252 1146 1303; x_wconf 84' lang='lat' dir='ltr'><strong>poc·</strong></span> <span class='ocrx_word' id='word_1_88' title='bbox 1173 1231 1396 1302; x_wconf 77' lang='lat' dir='ltr'>Respondemus:</span> <span class='ocrx_word' id='word_1_89' title='bbox 1426 1233 1611 1288; x_wconf 89' lang='lat' dir='ltr'><strong>Bellarmiuus</strong></span> <span class='ocrx_word' id='word_1_90' title='bbox 1633 1235 1744 1298; x_wconf 78' lang='lat' dir='ltr'><strong>statuit,</strong></span> <span class='ocrx_word' id='word_1_91' title='bbox 1774 1237 1939 1304; x_wconf 80' lang='lat' dir='ltr'><strong>baptismum</strong></span> <span class='ocrx_word' id='word_1_92' title='bbox 1956 1234 2008 1289; x_wconf 83' lang='lat' dir='ltr'><strong>Jo-</strong></span> <span class='ocrx_word' id='word_1_93' title='bbox 2059 1255 2061 1259; x_wconf 69' lang='grc'>’</span> 
     </span>
     <span class='ocr_line' id='line_1_8' title="bbox 311 1303 2007 1390; baseline 0.004 -23"><span class='ocrx_word' id='word_1_94' title='bbox 311 1317 439 1380; x_wconf 77' lang='lat' dir='ltr'><strong>nitentia,</strong></span> <span class='ocrx_word' id='word_1_95' title='bbox 458 1334 531 1385; x_wconf 69' lang='lat' dir='ltr'><strong>mnae</strong></span> <span class='ocrx_word' id='word_1_96' title='bbox 542 1319 606 1386; x_wconf 82' lang='lat' dir='ltr'><strong>fait</strong></span> <span class='ocrx_word' id='word_1_97' title='bbox 623 1318 757 1385; x_wconf 85' lang='lat' dir='ltr'><strong>baptismi</strong></span> <span class='ocrx_word' id='word_1_98' title='bbox 771 1318 921 1387; x_wconf 63' lang='lat' dir='ltr'><strong>mannis,</strong></span> <span class='ocrx_word' id='word_1_99' title='bbox 932 1321 996 1388; x_wconf 84' lang='lat' dir='ltr'><strong>snit</strong></span> <span class='ocrx_word' id='word_1_100' title='bbox 1013 1322 1043 1373; x_wconf 89' lang='lat' dir='ltr'><strong>in</strong></span> <span class='ocrx_word' id='word_1_101' title='bbox 1051 1322 1147 1375; x_wconf 85' lang='lat' dir='ltr'><strong>ramis-</strong></span> <span class='ocrx_word' id='word_1_102' title='bbox 1174 1317 1276 1371; x_wconf 76' lang='lat' dir='ltr'><strong>tannis</strong></span> <span class='ocrx_word' id='word_1_103' title='bbox 1290 1337 1463 1388; x_wconf 70' lang='lat' dir='ltr'><strong><em>provocasse</em></strong></span> <span class='ocrx_word' id='word_1_104' title='bbox 1481 1321 1522 1372; x_wconf 85' lang='lat' dir='ltr'><strong>ad</strong></span> <span class='ocrx_word' id='word_1_105' title='bbox 1536 1303 1752 1388; x_wconf 70' lang='lat' dir='ltr'><strong>poenitentiam,</strong></span> <span class='ocrx_word' id='word_1_106' title='bbox 1772 1321 1812 1374; x_wconf 90' lang='lat' dir='ltr'><strong>ita</strong></span> <span class='ocrx_word' id='word_1_107' title='bbox 1830 1321 1903 1374; x_wconf 90' lang='lat' dir='ltr'><strong>euim</strong></span> <span class='ocrx_word' id='word_1_108' title='bbox 1920 1319 2007 1390; x_wconf 89' lang='lat' dir='ltr'><strong>loqui·</strong></span> 
     </span>
     <span class='ocr_line' id='line_1_9' title="bbox 310 1402 2008 1481; baseline 0.004 -27"><span class='ocrx_word' id='word_1_109' title='bbox 310 1402 419 1455; x_wconf 81' lang='lat' dir='ltr'><strong>sionem</strong></span> <span class='ocrx_word' id='word_1_110' title='bbox 438 1410 632 1471; x_wconf 83' lang='lat' dir='ltr'><strong>pcccatorum,</strong></span> <span class='ocrx_word' id='word_1_111' title='bbox 658 1404 729 1472; x_wconf 82' lang='lat' dir='ltr'><strong>quid</strong></span> <span class='ocrx_word' id='word_1_112' title='bbox 745 1404 833 1472; x_wconf 81' lang='lat' dir='ltr'><strong>ipitur</strong></span> <span class='ocrx_word' id='word_1_113' title='bbox 847 1406 983 1472; x_wconf 77' lang='lat' dir='ltr'><strong>prohibet,</strong></span> <span class='ocrx_word' id='word_1_114' title='bbox 1001 1409 1147 1475; x_wconf 72' lang='lat' dir='ltr'><strong>muninus</strong></span> <span class='ocrx_word' id='word_1_115' title='bbox 1174 1411 1220 1458; x_wconf 91' lang='lat' dir='ltr'><strong>tur</strong></span> <span class='ocrx_word' id='word_1_116' title='bbox 1248 1405 1277 1459; x_wconf 94' lang='lat' dir='ltr'><strong>in</strong></span> <span class='ocrx_word' id='word_1_117' title='bbox 1304 1406 1357 1460; x_wconf 90' lang='lat' dir='ltr'><strong>hoc</strong></span> <span class='ocrx_word' id='word_1_118' title='bbox 1385 1407 1446 1476; x_wconf 90' lang='lat' dir='ltr'><strong>ipso</strong></span> <span class='ocrx_word' id='word_1_119' title='bbox 1472 1423 1534 1476; x_wconf 91' lang='lat' dir='ltr'><strong>cap.</strong></span> <span class='ocrx_word' id='word_1_120' title='bbox 1560 1412 1601 1462; x_wconf 84' lang='lat'><strong>23.</strong></span> <span class='ocrx_word' id='word_1_121' title='bbox 1625 1403 1652 1481; x_wconf 64' lang='grc' dir='ltr'><strong>ξ.</strong></span> <span class='ocrx_word' id='word_1_122' title='bbox 1679 1413 1704 1463; x_wconf 85' lang='grc'><strong>4.</strong></span> <span class='ocrx_word' id='word_1_123' title='bbox 1732 1424 1799 1461; x_wconf 92' lang='lat' dir='ltr'><strong>num</strong></span> <span class='ocrx_word' id='word_1_124' title='bbox 1823 1424 1889 1477; x_wconf 90' lang='lat' dir='ltr'><strong>ergo</strong></span> <span class='ocrx_word' id='word_1_125' title='bbox 1911 1406 2008 1461; x_wconf 89' lang='lat' dir='ltr'><strong>eodem</strong></span> 
     </span>
     <span class='ocr_line' id='line_1_10' title="bbox 310 1487 2009 1562; baseline 0.005 -24"><span class='ocrx_word' id='word_1_126' title='bbox 310 1487 457 1556; x_wconf 81' lang='lat' dir='ltr'><strong>dicamus,</strong></span> <span class='ocrx_word' id='word_1_127' title='bbox 476 1489 668 1557; x_wconf 83' lang='lat' dir='ltr'><strong>poenitentiae</strong></span> <span class='ocrx_word' id='word_1_128' title='bbox 686 1490 768 1543; x_wconf 89' lang='lat' dir='ltr'><strong>illum</strong></span> <span class='ocrx_word' id='word_1_129' title='bbox 787 1490 954 1558; x_wconf 80' lang='lat' dir='ltr'><strong>baptismum</strong></span> <span class='ocrx_word' id='word_1_130' title='bbox 973 1494 1071 1546; x_wconf 81' lang='lat' dir='ltr'><strong>datum</strong></span> <span class='ocrx_word' id='word_1_131' title='bbox 1089 1511 1147 1546; x_wconf 88' lang='lat' dir='ltr'><strong>cre·</strong></span> <span class='ocrx_word' id='word_1_132' title='bbox 1174 1492 1256 1545; x_wconf 88' lang='lat' dir='ltr'><strong>modo</strong></span> <span class='ocrx_word' id='word_1_133' title='bbox 1282 1492 1446 1555; x_wconf 81' lang='lat' dir='ltr'><strong>inferemus,</strong></span> <span class='ocrx_word' id='word_1_134' title='bbox 1478 1492 1646 1562; x_wconf 91' lang='lat' dir='ltr'><strong>baptismum</strong></span> <span class='ocrx_word' id='word_1_135' title='bbox 1665 1492 1802 1546; x_wconf 71' lang='lat' dir='ltr'><strong>iohannis</strong></span> <span class='ocrx_word' id='word_1_136' title='bbox 1820 1491 1929 1547; x_wconf 90' lang='lat' dir='ltr'><strong>Christo</strong></span> <span class='ocrx_word' id='word_1_137' title='bbox 1949 1493 2009 1547; x_wconf 88' lang='lat' dir='ltr'><strong>sine</strong></span> 
     </span>
     <span class='ocr_line' id='line_1_11' title="bbox 265 1574 2010 1650; baseline 0.005 -25"><span class='ocrx_word' id='word_1_138' title='bbox 265 1590 297 1617; x_wconf 87' lang='grc' dir='ltr'>ιιι·</span> <span class='ocrx_word' id='word_1_139' title='bbox 310 1574 443 1626; x_wconf 70' lang='lat' dir='ltr'><strong>dentium</strong></span> <span class='ocrx_word' id='word_1_140' title='bbox 466 1575 496 1628; x_wconf 85' lang='lat' dir='ltr'><strong>in</strong></span> <span class='ocrx_word' id='word_1_141' title='bbox 517 1576 708 1630; x_wconf 79' lang='lat' dir='ltr'><strong>remissionom</strong></span> <span class='ocrx_word' id='word_1_142' title='bbox 733 1579 934 1643; x_wconf 74' lang='lat' dir='ltr'><strong>pcccatorum!</strong></span> <span class='ocrx_word' id='word_1_143' title='bbox 969 1581 994 1634; x_wconf 78' lang='grc'><strong>4.</strong></span> <span class='ocrx_word' id='word_1_144' title='bbox 1019 1580 1147 1647; x_wconf 79' lang='lat' dir='ltr'><strong>annpe·</strong></span> <span class='ocrx_word' id='word_1_145' title='bbox 1175 1579 1235 1646; x_wconf 79' lang='lat' dir='ltr'><strong>ejus</strong></span> <span class='ocrx_word' id='word_1_146' title='bbox 1253 1577 1356 1649; x_wconf 87' lang='lat' dir='ltr'><strong>injuria</strong></span> <span class='ocrx_word' id='word_1_147' title='bbox 1372 1580 1418 1633; x_wconf 85' lang='lat' dir='ltr'><strong>vix</strong></span> <span class='ocrx_word' id='word_1_148' title='bbox 1436 1578 1520 1633; x_wconf 91' lang='lat' dir='ltr'><strong>tribui</strong></span> <span class='ocrx_word' id='word_1_149' title='bbox 1538 1595 1634 1649; x_wconf 90' lang='lat' dir='ltr'><strong>posse,</strong></span> <span class='ocrx_word' id='word_1_150' title='bbox 1667 1595 1731 1632; x_wconf 92' lang='lat' dir='ltr'><strong>cum</strong></span> <span class='ocrx_word' id='word_1_151' title='bbox 1757 1578 1830 1632; x_wconf 87' lang='lat' dir='ltr'><strong>euim</strong></span> <span class='ocrx_word' id='word_1_152' title='bbox 1854 1579 1890 1632; x_wconf 89' lang='lat' dir='ltr'><strong>sit</strong></span> <span class='ocrx_word' id='word_1_153' title='bbox 1912 1594 2010 1650; x_wconf 84' lang='lat' dir='ltr'><strong>provo·</strong></span> 
     </span>
     <span class='ocr_line' id='line_1_12' title="bbox 265 1642 2009 1735; baseline 0.005 -24"><span class='ocrx_word' id='word_1_154' title='bbox 265 1642 410 1722; x_wconf 56' lang='lat' dir='ltr'><strong>{ilatum</strong></span> <span class='ocrx_word' id='word_1_155' title='bbox 434 1660 514 1730; x_wconf 79' lang='lat' dir='ltr'><strong>loqui</strong></span> <span class='ocrx_word' id='word_1_156' title='bbox 535 1664 571 1715; x_wconf 85' lang='lat' dir='ltr'><strong>dc</strong></span> <span class='ocrx_word' id='word_1_157' title='bbox 591 1662 754 1715; x_wconf 84' lang='lat' dir='ltr'><strong>remissione</strong></span> <span class='ocrx_word' id='word_1_158' title='bbox 775 1671 955 1730; x_wconf 73' lang='lat' dir='ltr'><strong><em>peccatoram</em></strong></span> <span class='ocrx_word' id='word_1_159' title='bbox 972 1681 1027 1732; x_wconf 84' lang='lat' dir='ltr'><strong>per</strong></span> <span class='ocrx_word' id='word_1_160' title='bbox 1044 1666 1147 1734; x_wconf 75' lang='lat' dir='ltr'><strong>baptis-</strong></span> <span class='ocrx_word' id='word_1_161' title='bbox 1173 1662 1246 1718; x_wconf 90' lang='lat' dir='ltr'><strong>catio</strong></span> <span class='ocrx_word' id='word_1_162' title='bbox 1284 1664 1320 1718; x_wconf 89' lang='lat' dir='ltr'><strong>ad</strong></span> <span class='ocrx_word' id='word_1_163' title='bbox 1354 1665 1569 1735; x_wconf 90' lang='lat' dir='ltr'><strong>poeniteutiam,</strong></span> <span class='ocrx_word' id='word_1_164' title='bbox 1606 1665 1630 1718; x_wconf 91' lang='lat' dir='ltr'><strong>si</strong></span> <span class='ocrx_word' id='word_1_165' title='bbox 1665 1664 1689 1718; x_wconf 90' lang='lat' dir='ltr'><strong>is</strong></span> <span class='ocrx_word' id='word_1_166' title='bbox 1726 1663 1836 1718; x_wconf 89' lang='lat' dir='ltr'><strong>Christo</strong></span> <span class='ocrx_word' id='word_1_167' title='bbox 1876 1665 2009 1720; x_wconf 89' lang='lat' dir='ltr'><strong>tribuere·</strong></span> 
     </span>
     <span class='ocr_line' id='line_1_13' title="bbox 309 1746 2011 1822; baseline 0.004 -25"><span class='ocrx_word' id='word_1_168' title='bbox 309 1764 385 1798; x_wconf 82' lang='lat' dir='ltr'><strong>num</strong></span> <span class='ocrx_word' id='word_1_169' title='bbox 416 1746 523 1800; x_wconf 77' lang='lat' dir='ltr'><strong>Cirius&#39;</strong></span> <span class='ocrx_word' id='word_1_170' title='bbox 550 1750 659 1801; x_wconf 71' lang='lat' dir='ltr'><strong>domnam</strong></span> <span class='ocrx_word' id='word_1_171' title='bbox 686 1750 793 1812; x_wconf 71' lang='lat' dir='ltr'><strong>fictura.</strong></span> <span class='ocrx_word' id='word_1_172' title='bbox 834 1749 1060 1821; x_wconf 80' lang='lat' dir='ltr'><strong>Respondemus:</strong></span> <span class='ocrx_word' id='word_1_173' title='bbox 1093 1753 1147 1806; x_wconf 93' lang='lat' dir='ltr'><strong>imo</strong></span> <span class='ocrx_word' id='word_1_174' title='bbox 1174 1757 1237 1818; x_wconf 83' lang='lat' dir='ltr'><strong>tur,</strong></span> <span class='ocrx_word' id='word_1_175' title='bbox 1275 1750 1417 1806; x_wconf 82' lang='lat' dir='ltr'><strong>videretur</strong></span> <span class='ocrx_word' id='word_1_176' title='bbox 1451 1751 1606 1822; x_wconf 80' lang='lat' dir='ltr'>indiguisse</span> <span class='ocrx_word' id='word_1_177' title='bbox 1641 1750 1829 1820; x_wconf 88' lang='lat' dir='ltr'><strong>poenitentia,</strong></span> <span class='ocrx_word' id='word_1_178' title='bbox 1866 1767 1938 1820; x_wconf 89' lang='lat' dir='ltr'><strong>quae</strong></span> <span class='ocrx_word' id='word_1_179' title='bbox 1969 1757 2011 1805; x_wconf 88' lang='lat' dir='ltr'><strong>est</strong></span> 
     </span>
     <span class='ocr_line' id='line_1_14' title="bbox 265 1832 2011 1906; baseline 0.005 -23"><span class='ocrx_word' id='word_1_180' title='bbox 265 1847 289 1875; x_wconf 75' lang='grc'><strong>0·</strong></span> <span class='ocrx_word' id='word_1_181' title='bbox 310 1849 378 1886; x_wconf 84' lang='lat' dir='ltr'><strong>vero</strong></span> <span class='ocrx_word' id='word_1_182' title='bbox 398 1832 433 1886; x_wconf 91' lang='lat' dir='ltr'><strong>de</strong></span> <span class='ocrx_word' id='word_1_183' title='bbox 451 1833 494 1886; x_wconf 91' lang='lat' dir='ltr'><strong>sui</strong></span> <span class='ocrx_word' id='word_1_184' title='bbox 512 1834 642 1904; x_wconf 90' lang='lat' dir='ltr'><strong>baptismi</strong></span> <span class='ocrx_word' id='word_1_185' title='bbox 659 1835 752 1890; x_wconf 87' lang='lat' dir='ltr'><strong>fructu</strong></span> <span class='ocrx_word' id='word_1_186' title='bbox 771 1835 901 1906; x_wconf 88' lang='lat' dir='ltr'><strong>loquitur.</strong></span> <span class='ocrx_word' id='word_1_187' title='bbox 932 1836 978 1892; x_wconf 84' lang='lat' dir='ltr'><strong>Sic</strong></span> <span class='ocrx_word' id='word_1_188' title='bbox 992 1837 1065 1892; x_wconf 88' lang='lat' dir='ltr'><strong>enim</strong></span> <span class='ocrx_word' id='word_1_189' title='bbox 1079 1837 1148 1891; x_wconf 90' lang='lat' dir='ltr'><strong>dicit</strong></span> <span class='ocrx_word' id='word_1_190' title='bbox 1173 1837 1294 1893; x_wconf 82' lang='lat' dir='ltr'><strong>maxima</strong></span> <span class='ocrx_word' id='word_1_191' title='bbox 1318 1837 1347 1891; x_wconf 94' lang='lat' dir='ltr'><strong>in</strong></span> <span class='ocrx_word' id='word_1_192' title='bbox 1371 1838 1510 1890; x_wconf 78' lang='lat' dir='ltr'><strong>Christum</strong></span> <span class='ocrx_word' id='word_1_193' title='bbox 1535 1836 1720 1906; x_wconf 89' lang='lat' dir='ltr'><strong>blasphemia,</strong></span> <span class='ocrx_word' id='word_1_194' title='bbox 1751 1853 1815 1890; x_wconf 91' lang='lat' dir='ltr'><strong>cum</strong></span> <span class='ocrx_word' id='word_1_195' title='bbox 1838 1836 1875 1890; x_wconf 90' lang='lat' dir='ltr'><strong>sit</strong></span> <span class='ocrx_word' id='word_1_196' title='bbox 1896 1836 2011 1892; x_wconf 87' lang='lat' dir='ltr'><strong>sanctis·</strong></span> 
     </span>
     <span class='ocr_line' id='line_1_15' title="bbox 265 1900 2010 1994; baseline 0.003 -24"><span class='ocrx_word' id='word_1_197' title='bbox 265 1900 286 1970; x_wconf 71' lang='lat'><strong>,⁸¹</strong></span> <span class='ocrx_word' id='word_1_198' title='bbox 311 1919 349 1972; x_wconf 92' lang='lat' dir='ltr'><strong>ad</strong></span> <span class='ocrx_word' id='word_1_199' title='bbox 374 1919 487 1990; x_wconf 83' lang='lat' dir='ltr'><strong>turbas,</strong></span> <span class='ocrx_word' id='word_1_200' title='bbox 515 1938 587 1991; x_wconf 89' lang='lat' dir='ltr'><strong>quae</strong></span> <span class='ocrx_word' id='word_1_201' title='bbox 612 1922 748 1988; x_wconf 83' lang='lat' dir='ltr'><strong>exierant,</strong></span> <span class='ocrx_word' id='word_1_202' title='bbox 776 1930 808 1977; x_wconf 89' lang='lat' dir='ltr'><strong>ut</strong></span> <span class='ocrx_word' id='word_1_203' title='bbox 833 1922 1042 1994; x_wconf 82' lang='lat' dir='ltr'><strong>baptizarentur</strong></span> <span class='ocrx_word' id='word_1_204' title='bbox 1060 1924 1096 1978; x_wconf 88' lang='lat' dir='ltr'><strong>ab</strong></span> <span class='ocrx_word' id='word_1_205' title='bbox 1115 1943 1147 1980; x_wconf 91' lang='lat' dir='ltr'><strong>co</strong></span> <span class='ocrx_word' id='word_1_206' title='bbox 1173 1923 1258 1977; x_wconf 86' lang='lat' dir='ltr'><strong>simus</strong></span> <span class='ocrx_word' id='word_1_207' title='bbox 1296 1923 1359 1993; x_wconf 87' lang='lat' dir='ltr'><strong>ille,</strong></span> <span class='ocrx_word' id='word_1_208' title='bbox 1393 1924 1444 1991; x_wconf 79' lang='lat' dir='ltr'><strong>qui</strong></span> <span class='ocrx_word' id='word_1_209' title='bbox 1472 1941 1528 1977; x_wconf 89' lang='lat' dir='ltr'><strong>non</strong></span> <span class='ocrx_word' id='word_1_210' title='bbox 1562 1925 1637 1976; x_wconf 82' lang='lat' dir='ltr'><strong>nouit</strong></span> <span class='ocrx_word' id='word_1_211' title='bbox 1662 1931 1811 1991; x_wconf 82' lang='lat' dir='ltr'><strong>peccatum</strong></span> <span class='ocrx_word' id='word_1_212' title='bbox 1840 1941 1890 1977; x_wconf 89' lang='lat' dir='ltr'><strong>nec</strong></span> <span class='ocrx_word' id='word_1_213' title='bbox 1904 1924 2010 1976; x_wconf 85' lang='lat' dir='ltr'><strong>&#39;inuen-</strong></span> 
     </span>
     <span class='ocr_line' id='line_1_16' title="bbox 265 2004 2010 2082; baseline 0.004 -25"><span class='ocrx_word' id='word_1_214' title='bbox 265 2045 269 2082; x_wconf 76' lang='lat' dir='ltr'><strong>t</strong></span> <span class='ocrx_word' id='word_1_215' title='bbox 310 2004 381 2058; x_wconf 85' lang='lat' dir='ltr'><strong>Luc.</strong></span> <span class='ocrx_word' id='word_1_216' title='bbox 401 2012 432 2070; x_wconf 89' lang='grc'><strong>3,</strong></span> <span class='ocrx_word' id='word_1_217' title='bbox 451 2024 476 2060; x_wconf 80' lang='lat' dir='ltr'><strong>s.</strong></span> <span class='ocrx_word' id='word_1_218' title='bbox 497 2013 525 2061; x_wconf 82' lang='lat'><strong>7:</strong></span> <span class='ocrx_word' id='word_1_219' title='bbox 559 2008 626 2069; x_wconf 84' lang='lat' dir='ltr'><strong>Quis</strong></span> <span class='ocrx_word' id='word_1_220' title='bbox 644 2010 763 2062; x_wconf 85' lang='lat' dir='ltr'><strong>ostendit</strong></span> <span class='ocrx_word' id='word_1_221' title='bbox 780 2010 858 2063; x_wconf 83' lang='lat' dir='ltr'><strong>uobis</strong></span> <span class='ocrx_word' id='word_1_222' title='bbox 873 2013 974 2078; x_wconf 75' lang='lat' dir='ltr'><strong>fayore</strong></span> <span class='ocrx_word' id='word_1_223' title='bbox 994 2029 1013 2063; x_wconf 93' lang='lat' dir='ltr'><strong>a</strong></span> <span class='ocrx_word' id='word_1_224' title='bbox 1030 2019 1147 2065; x_wconf 81' lang='lat' dir='ltr'><strong>ventura</strong></span> <span class='ocrx_word' id='word_1_225' title='bbox 1172 2018 1217 2061; x_wconf 82' lang='lat' dir='ltr'><strong>tus</strong></span> <span class='ocrx_word' id='word_1_226' title='bbox 1242 2017 1282 2062; x_wconf 83' lang='lat' dir='ltr'><strong>ost</strong></span> <span class='ocrx_word' id='word_1_227' title='bbox 1304 2011 1388 2064; x_wconf 83' lang='lat' dir='ltr'><strong>dolus</strong></span> <span class='ocrx_word' id='word_1_228' title='bbox 1411 2010 1441 2062; x_wconf 85' lang='lat' dir='ltr'><strong>in</strong></span> <span class='ocrx_word' id='word_1_229' title='bbox 1465 2026 1513 2061; x_wconf 81' lang='lat' dir='ltr'><strong>ora</strong></span> <span class='ocrx_word' id='word_1_230' title='bbox 1531 2009 1608 2077; x_wconf 84' lang='lat' dir='ltr'><strong>ejus,</strong></span> <span class='ocrx_word' id='word_1_231' title='bbox 1642 2007 1707 2062; x_wconf 79' lang='lat' dir='ltr'><strong>Esa</strong></span> <span class='ocrx_word' id='word_1_232' title='bbox 1727 2015 1773 2077; x_wconf 84' lang='lat'><strong>53,</strong></span> <span class='ocrx_word' id='word_1_233' title='bbox 1792 2026 1818 2062; x_wconf 84' lang='lat' dir='ltr'><strong>v.</strong></span> <span class='ocrx_word' id='word_1_234' title='bbox 1836 2016 1860 2064; x_wconf 88' lang='grc'><strong>9.</strong></span> <span class='ocrx_word' id='word_1_235' title='bbox 1896 2015 1917 2064; x_wconf 90' lang='lat' dir='ltr'><strong>l.</strong></span> <span class='ocrx_word' id='word_1_236' title='bbox 1935 2009 2010 2064; x_wconf 85' lang='lat' dir='ltr'><strong>Patr.</strong></span> 
     </span>
     <span class='ocr_line' id='line_1_17' title="bbox 265 2092 2008 2166; baseline 0.003 -23"><span class='ocrx_word' id='word_1_237' title='bbox 265 2106 277 2136; x_wconf 89' lang='grc' dir='ltr'><strong>ιι</strong></span> <span class='ocrx_word' id='word_1_238' title='bbox 310 2092 379 2145; x_wconf 75' lang='lat' dir='ltr'><strong>irat</strong></span> <span class='ocrx_word' id='word_1_239' title='bbox 396 2092 473 2163; x_wconf 77' lang='lat' dir='ltr'><strong>E1g0</strong></span> <span class='ocrx_word' id='word_1_240' title='bbox 491 2092 644 2163; x_wconf 90' lang='lat' dir='ltr'><strong>baptismus</strong></span> <span class='ocrx_word' id='word_1_241' title='bbox 656 2093 791 2150; x_wconf 88' lang='lat' dir='ltr'><strong>Johannis</strong></span> <span class='ocrx_word' id='word_1_242' title='bbox 809 2095 864 2149; x_wconf 85' lang='lat' dir='ltr'><strong>luit</strong></span> <span class='ocrx_word' id='word_1_243' title='bbox 882 2095 1003 2150; x_wconf 88' lang='lat' dir='ltr'><strong>medium</strong></span> <span class='ocrx_word' id='word_1_244' title='bbox 1016 2097 1144 2166; x_wconf 87' lang='lat' dir='ltr'><strong>salutare,</strong></span> <span class='ocrx_word' id='word_1_245' title='bbox 1174 2102 1203 2164; x_wconf 86' lang='lat'><strong>2,</strong></span> <span class='ocrx_word' id='word_1_246' title='bbox 1226 2113 1251 2148; x_wconf 89' lang='lat' dir='ltr'><strong>v.</strong></span> <span class='ocrx_word' id='word_1_247' title='bbox 1270 2101 1312 2151; x_wconf 88' lang='lat'><strong>22.</strong></span> <span class='ocrx_word' id='word_1_248' title='bbox 1349 2094 1488 2166; x_wconf 82' lang='lat' dir='ltr'><strong>Quicquid</strong></span> <span class='ocrx_word' id='word_1_249' title='bbox 1508 2095 1693 2149; x_wconf 85' lang='lat' dir='ltr'><strong>Bellarminus</strong></span> <span class='ocrx_word' id='word_1_250' title='bbox 1718 2093 1783 2149; x_wconf 92' lang='lat' dir='ltr'><strong>huic</strong></span> <span class='ocrx_word' id='word_1_251' title='bbox 1802 2095 2008 2150; x_wconf 81' lang='lat' dir='ltr'><strong>ratiocinationi</strong></span> 
     </span>
     <span class='ocr_line' id='line_1_18' title="bbox 265 2177 2010 2253; baseline 0.003 -23"><span class='ocrx_word' id='word_1_252' title='bbox 265 2177 268 2188; x_wconf 87' lang='grc'><strong>“</strong></span> <span class='ocrx_word' id='word_1_253' title='bbox 309 2195 363 2248; x_wconf 89' lang='lat' dir='ltr'><strong>per</strong></span> <span class='ocrx_word' id='word_1_254' title='bbox 382 2179 459 2248; x_wconf 89' lang='lat' dir='ltr'><strong>quod</strong></span> <span class='ocrx_word' id='word_1_255' title='bbox 478 2195 495 2232; x_wconf 91' lang='lat' dir='ltr'><strong>a</strong></span> <span class='ocrx_word' id='word_1_256' title='bbox 514 2187 630 2235; x_wconf 85' lang='lat' dir='ltr'><strong>ventura</strong></span> <span class='ocrx_word' id='word_1_257' title='bbox 648 2181 689 2236; x_wconf 88' lang='lat' dir='ltr'><strong>ira</strong></span> <span class='ocrx_word' id='word_1_258' title='bbox 707 2180 831 2235; x_wconf 86' lang='lat' dir='ltr'><strong>homines</strong></span> <span class='ocrx_word' id='word_1_259' title='bbox 849 2180 962 2236; x_wconf 89' lang='lat' dir='ltr'><strong>liberari</strong></span> <span class='ocrx_word' id='word_1_260' title='bbox 982 2189 1146 2253; x_wconf 82' lang='lat' dir='ltr'><strong>potuerunt3</strong></span> <span class='ocrx_word' id='word_1_261' title='bbox 1172 2181 1360 2250; x_wconf 87' lang='lat' dir='ltr'><strong>responderit,</strong></span> <span class='ocrx_word' id='word_1_262' title='bbox 1387 2182 1471 2235; x_wconf 90' lang='lat' dir='ltr'><strong>etiam</strong></span> <span class='ocrx_word' id='word_1_263' title='bbox 1497 2198 1564 2235; x_wconf 86' lang='lat' dir='ltr'><strong>suae</strong></span> <span class='ocrx_word' id='word_1_264' title='bbox 1592 2197 1754 2251; x_wconf 86' lang='lat' dir='ltr'><strong>responsum</strong></span> <span class='ocrx_word' id='word_1_265' title='bbox 1782 2185 1894 2236; x_wconf 87' lang='lat' dir='ltr'><strong>statuat.</strong></span> <span class='ocrx_word' id='word_1_266' title='bbox 1939 2180 2010 2236; x_wconf 89' lang='lat' dir='ltr'><strong>Rem</strong></span> 
     </span>
     <span class='ocr_line' id='line_1_19' title="bbox 310 2266 2010 2338; baseline 0.004 -22"><span class='ocrx_word' id='word_1_267' title='bbox 310 2279 367 2335; x_wconf 91' lang='lat' dir='ltr'><strong>qno</strong></span> <span class='ocrx_word' id='word_1_268' title='bbox 392 2270 523 2334; x_wconf 87' lang='lat' dir='ltr'><strong>respectu</strong></span> <span class='ocrx_word' id='word_1_269' title='bbox 549 2267 634 2321; x_wconf 90' lang='lat' dir='ltr'><strong>etiam</strong></span> <span class='ocrx_word' id='word_1_270' title='bbox 660 2266 808 2320; x_wconf 82' lang='lat' dir='ltr'><strong>consilium</strong></span> <span class='ocrx_word' id='word_1_271' title='bbox 832 2268 892 2320; x_wconf 82' lang='lat' dir='ltr'><strong>Dei</strong></span> <span class='ocrx_word' id='word_1_272' title='bbox 913 2267 1014 2322; x_wconf 88' lang='lat' dir='ltr'><strong>dicitur</strong></span> <span class='ocrx_word' id='word_1_273' title='bbox 1034 2269 1101 2325; x_wconf 89' lang='lat' dir='ltr'><strong>Luc.</strong></span> <span class='ocrx_word' id='word_1_274' title='bbox 1122 2277 1145 2338; x_wconf 81' lang='grc'><strong>7,</strong></span> <span class='ocrx_word' id='word_1_275' title='bbox 1174 2268 1263 2336; x_wconf 89' lang='lat' dir='ltr'><strong>ipsam</strong></span> <span class='ocrx_word' id='word_1_276' title='bbox 1281 2267 1357 2338; x_wconf 91' lang='lat' dir='ltr'><strong>quod</strong></span> <span class='ocrx_word' id='word_1_277' title='bbox 1373 2268 1481 2333; x_wconf 83' lang='lat' dir='ltr'><strong>attinet,</strong></span> <span class='ocrx_word' id='word_1_278' title='bbox 1502 2266 1628 2338; x_wconf 86' lang='lat' dir='ltr'><strong>quamvis</strong></span> <span class='ocrx_word' id='word_1_279' title='bbox 1638 2266 1764 2321; x_wconf 88' lang='lat' dir='ltr'><strong>Christus</strong></span> <span class='ocrx_word' id='word_1_280' title='bbox 1783 2283 1840 2320; x_wconf 91' lang='lat' dir='ltr'><strong>nou</strong></span> <span class='ocrx_word' id='word_1_281' title='bbox 1858 2266 2010 2337; x_wconf 80' lang='lat' dir='ltr'><strong>indiguerit</strong></span> 
     </span>
     <span class='ocr_line' id='line_1_20' title="bbox 311 2350 2009 2424; baseline 0.002 -22"><span class='ocrx_word' id='word_1_282' title='bbox 311 2367 337 2401; x_wconf 87' lang='lat' dir='ltr'><strong>v.</strong></span> <span class='ocrx_word' id='word_1_283' title='bbox 357 2355 399 2403; x_wconf 82' lang='lat'><strong>30.</strong></span> <span class='ocrx_word' id='word_1_284' title='bbox 426 2351 555 2405; x_wconf 91' lang='lat' dir='ltr'><strong>nimirum</strong></span> <span class='ocrx_word' id='word_1_285' title='bbox 580 2352 615 2405; x_wconf 92' lang='lat' dir='ltr'><strong>de</strong></span> <span class='ocrx_word' id='word_1_286' title='bbox 639 2352 800 2408; x_wconf 73' lang='lat' dir='ltr'><strong>remissione</strong></span> <span class='ocrx_word' id='word_1_287' title='bbox 816 2360 993 2423; x_wconf 87' lang='lat' dir='ltr'><strong>peccatorum</strong></span> <span class='ocrx_word' id='word_1_288' title='bbox 1010 2362 1038 2411; x_wconf 90' lang='lat' dir='ltr'><strong>et</strong></span> <span class='ocrx_word' id='word_1_289' title='bbox 1056 2356 1146 2410; x_wconf 87' lang='lat' dir='ltr'><strong>salute</strong></span> <span class='ocrx_word' id='word_1_290' title='bbox 1172 2354 1381 2424; x_wconf 87' lang='lat' dir='ltr'><strong>regeneratione</strong></span> <span class='ocrx_word' id='word_1_291' title='bbox 1405 2354 1451 2408; x_wconf 89' lang='lat' dir='ltr'><strong>vcl</strong></span> <span class='ocrx_word' id='word_1_292' title='bbox 1478 2353 1627 2423; x_wconf 86' lang='lat' dir='ltr'><strong>adoptione</strong></span> <span class='ocrx_word' id='word_1_293' title='bbox 1654 2353 1682 2406; x_wconf 92' lang='lat' dir='ltr'><strong>in</strong></span> <span class='ocrx_word' id='word_1_294' title='bbox 1701 2352 1804 2406; x_wconf 84' lang='lat' dir='ltr'><strong>Filium</strong></span> <span class='ocrx_word' id='word_1_295' title='bbox 1822 2350 1891 2418; x_wconf 90' lang='lat' dir='ltr'><strong>Dei,</strong></span> <span class='ocrx_word' id='word_1_296' title='bbox 1918 2368 1952 2406; x_wconf 86' lang='lat' dir='ltr'><strong>ex</strong></span> <span class='ocrx_word' id='word_1_297' title='bbox 1975 2368 2009 2407; x_wconf 90' lang='lat' dir='ltr'><strong>eo</strong></span> 
     </span>
     <span class='ocr_line' id='line_1_21' title="bbox 311 2435 2009 2514; baseline 0.002 -26"><span class='ocrx_word' id='word_1_298' title='bbox 311 2452 361 2505; x_wconf 90' lang='lat' dir='ltr'><strong>pcr</strong></span> <span class='ocrx_word' id='word_1_299' title='bbox 391 2435 445 2491; x_wconf 93' lang='lat' dir='ltr'><strong>hoc</strong></span> <span class='ocrx_word' id='word_1_300' title='bbox 475 2437 596 2491; x_wconf 92' lang='lat' dir='ltr'><strong>medium</strong></span> <span class='ocrx_word' id='word_1_301' title='bbox 622 2439 792 2494; x_wconf 87' lang='lat' dir='ltr'><strong>conferenda</strong></span> <span class='ocrx_word' id='word_1_302' title='bbox 818 2440 984 2496; x_wconf 88' lang='lat' dir='ltr'><strong>hominibus.</strong></span> <span class='ocrx_word' id='word_1_303' title='bbox 1027 2442 1146 2514; x_wconf 84' lang='lat' dir='ltr'><strong>Reliqua</strong></span> <span class='ocrx_word' id='word_1_304' title='bbox 1172 2444 1265 2493; x_wconf 88' lang='lat' dir='ltr'><strong>tamen</strong></span> <span class='ocrx_word' id='word_1_305' title='bbox 1301 2456 1357 2493; x_wconf 92' lang='lat' dir='ltr'><strong>non</strong></span> <span class='ocrx_word' id='word_1_306' title='bbox 1393 2446 1485 2508; x_wconf 87' lang='lat' dir='ltr'><strong>potest</strong></span> <span class='ocrx_word' id='word_1_307' title='bbox 1519 2439 1628 2500; x_wconf 82' lang='lat' dir='ltr'><strong>inferri.</strong></span> <span class='ocrx_word' id='word_1_308' title='bbox 1665 2438 1739 2509; x_wconf 90' lang='lat' dir='ltr'><strong>quod</strong></span> <span class='ocrx_word' id='word_1_309' title='bbox 1770 2456 1825 2492; x_wconf 93' lang='lat' dir='ltr'><strong>non</strong></span> <span class='ocrx_word' id='word_1_310' title='bbox 1856 2437 2009 2507; x_wconf 78' lang='lat' dir='ltr'><strong>susceperit</strong></span> 
     </span>
     <span class='ocr_line' id='line_1_22' title="bbox 312 2523 2117 2597; baseline 0.002 -23"><span class='ocrx_word' id='word_1_311' title='bbox 312 2528 476 2592; x_wconf 83' lang='lat' dir='ltr'><strong>argumenta</strong></span> <span class='ocrx_word' id='word_1_312' title='bbox 495 2523 679 2578; x_wconf 88' lang='lat' dir='ltr'><strong>Bellarminus</strong></span> <span class='ocrx_word' id='word_1_313' title='bbox 697 2542 753 2580; x_wconf 92' lang='lat' dir='ltr'><strong>non</strong></span> <span class='ocrx_word' id='word_1_314' title='bbox 770 2526 892 2597; x_wconf 81' lang='lat' dir='ltr'><strong>attingit</strong></span> <span class='ocrx_word' id='word_1_315' title='bbox 1171 2526 1290 2580; x_wconf 88' lang='lat' dir='ltr'><strong>eundem</strong></span> <span class='ocrx_word' id='word_1_316' title='bbox 1318 2542 1380 2579; x_wconf 91' lang='lat' dir='ltr'><strong>cum</strong></span> <span class='ocrx_word' id='word_1_317' title='bbox 1405 2525 1485 2579; x_wconf 90' lang='lat' dir='ltr'><strong>nohis</strong></span> <span class='ocrx_word' id='word_1_318' title='bbox 1510 2524 1694 2594; x_wconf 79' lang='lat' dir='ltr'><strong>bapusmum3</strong></span> <span class='ocrx_word' id='word_1_319' title='bbox 1720 2524 1744 2578; x_wconf 90' lang='lat' dir='ltr'><strong>si</strong></span> <span class='ocrx_word' id='word_1_320' title='bbox 1761 2523 1874 2597; x_wconf 91' lang='lat' dir='ltr'><strong>quidem</strong></span> <span class='ocrx_word' id='word_1_321' title='bbox 1893 2524 1942 2594; x_wconf 91' lang='lat' dir='ltr'><strong>qui</strong></span> <span class='ocrx_word' id='word_1_322' title='bbox 1958 2527 2056 2593; x_wconf 82' lang='lat' dir='ltr'><strong>pes11·</strong></span> <span class='ocrx_word' id='word_1_323' title='bbox 2071 2526 2117 2569; x_wconf 73' lang='grc'><strong>1111</strong></span> 
     </span>
     <span class='ocr_line' id='line_1_23' title="bbox 265 2608 2009 2682; baseline 0.001 -20"><span class='ocrx_word' id='word_1_324' title='bbox 265 2632 268 2640; x_wconf 93' lang='lat'><strong>.</strong></span> <span class='ocrx_word' id='word_1_325' title='bbox 346 2614 388 2662; x_wconf 76' lang='lat'><strong>49.</strong></span> <span class='ocrx_word' id='word_1_326' title='bbox 419 2608 553 2679; x_wconf 80' lang='lat' dir='ltr'><strong>Exposita</strong></span> <span class='ocrx_word' id='word_1_327' title='bbox 577 2611 726 2681; x_wconf 87' lang='lat' dir='ltr'><strong>praecipuo</strong></span> <span class='ocrx_word' id='word_1_328' title='bbox 746 2613 900 2667; x_wconf 88' lang='lat' dir='ltr'><strong>sententiae</strong></span> <span class='ocrx_word' id='word_1_329' title='bbox 920 2618 1030 2668; x_wconf 91' lang='lat' dir='ltr'><strong>nostrae</strong></span> <span class='ocrx_word' id='word_1_330' title='bbox 1047 2614 1145 2668; x_wconf 85' lang='lat' dir='ltr'><strong>funda·</strong></span> <span class='ocrx_word' id='word_1_331' title='bbox 1171 2612 1286 2666; x_wconf 87' lang='lat' dir='ltr'><strong>verbum</strong></span> <span class='ocrx_word' id='word_1_332' title='bbox 1305 2612 1366 2681; x_wconf 85' lang='lat' dir='ltr'><strong>jam</strong></span> <span class='ocrx_word' id='word_1_333' title='bbox 1389 2619 1454 2666; x_wconf 87' lang='lat' dir='ltr'><strong>ante</strong></span> <span class='ocrx_word' id='word_1_334' title='bbox 1479 2612 1597 2682; x_wconf 86' lang='lat' dir='ltr'><strong>regeniti</strong></span> <span class='ocrx_word' id='word_1_335' title='bbox 1621 2615 1649 2667; x_wconf 91' lang='lat' dir='ltr'><strong>et</strong></span> <span class='ocrx_word' id='word_1_336' title='bbox 1673 2612 1702 2666; x_wconf 91' lang='lat' dir='ltr'><strong>in</strong></span> <span class='ocrx_word' id='word_1_337' title='bbox 1725 2610 1795 2665; x_wconf 88' lang='lat' dir='ltr'><strong>fihos</strong></span> <span class='ocrx_word' id='word_1_338' title='bbox 1811 2610 1865 2665; x_wconf 90' lang='lat' dir='ltr'><strong>Dei</strong></span> <span class='ocrx_word' id='word_1_339' title='bbox 1883 2609 2009 2679; x_wconf 89' lang='lat' dir='ltr'><strong>adoptati</strong></span> 
     </span>
     <span class='ocr_line' id='line_1_24' title="bbox 265 2674 2031 2768; baseline 0.001 -20"><span class='ocrx_word' id='word_1_340' title='bbox 265 2674 284 2756; x_wconf 64' lang='lat' dir='ltr'><strong>i,</strong></span> <span class='ocrx_word' id='word_1_341' title='bbox 313 2702 406 2749; x_wconf 90' lang='lat' dir='ltr'><strong>mento</strong></span> <span class='ocrx_word' id='word_1_342' title='bbox 429 2713 463 2751; x_wconf 83' lang='lat' dir='ltr'><strong>er</strong></span> <span class='ocrx_word' id='word_1_343' title='bbox 485 2697 630 2753; x_wconf 87' lang='lat' dir='ltr'><strong>identitate</strong></span> <span class='ocrx_word' id='word_1_344' title='bbox 656 2714 802 2752; x_wconf 87' lang='lat' dir='ltr'><strong>causarum</strong></span> <span class='ocrx_word' id='word_1_345' title='bbox 820 2699 924 2768; x_wconf 87' lang='lat' dir='ltr'><strong>petito,</strong></span> <span class='ocrx_word' id='word_1_346' title='bbox 949 2706 1036 2754; x_wconf 84' lang='lat' dir='ltr'><strong>restat</strong></span> <span class='ocrx_word' id='word_1_347' title='bbox 1054 2707 1087 2755; x_wconf 89' lang='lat' dir='ltr'><strong>ut</strong></span> <span class='ocrx_word' id='word_1_348' title='bbox 1105 2718 1145 2755; x_wconf 92' lang='lat' dir='ltr'><strong>se·</strong></span> <span class='ocrx_word' id='word_1_349' title='bbox 1170 2698 1356 2768; x_wconf 86' lang='lat' dir='ltr'><strong>baptizantur,</strong></span> <span class='ocrx_word' id='word_1_350' title='bbox 1384 2698 1480 2753; x_wconf 90' lang='lat' dir='ltr'><strong>itidem</strong></span> <span class='ocrx_word' id='word_1_351' title='bbox 1505 2714 1561 2752; x_wconf 92' lang='lat' dir='ltr'><strong>uon</strong></span> <span class='ocrx_word' id='word_1_352' title='bbox 1586 2703 1770 2752; x_wconf 90' lang='lat' dir='ltr'><strong>renascuntur</strong></span> <span class='ocrx_word' id='word_1_353' title='bbox 1793 2701 1822 2752; x_wconf 90' lang='lat' dir='ltr'><strong>et</strong></span> <span class='ocrx_word' id='word_1_354' title='bbox 1839 2696 2031 2766; x_wconf 80' lang='lat' dir='ltr'><strong>adoptantur·</strong></span> 
     </span>
     <span class='ocr_line' id='line_1_25' title="bbox 265 2778 2008 2858; baseline 0.003 -24"><span class='ocrx_word' id='word_1_355' title='bbox 265 2778 292 2858; x_wconf 64' lang='lat'><strong>2&#39;,</strong></span> <span class='ocrx_word' id='word_1_356' title='bbox 314 2782 446 2836; x_wconf 89' lang='lat' dir='ltr'><strong>cundaria</strong></span> <span class='ocrx_word' id='word_1_357' title='bbox 472 2790 500 2838; x_wconf 91' lang='lat' dir='ltr'><strong>et</strong></span> <span class='ocrx_word' id='word_1_358' title='bbox 525 2785 614 2838; x_wconf 90' lang='lat' dir='ltr'><strong>minus</strong></span> <span class='ocrx_word' id='word_1_359' title='bbox 641 2784 807 2855; x_wconf 87' lang='lat' dir='ltr'><strong>principalia</strong></span> <span class='ocrx_word' id='word_1_360' title='bbox 834 2792 999 2856; x_wconf 85' lang='lat' dir='ltr'><strong>argumenta</strong></span> <span class='ocrx_word' id='word_1_361' title='bbox 1024 2786 1144 2857; x_wconf 81' lang='lat' dir='ltr'><strong>profers·</strong></span> <span class='ocrx_word' id='word_1_362' title='bbox 1170 2785 1199 2839; x_wconf 92' lang='lat' dir='ltr'><strong>in</strong></span> <span class='ocrx_word' id='word_1_363' title='bbox 1211 2784 1282 2839; x_wconf 88' lang='lat' dir='ltr'><strong>filios</strong></span> <span class='ocrx_word' id='word_1_364' title='bbox 1293 2785 1348 2839; x_wconf 88' lang='lat' dir='ltr'><strong>Dei</strong></span> <span class='ocrx_word' id='word_1_365' title='bbox 1366 2802 1415 2855; x_wconf 90' lang='lat' dir='ltr'><strong>per</strong></span> <span class='ocrx_word' id='word_1_366' title='bbox 1432 2786 1609 2856; x_wconf 90' lang='lat' dir='ltr'><strong>baptismum,</strong></span> <span class='ocrx_word' id='word_1_367' title='bbox 1627 2785 1701 2840; x_wconf 87' lang='lat' dir='ltr'><strong>absit</strong></span> <span class='ocrx_word' id='word_1_368' title='bbox 1719 2790 1821 2851; x_wconf 88' lang='lat' dir='ltr'><strong>tameu,</strong></span> <span class='ocrx_word' id='word_1_369' title='bbox 1841 2791 1873 2838; x_wconf 89' lang='lat' dir='ltr'><strong>ut</strong></span> <span class='ocrx_word' id='word_1_370' title='bbox 1886 2791 2008 2839; x_wconf 87' lang='lat' dir='ltr'><strong>statuere</strong></span> 
     </span>
     <span class='ocr_line' id='line_1_26' title="bbox 265 2871 2010 2965; baseline 0.002 -44"><span class='ocrx_word' id='word_1_371' title='bbox 265 2874 387 2965; x_wconf 49' lang='lat' dir='ltr'><strong>prmus,</strong></span> <span class='ocrx_word' id='word_1_372' title='bbox 416 2871 492 2924; x_wconf 89' lang='lat' dir='ltr'><strong>unde</strong></span> <span class='ocrx_word' id='word_1_373' title='bbox 516 2889 565 2940; x_wconf 88' lang='lat' dir='ltr'><strong>pro</strong></span> <span class='ocrx_word' id='word_1_374' title='bbox 591 2871 758 2927; x_wconf 87' lang='lat' dir='ltr'><strong>stabilienda</strong></span> <span class='ocrx_word' id='word_1_375' title='bbox 780 2871 928 2926; x_wconf 89' lang='lat' dir='ltr'><strong>identitate</strong></span> <span class='ocrx_word' id='word_1_376' title='bbox 953 2874 1145 2928; x_wconf 86' lang='lat' dir='ltr'><strong>sacramentali</strong></span> <span class='ocrx_word' id='word_1_377' title='bbox 1171 2871 1301 2939; x_wconf 89' lang='lat' dir='ltr'><strong>velimus,</strong></span> <span class='ocrx_word' id='word_1_378' title='bbox 1325 2887 1372 2926; x_wconf 92' lang='lat' dir='ltr'><strong>cos</strong></span> <span class='ocrx_word' id='word_1_379' title='bbox 1390 2889 1445 2926; x_wconf 91' lang='lat' dir='ltr'><strong>non</strong></span> <span class='ocrx_word' id='word_1_380' title='bbox 1465 2873 1605 2941; x_wconf 87' lang='lat' dir='ltr'><strong>suscipere</strong></span> <span class='ocrx_word' id='word_1_381' title='bbox 1623 2872 1742 2926; x_wconf 89' lang='lat' dir='ltr'><strong>eundem</strong></span> <span class='ocrx_word' id='word_1_382' title='bbox 1757 2871 1926 2941; x_wconf 88' lang='lat' dir='ltr'><strong>baptismum</strong></span> <span class='ocrx_word' id='word_1_383' title='bbox 1945 2887 2010 2925; x_wconf 91' lang='lat' dir='ltr'><strong>cum</strong></span> 
     </span>
     <span class='ocr_line' id='line_1_27' title="bbox 313 2953 2010 3028; baseline 0.003 -21"><span class='ocrx_word' id='word_1_384' title='bbox 313 2953 383 3008; x_wconf 86' lang='lat' dir='ltr'><strong>inter</strong></span> <span class='ocrx_word' id='word_1_385' title='bbox 412 2954 578 3024; x_wconf 87' lang='lat' dir='ltr'><strong>baptismum</strong></span> <span class='ocrx_word' id='word_1_386' title='bbox 598 2956 734 3012; x_wconf 74' lang='lat' dir='ltr'><strong>iohannis</strong></span> <span class='ocrx_word' id='word_1_387' title='bbox 753 2965 782 3012; x_wconf 89' lang='lat' dir='ltr'><strong>et</strong></span> <span class='ocrx_word' id='word_1_388' title='bbox 798 2958 986 3028; x_wconf 89' lang='lat' dir='ltr'><strong>apostolorum</strong></span> <span class='ocrx_word' id='word_1_389' title='bbox 1005 2976 1086 3028; x_wconf 91' lang='lat' dir='ltr'><strong>porro</strong></span> <span class='ocrx_word' id='word_1_390' title='bbox 1104 2961 1144 3014; x_wconf 88' lang='lat' dir='ltr'><strong>sic</strong></span> <span class='ocrx_word' id='word_1_391' title='bbox 1171 2958 1300 3028; x_wconf 86' lang='lat' dir='ltr'><strong>reliquis;</strong></span> <span class='ocrx_word' id='word_1_392' title='bbox 1323 2957 1441 3021; x_wconf 86' lang='lat' dir='ltr'><strong>sufficit,</strong></span> <span class='ocrx_word' id='word_1_393' title='bbox 1467 2958 1541 3028; x_wconf 90' lang='lat' dir='ltr'><strong>quod</strong></span> <span class='ocrx_word' id='word_1_394' title='bbox 1563 2957 1699 3013; x_wconf 88' lang='lat' dir='ltr'><strong>beneficia</strong></span> <span class='ocrx_word' id='word_1_395' title='bbox 1719 2960 1778 3028; x_wconf 89' lang='lat' dir='ltr'><strong>jam</strong></span> <span class='ocrx_word' id='word_1_396' title='bbox 1804 2962 1870 3013; x_wconf 89' lang='lat' dir='ltr'><strong>ante</strong></span> <span class='ocrx_word' id='word_1_397' title='bbox 1892 2963 2010 3028; x_wconf 89' lang='lat' dir='ltr'><strong>accepta</strong></span> 
     </span>
     <span class='ocr_line' id='line_1_28' title="bbox 313 3039 2009 3115; baseline 0.004 -22"><span class='ocrx_word' id='word_1_398' title='bbox 313 3039 465 3095; x_wconf 85' lang='lat' dir='ltr'><strong>inferimus.</strong></span> <span class='ocrx_word' id='word_1_399' title='bbox 503 3042 532 3098; x_wconf 89' lang='lat' dir='ltr'><strong>Si</strong></span> <span class='ocrx_word' id='word_1_400' title='bbox 549 3043 695 3111; x_wconf 86' lang='lat' dir='ltr'><strong>statuitur,</strong></span> <span class='ocrx_word' id='word_1_401' title='bbox 724 3043 893 3113; x_wconf 87' lang='lat' dir='ltr'><strong>baptismum</strong></span> <span class='ocrx_word' id='word_1_402' title='bbox 922 3044 1056 3101; x_wconf 85' lang='lat' dir='ltr'><strong>Johauuis</strong></span> <span class='ocrx_word' id='word_1_403' title='bbox 1089 3063 1145 3100; x_wconf 92' lang='lat' dir='ltr'><strong>non</strong></span> <span class='ocrx_word' id='word_1_404' title='bbox 1170 3044 1200 3098; x_wconf 91' lang='lat' dir='ltr'><strong>in</strong></span> <span class='ocrx_word' id='word_1_405' title='bbox 1236 3044 1291 3098; x_wconf 90' lang='lat' dir='ltr'><strong>iilis</strong></span> <span class='ocrx_word' id='word_1_406' title='bbox 1328 3063 1379 3115; x_wconf 88' lang='lat' dir='ltr'><strong>per</strong></span> <span class='ocrx_word' id='word_1_407' title='bbox 1414 3045 1583 3115; x_wconf 88' lang='lat' dir='ltr'><strong>baptismum</strong></span> <span class='ocrx_word' id='word_1_408' title='bbox 1620 3043 1804 3114; x_wconf 89' lang='lat' dir='ltr'><strong>obsignentur</strong></span> <span class='ocrx_word' id='word_1_409' title='bbox 1829 3049 1858 3099; x_wconf 87' lang='lat' dir='ltr'><strong>et</strong></span> <span class='ocrx_word' id='word_1_410' title='bbox 1890 3044 2009 3114; x_wconf 87' lang='lat' dir='ltr'><strong>Spiritus</strong></span> 
     </span>
     <span class='ocr_line' id='line_1_29' title="bbox 312 3126 2008 3202; baseline 0.004 -22"><span class='ocrx_word' id='word_1_411' title='bbox 312 3126 395 3182; x_wconf 86' lang='lat' dir='ltr'><strong>fuisse</strong></span> <span class='ocrx_word' id='word_1_412' title='bbox 413 3127 486 3183; x_wconf 84' lang='lat' dir='ltr'><strong>idem</strong></span> <span class='ocrx_word' id='word_1_413' title='bbox 505 3137 707 3185; x_wconf 89' lang='lat' dir='ltr'><strong>sacramentum</strong></span> <span class='ocrx_word' id='word_1_414' title='bbox 725 3147 788 3185; x_wconf 91' lang='lat' dir='ltr'><strong>cum</strong></span> <span class='ocrx_word' id='word_1_415' title='bbox 805 3130 1143 3202; x_wconf 89' lang='lat' dir='ltr'><strong>baptismoapostolorum</strong></span> <span class='ocrx_word' id='word_1_416' title='bbox 1170 3131 1258 3185; x_wconf 86' lang='lat' dir='ltr'><strong>sancti</strong></span> <span class='ocrx_word' id='word_1_417' title='bbox 1285 3131 1359 3186; x_wconf 88' lang='lat' dir='ltr'><strong>dona</strong></span> <span class='ocrx_word' id='word_1_418' title='bbox 1384 3136 1549 3202; x_wconf 85' lang='lat' dir='ltr'><strong>augeantur.</strong></span> <span class='ocrx_word' id='word_1_419' title='bbox 1587 3130 1717 3186; x_wconf 90' lang='lat' dir='ltr'><strong>Ceterum</strong></span> <span class='ocrx_word' id='word_1_420' title='bbox 1735 3131 1861 3201; x_wconf 88' lang='lat' dir='ltr'><strong>quamvis</strong></span> <span class='ocrx_word' id='word_1_421' title='bbox 1881 3130 2008 3186; x_wconf 89' lang='lat' dir='ltr'><strong>Christus</strong></span> 
     </span>
     <span class='ocr_line' id='line_1_30' title="bbox 312 3217 2009 3291; baseline 0.004 -23"><span class='ocrx_word' id='word_1_422' title='bbox 312 3219 338 3269; x_wconf 82' lang='lat' dir='ltr'><strong>st</strong></span> <span class='ocrx_word' id='word_1_423' title='bbox 356 3221 460 3285; x_wconf 87' lang='lat' dir='ltr'><strong>nostro,</strong></span> <span class='ocrx_word' id='word_1_424' title='bbox 478 3232 649 3287; x_wconf 87' lang='lat' dir='ltr'><strong>consequens</strong></span> <span class='ocrx_word' id='word_1_425' title='bbox 666 3217 764 3272; x_wconf 88' lang='lat' dir='ltr'><strong>fuerit:</strong></span> <span class='ocrx_word' id='word_1_426' title='bbox 786 3223 807 3273; x_wconf 91' lang='lat'><strong>1.</strong></span> <span class='ocrx_word' id='word_1_427' title='bbox 826 3218 882 3273; x_wconf 92' lang='lat' dir='ltr'><strong>alio</strong></span> <span class='ocrx_word' id='word_1_428' title='bbox 898 3218 1142 3291; x_wconf 87' lang='lat' dir='ltr'><strong>baptismoeaput,</strong></span> <span class='ocrx_word' id='word_1_429' title='bbox 1170 3235 1221 3288; x_wconf 90' lang='lat' dir='ltr'><strong>pro</strong></span> <span class='ocrx_word' id='word_1_430' title='bbox 1250 3235 1279 3272; x_wconf 88' lang='lat' dir='ltr'><strong>se</strong></span> <span class='ocrx_word' id='word_1_431' title='bbox 1305 3236 1361 3273; x_wconf 93' lang='lat' dir='ltr'><strong>non</strong></span> <span class='ocrx_word' id='word_1_432' title='bbox 1391 3217 1544 3289; x_wconf 84' lang='lat' dir='ltr'><strong>indiguerit</strong></span> <span class='ocrx_word' id='word_1_433' title='bbox 1572 3224 1748 3288; x_wconf 85' lang='lat' dir='ltr'><strong>pcccatorum</strong></span> <span class='ocrx_word' id='word_1_434' title='bbox 1773 3217 1933 3273; x_wconf 86' lang='lat' dir='ltr'><strong>remissione</strong></span> <span class='ocrx_word' id='word_1_435' title='bbox 1958 3236 2009 3288; x_wconf 86' lang='lat' dir='ltr'><strong>pes</strong></span> 
     </span>
     <span class='ocr_line' id='line_1_31' title="bbox 312 3301 2009 3375; baseline 0.002 -20"><span class='ocrx_word' id='word_1_436' title='bbox 312 3308 378 3371; x_wconf 90' lang='lat' dir='ltr'><strong>puta</strong></span> <span class='ocrx_word' id='word_1_437' title='bbox 390 3301 540 3371; x_wconf 86' lang='lat' dir='ltr'><strong>Christum,</strong></span> <span class='ocrx_word' id='word_1_438' title='bbox 559 3304 615 3357; x_wconf 82' lang='lat' dir='ltr'><strong>alio</strong></span> <span class='ocrx_word' id='word_1_439' title='bbox 631 3320 697 3359; x_wconf 82' lang='lat' dir='ltr'><strong>sero</strong></span> <span class='ocrx_word' id='word_1_440' title='bbox 715 3304 839 3359; x_wconf 89' lang='lat' dir='ltr'><strong>membra</strong></span> <span class='ocrx_word' id='word_1_441' title='bbox 852 3322 948 3374; x_wconf 86' lang='lat' dir='ltr'><strong>usum;</strong></span> <span class='ocrx_word' id='word_1_442' title='bbox 968 3312 991 3362; x_wconf 92' lang='lat'><strong>2.</strong></span> <span class='ocrx_word' id='word_1_443' title='bbox 1005 3306 1144 3361; x_wconf 80' lang='lat' dir='ltr'><strong>Christum</strong></span> <span class='ocrx_word' id='word_1_444' title='bbox 1171 3303 1338 3374; x_wconf 87' lang='lat' dir='ltr'><strong>baptismum</strong></span> <span class='ocrx_word' id='word_1_445' title='bbox 1356 3303 1411 3358; x_wconf 91' lang='lat' dir='ltr'><strong>sibi</strong></span> <span class='ocrx_word' id='word_1_446' title='bbox 1428 3303 1480 3375; x_wconf 90' lang='lat' dir='ltr'><strong>ipsi</strong></span> <span class='ocrx_word' id='word_1_447' title='bbox 1497 3301 1673 3372; x_wconf 77' lang='lat' dir='ltr'><strong>confermda,</strong></span> <span class='ocrx_word' id='word_1_448' title='bbox 1690 3302 1800 3357; x_wconf 85' lang='lat' dir='ltr'><strong>iuterim</strong></span> <span class='ocrx_word' id='word_1_449' title='bbox 1810 3309 1904 3356; x_wconf 68' lang='lat' dir='ltr'><strong>umen</strong></span> <span class='ocrx_word' id='word_1_450' title='bbox 1914 3310 2009 3358; x_wconf 86' lang='lat' dir='ltr'><strong>nostro</strong></span> 
     </span>
     <span class='ocr_line' id='line_1_32' title="bbox 313 3387 2008 3465; baseline 0.002 -24"><span class='ocrx_word' id='word_1_451' title='bbox 313 3387 485 3459; x_wconf 86' lang='lat' dir='ltr'><strong>baptismatis</strong></span> <span class='ocrx_word' id='word_1_452' title='bbox 504 3389 546 3443; x_wconf 92' lang='lat' dir='ltr'><strong>sui</strong></span> <span class='ocrx_word' id='word_1_453' title='bbox 566 3390 743 3460; x_wconf 82' lang='lat' dir='ltr'><strong>susceptione</strong></span> <span class='ocrx_word' id='word_1_454' title='bbox 760 3409 815 3448; x_wconf 92' lang='lat' dir='ltr'><strong>non</strong></span> <span class='ocrx_word' id='word_1_455' title='bbox 834 3389 1021 3448; x_wconf 83' lang='lat' dir='ltr'><strong>sanctificasse</strong></span> <span class='ocrx_word' id='word_1_456' title='bbox 1039 3393 1144 3465; x_wconf 85' lang='lat' dir='ltr'><strong>baptis·</strong></span> <span class='ocrx_word' id='word_1_457' title='bbox 1170 3390 1232 3445; x_wconf 92' lang='lat' dir='ltr'><strong>loco</strong></span> <span class='ocrx_word' id='word_1_458' title='bbox 1251 3397 1279 3446; x_wconf 88' lang='lat' dir='ltr'><strong>et</strong></span> <span class='ocrx_word' id='word_1_459' title='bbox 1296 3398 1423 3446; x_wconf 89' lang='lat' dir='ltr'><strong>nostrum</strong></span> <span class='ocrx_word' id='word_1_460' title='bbox 1440 3392 1562 3446; x_wconf 92' lang='lat' dir='ltr'><strong>omnium</strong></span> <span class='ocrx_word' id='word_1_461' title='bbox 1577 3406 1725 3461; x_wconf 90' lang='lat' dir='ltr'><strong>personam</strong></span> <span class='ocrx_word' id='word_1_462' title='bbox 1737 3398 1770 3445; x_wconf 90' lang='lat' dir='ltr'><strong>ut</strong></span> <span class='ocrx_word' id='word_1_463' title='bbox 1781 3390 1917 3445; x_wconf 89' lang='lat' dir='ltr'><strong>mediator</strong></span> <span class='ocrx_word' id='word_1_464' title='bbox 1927 3390 2008 3445; x_wconf 89' lang='lat' dir='ltr'><strong>susti·</strong></span> 
     </span>
     <span class='ocr_line' id='line_1_33' title="bbox 313 3475 2008 3550; baseline 0.002 -23"><span class='ocrx_word' id='word_1_465' title='bbox 313 3490 355 3528; x_wconf 89' lang='lat' dir='ltr'><strong>ma</strong></span> <span class='ocrx_word' id='word_1_466' title='bbox 384 3483 525 3541; x_wconf 77' lang='lat' dir='ltr'><strong>nostrum3</strong></span> <span class='ocrx_word' id='word_1_467' title='bbox 557 3483 581 3532; x_wconf 85' lang='lat'><strong>3.</strong></span> <span class='ocrx_word' id='word_1_468' title='bbox 603 3493 660 3531; x_wconf 90' lang='lat' dir='ltr'><strong>nou</strong></span> <span class='ocrx_word' id='word_1_469' title='bbox 680 3495 740 3533; x_wconf 90' lang='lat' dir='ltr'><strong>esse</strong></span> <span class='ocrx_word' id='word_1_470' title='bbox 762 3496 849 3532; x_wconf 90' lang='lat' dir='ltr'><strong>unum</strong></span> <span class='ocrx_word' id='word_1_471' title='bbox 873 3478 1013 3550; x_wconf 87' lang='lat' dir='ltr'><strong>baptisma</strong></span> <span class='ocrx_word' id='word_1_472' title='bbox 1036 3480 1070 3537; x_wconf 87' lang='lat' dir='ltr'><strong>N.</strong></span> <span class='ocrx_word' id='word_1_473' title='bbox 1095 3481 1144 3550; x_wconf 81' lang='grc' dir='ltr'><strong>Τ.;</strong></span> <span class='ocrx_word' id='word_1_474' title='bbox 1170 3494 1252 3545; x_wconf 86' lang='lat' dir='ltr'><strong>nens,</strong></span> <span class='ocrx_word' id='word_1_475' title='bbox 1280 3485 1312 3532; x_wconf 90' lang='lat' dir='ltr'><strong>ut</strong></span> <span class='ocrx_word' id='word_1_476' title='bbox 1337 3494 1427 3549; x_wconf 86' lang='lat' dir='ltr'><strong>agnus</strong></span> <span class='ocrx_word' id='word_1_477' title='bbox 1454 3483 1570 3532; x_wconf 87' lang='lat' dir='ltr'><strong>onustus</strong></span> <span class='ocrx_word' id='word_1_478' title='bbox 1598 3477 1684 3532; x_wconf 88' lang='lat' dir='ltr'><strong>totius</strong></span> <span class='ocrx_word' id='word_1_479' title='bbox 1709 3477 1808 3530; x_wconf 90' lang='lat' dir='ltr'><strong>mundi</strong></span> <span class='ocrx_word' id='word_1_480' title='bbox 1830 3476 1953 3547; x_wconf 86' lang='lat' dir='ltr'><strong>peccatis</strong></span> <span class='ocrx_word' id='word_1_481' title='bbox 1971 3475 2008 3530; x_wconf 87' lang='lat' dir='ltr'><strong>ad</strong></span> 
     </span>
     <span class='ocr_line' id='line_1_34' title="bbox 314 3561 2008 3638; baseline 0.002 -24"><span class='ocrx_word' id='word_1_482' title='bbox 314 3568 335 3614; x_wconf 83' lang='lat'><strong>4.</strong></span> <span class='ocrx_word' id='word_1_483' title='bbox 352 3561 504 3631; x_wconf 85' lang='lat' dir='ltr'><strong>baptistam</strong></span> <span class='ocrx_word' id='word_1_484' title='bbox 527 3579 582 3617; x_wconf 92' lang='lat' dir='ltr'><strong>non</strong></span> <span class='ocrx_word' id='word_1_485' title='bbox 608 3563 695 3617; x_wconf 85' lang='lat' dir='ltr'><strong>luisse</strong></span> <span class='ocrx_word' id='word_1_486' title='bbox 718 3563 753 3620; x_wconf 88' lang='lat' dir='ltr'><strong>N.</strong></span> <span class='ocrx_word' id='word_1_487' title='bbox 771 3566 804 3622; x_wconf 81' lang='grc' dir='ltr'><strong>Τ.</strong></span> <span class='ocrx_word' id='word_1_488' title='bbox 831 3565 950 3638; x_wconf 78' lang='grc' dir='ltr'><strong><em>ἔξαρχον</em></strong></span> <span class='ocrx_word' id='word_1_489' title='bbox 967 3584 1018 3622; x_wconf 90' lang='lat' dir='ltr'><strong>nec</strong></span> <span class='ocrx_word' id='word_1_490' title='bbox 1037 3568 1143 3638; x_wconf 86' lang='lat' dir='ltr'><strong>gratiae</strong></span> <span class='ocrx_word' id='word_1_491' title='bbox 1169 3563 1337 3633; x_wconf 88' lang='lat' dir='ltr'><strong>baptismum</strong></span> <span class='ocrx_word' id='word_1_492' title='bbox 1360 3563 1548 3634; x_wconf 88' lang='lat' dir='ltr'><strong>poenitentiae</strong></span> <span class='ocrx_word' id='word_1_493' title='bbox 1569 3564 1600 3617; x_wconf 91' lang='lat' dir='ltr'><strong>in</strong></span> <span class='ocrx_word' id='word_1_494' title='bbox 1624 3562 1813 3618; x_wconf 86' lang='lat' dir='ltr'><strong>remissionem</strong></span> <span class='ocrx_word' id='word_1_495' title='bbox 1829 3569 2008 3634; x_wconf 85' lang='lat' dir='ltr'><strong>peccatorum</strong></span> 
     </span>
     <span class='ocr_line' id='line_1_35' title="bbox 314 3647 2007 3724; baseline 0.002 -22"><span class='ocrx_word' id='word_1_496' title='bbox 314 3662 343 3702; x_wconf 85' lang='lat' dir='ltr'><strong>er</strong></span> <span class='ocrx_word' id='word_1_497' title='bbox 353 3647 528 3718; x_wconf 84' lang='lat' dir='ltr'><strong>plenitudino</strong></span> <span class='ocrx_word' id='word_1_498' title='bbox 540 3649 642 3703; x_wconf 86' lang='lat' dir='ltr'><strong>Christi</strong></span> <span class='ocrx_word' id='word_1_499' title='bbox 657 3650 839 3705; x_wconf 86' lang='lat' dir='ltr'><strong>redundantis</strong></span> <span class='ocrx_word' id='word_1_500' title='bbox 852 3651 1016 3721; x_wconf 81' lang='grc' dir='ltr'><strong>ο1κονόμον;</strong></span> <span class='ocrx_word' id='word_1_501' title='bbox 1039 3660 1063 3709; x_wconf 82' lang='grc'><strong>5.</strong></span> <span class='ocrx_word' id='word_1_502' title='bbox 1078 3669 1143 3724; x_wconf 92' lang='lat' dir='ltr'><strong>apo·</strong></span> <span class='ocrx_word' id='word_1_503' title='bbox 1169 3649 1288 3704; x_wconf 85' lang='lat' dir='ltr'><strong>accessit</strong></span> <span class='ocrx_word' id='word_1_504' title='bbox 1315 3650 1478 3718; x_wconf 83' lang='lat' dir='ltr'><strong>effecturus,</strong></span> <span class='ocrx_word' id='word_1_505' title='bbox 1500 3656 1533 3703; x_wconf 89' lang='lat' dir='ltr'><strong>ut</strong></span> <span class='ocrx_word' id='word_1_506' title='bbox 1559 3666 1609 3719; x_wconf 90' lang='lat' dir='ltr'><strong>per</strong></span> <span class='ocrx_word' id='word_1_507' title='bbox 1626 3648 1696 3702; x_wconf 92' lang='lat' dir='ltr'><strong>illud</strong></span> <span class='ocrx_word' id='word_1_508' title='bbox 1717 3648 1900 3704; x_wconf 85' lang='lat' dir='ltr'><strong>ministerium</strong></span> <span class='ocrx_word' id='word_1_509' title='bbox 1918 3649 2007 3705; x_wconf 90' lang='lat' dir='ltr'><strong>omnis</strong></span> 
     </span>
     <span class='ocr_line' id='line_1_36' title="bbox 314 3733 2007 3809; baseline 0.002 -22"><span class='ocrx_word' id='word_1_510' title='bbox 314 3735 395 3789; x_wconf 86' lang='lat' dir='ltr'><strong>stolas</strong></span> <span class='ocrx_word' id='word_1_511' title='bbox 420 3752 438 3789; x_wconf 88' lang='lat' dir='ltr'><strong>a</strong></span> <span class='ocrx_word' id='word_1_512' title='bbox 459 3734 589 3790; x_wconf 75' lang='lat' dir='ltr'><strong>iohanne</strong></span> <span class='ocrx_word' id='word_1_513' title='bbox 613 3735 768 3807; x_wconf 87' lang='lat' dir='ltr'><strong>baptizatos</strong></span> <span class='ocrx_word' id='word_1_514' title='bbox 793 3755 849 3792; x_wconf 91' lang='lat' dir='ltr'><strong>non</strong></span> <span class='ocrx_word' id='word_1_515' title='bbox 868 3738 1022 3809; x_wconf 88' lang='lat' dir='ltr'><strong>suscepisse</strong></span> <span class='ocrx_word' id='word_1_516' title='bbox 1042 3739 1143 3794; x_wconf 88' lang='lat' dir='ltr'><strong>saluta·</strong></span> <span class='ocrx_word' id='word_1_517' title='bbox 1165 3735 1276 3807; x_wconf 89' lang='lat' dir='ltr'><strong>justitia</strong></span> <span class='ocrx_word' id='word_1_518' title='bbox 1299 3735 1454 3805; x_wconf 88' lang='lat' dir='ltr'><strong>impleatur.</strong></span> <span class='ocrx_word' id='word_1_519' title='bbox 1497 3734 1617 3790; x_wconf 89' lang='lat' dir='ltr'><strong>Perinde</strong></span> <span class='ocrx_word' id='word_1_520' title='bbox 1640 3741 1673 3789; x_wconf 91' lang='lat' dir='ltr'><strong>ut</strong></span> <span class='ocrx_word' id='word_1_521' title='bbox 1696 3735 1725 3788; x_wconf 93' lang='lat' dir='ltr'><strong>in</strong></span> <span class='ocrx_word' id='word_1_522' title='bbox 1748 3733 1956 3791; x_wconf 87' lang='lat' dir='ltr'><strong>circumcisione</strong></span> <span class='ocrx_word' id='word_1_523' title='bbox 1974 3752 2007 3791; x_wconf 89' lang='lat' dir='ltr'><strong>ac</strong></span> 
     </span>
     <span class='ocr_line' id='line_1_37' title="bbox 314 3819 2007 3894; baseline 0.001 -19"><span class='ocrx_word' id='word_1_524' title='bbox 314 3837 365 3874; x_wconf 77' lang='lat' dir='ltr'><strong>mm</strong></span> <span class='ocrx_word' id='word_1_525' title='bbox 395 3822 578 3893; x_wconf 85' lang='lat' dir='ltr'><strong>baptismum,</strong></span> <span class='ocrx_word' id='word_1_526' title='bbox 613 3830 663 3878; x_wconf 91' lang='lat' dir='ltr'><strong>aut</strong></span> <span class='ocrx_word' id='word_1_527' title='bbox 694 3831 841 3894; x_wconf 89' lang='lat' dir='ltr'><strong>acceptum</strong></span> <span class='ocrx_word' id='word_1_528' title='bbox 870 3824 999 3893; x_wconf 80' lang='lat' dir='ltr'><strong>iterasse;</strong></span> <span class='ocrx_word' id='word_1_529' title='bbox 1036 3832 1060 3882; x_wconf 82' lang='lat'><strong>6.</strong></span> <span class='ocrx_word' id='word_1_530' title='bbox 1087 3844 1142 3881; x_wconf 85' lang='lat' dir='ltr'><strong>non</strong></span> <span class='ocrx_word' id='word_1_531' title='bbox 1168 3821 1359 3891; x_wconf 88' lang='lat' dir='ltr'><strong>purificatione</strong></span> <span class='ocrx_word' id='word_1_532' title='bbox 1384 3821 1456 3875; x_wconf 86' lang='lat' dir='ltr'><strong>sistit</strong></span> <span class='ocrx_word' id='word_1_533' title='bbox 1483 3837 1513 3875; x_wconf 90' lang='lat' dir='ltr'><strong>se</strong></span> <span class='ocrx_word' id='word_1_534' title='bbox 1541 3819 1661 3874; x_wconf 91' lang='lat' dir='ltr'><strong>Domino</strong></span> <span class='ocrx_word' id='word_1_535' title='bbox 1687 3826 1720 3874; x_wconf 89' lang='lat' dir='ltr'><strong>ut</strong></span> <span class='ocrx_word' id='word_1_536' title='bbox 1749 3837 1853 3892; x_wconf 90' lang='lat' dir='ltr'><strong>agnum</strong></span> <span class='ocrx_word' id='word_1_537' title='bbox 1879 3830 2007 3877; x_wconf 88' lang='lat' dir='ltr'><strong>onustum</strong></span> 
     </span>
     <span class='ocr_line' id='line_1_38' title="bbox 316 3905 2009 3981; baseline 0.007 -21"><span class='ocrx_word' id='word_1_538' title='bbox 316 3923 402 3964; x_wconf 88' lang='lat' dir='ltr'><strong>omnes</strong></span> <span class='ocrx_word' id='word_1_539' title='bbox 428 3926 478 3963; x_wconf 90' lang='lat' dir='ltr'><strong>uos</strong></span> <span class='ocrx_word' id='word_1_540' title='bbox 502 3909 532 3962; x_wconf 92' lang='lat' dir='ltr'><strong>in</strong></span> <span class='ocrx_word' id='word_1_541' title='bbox 557 3927 642 3964; x_wconf 92' lang='lat' dir='ltr'><strong>uuum</strong></span> <span class='ocrx_word' id='word_1_542' title='bbox 661 3927 760 3980; x_wconf 86' lang='lat' dir='ltr'><strong>corpus</strong></span> <span class='ocrx_word' id='word_1_543' title='bbox 779 3911 924 3981; x_wconf 85' lang='lat' dir='ltr'><strong>baptisari.</strong></span> <span class='ocrx_word' id='word_1_544' title='bbox 960 3911 1142 3968; x_wconf 84' lang='lat' dir='ltr'><strong>Conncriouis</strong></span> <span class='ocrx_word' id='word_1_545' title='bbox 1168 3913 1297 3978; x_wconf 86' lang='lat' dir='ltr'><strong>peccato,</strong></span> <span class='ocrx_word' id='word_1_546' title='bbox 1320 3907 1394 3961; x_wconf 90' lang='lat' dir='ltr'><strong>uude</strong></span> <span class='ocrx_word' id='word_1_547' title='bbox 1418 3906 1447 3961; x_wconf 93' lang='lat' dir='ltr'><strong>in</strong></span> <span class='ocrx_word' id='word_1_548' title='bbox 1464 3906 1566 3977; x_wconf 89' lang='lat' dir='ltr'><strong>plurali</strong></span> <span class='ocrx_word' id='word_1_549' title='bbox 1584 3906 1757 3976; x_wconf 85' lang='lat' dir='ltr'><strong>evangelista</strong></span> <span class='ocrx_word' id='word_1_550' title='bbox 1772 3905 1908 3977; x_wconf 80' lang='lat' dir='ltr'><strong>loquitu,</strong></span> <span class='ocrx_word' id='word_1_551' title='bbox 1932 3910 2009 3977; x_wconf 70' lang='lat' dir='ltr'><strong>qvod</strong></span> 
     </span>
     <span class='ocr_line' id='line_1_39' title="bbox 315 3990 2009 4067; baseline 0.001 -21"><span class='ocrx_word' id='word_1_552' title='bbox 315 3995 379 4049; x_wconf 87' lang='lat' dir='ltr'><strong>ratio</strong></span> <span class='ocrx_word' id='word_1_553' title='bbox 398 4001 441 4049; x_wconf 86' lang='lat' dir='ltr'><strong>ast</strong></span> <span class='ocrx_word' id='word_1_554' title='bbox 456 3994 617 4062; x_wconf 78' lang='lat' dir='ltr'><strong>manifesta3</strong></span> <span class='ocrx_word' id='word_1_555' title='bbox 636 4014 708 4066; x_wconf 88' lang='lat' dir='ltr'><strong>quae</strong></span> <span class='ocrx_word' id='word_1_556' title='bbox 720 3997 793 4052; x_wconf 90' lang='lat' dir='ltr'><strong>euim</strong></span> <span class='ocrx_word' id='word_1_557' title='bbox 811 4000 932 4052; x_wconf 90' lang='lat' dir='ltr'><strong>essentia</strong></span> <span class='ocrx_word' id='word_1_558' title='bbox 950 3998 1090 4067; x_wconf 79' lang='lat' dir='ltr'><strong>differunt,</strong></span> <span class='ocrx_word' id='word_1_559' title='bbox 1111 4017 1144 4054; x_wconf 83' lang='lat' dir='ltr'><strong>ea</strong></span> <span class='ocrx_word' id='word_1_560' title='bbox 1168 3995 1301 4063; x_wconf 83' lang='lat' dir='ltr'><strong>complcti</strong></span> <span class='ocrx_word' id='word_1_561' title='bbox 1316 3992 1432 4062; x_wconf 82' lang='lat' dir='ltr'><strong>suerint</strong></span> <span class='ocrx_word' id='word_1_562' title='bbox 1456 3994 1518 4046; x_wconf 81' lang='lat' dir='ltr'><strong>dies</strong></span> <span class='ocrx_word' id='word_1_563' title='bbox 1535 3993 1718 4062; x_wconf 72' lang='lat' dir='ltr'><strong>purgationis</strong></span> <span class='ocrx_word' id='word_1_564' title='bbox 1737 3990 1836 4058; x_wconf 80' lang='grc' dir='ltr'><strong><em>αὐτῶν,</em></strong></span> <span class='ocrx_word' id='word_1_565' title='bbox 1860 3998 1889 4048; x_wconf 90' lang='lat' dir='ltr'><strong>et</strong></span> <span class='ocrx_word' id='word_1_566' title='bbox 1904 3993 2009 4048; x_wconf 84' lang='lat' dir='ltr'><strong>Mariae</strong></span> 
     </span>
     <span class='ocr_line' id='line_1_40' title="bbox 316 4077 2009 4150; baseline 0.001 -17"><span class='ocrx_word' id='word_1_567' title='bbox 316 4080 392 4134; x_wconf 80' lang='lat' dir='ltr'><strong>etam</strong></span> <span class='ocrx_word' id='word_1_568' title='bbox 416 4081 558 4150; x_wconf 86' lang='lat' dir='ltr'><strong>adjunctis</strong></span> <span class='ocrx_word' id='word_1_569' title='bbox 579 4087 608 4135; x_wconf 85' lang='lat' dir='ltr'><strong>et</strong></span> <span class='ocrx_word' id='word_1_570' title='bbox 626 4081 734 4138; x_wconf 85' lang='lat' dir='ltr'><strong>effectis</strong></span> <span class='ocrx_word' id='word_1_571' title='bbox 754 4082 894 4140; x_wconf 86' lang='lat' dir='ltr'><strong>differunt.</strong></span> <span class='ocrx_word' id='word_1_572' title='bbox 929 4084 995 4139; x_wconf 82' lang='lat' dir='ltr'><strong>darn</strong></span> <span class='ocrx_word' id='word_1_573' title='bbox 1012 4101 1077 4140; x_wconf 87' lang='lat' dir='ltr'><strong>vero</strong></span> <span class='ocrx_word' id='word_1_574' title='bbox 1095 4086 1143 4140; x_wconf 85' lang='lat' dir='ltr'><strong>ab·</strong></span> <span class='ocrx_word' id='word_1_575' title='bbox 1169 4085 1198 4134; x_wconf 83' lang='lat' dir='ltr'><strong>et</strong></span> <span class='ocrx_word' id='word_1_576' title='bbox 1224 4079 1304 4150; x_wconf 92' lang='lat' dir='ltr'><strong>pueri</strong></span> <span class='ocrx_word' id='word_1_577' title='bbox 1329 4080 1397 4136; x_wconf 82' lang='lat' dir='ltr'><strong>lesu</strong></span> <span class='ocrx_word' id='word_1_578' title='bbox 1420 4078 1488 4133; x_wconf 87' lang='lat' dir='ltr'><strong>Luc.</strong></span> <span class='ocrx_word' id='word_1_579' title='bbox 1514 4084 1544 4148; x_wconf 88' lang='lat'><strong>2,</strong></span> <span class='ocrx_word' id='word_1_580' title='bbox 1567 4096 1595 4132; x_wconf 81' lang='lat' dir='ltr'><strong>r.</strong></span> <span class='ocrx_word' id='word_1_581' title='bbox 1613 4083 1654 4134; x_wconf 86' lang='lat'><strong>22.</strong></span> <span class='ocrx_word' id='word_1_582' title='bbox 1680 4077 1756 4132; x_wconf 87' lang='lat' dir='ltr'><strong>unde</strong></span> <span class='ocrx_word' id='word_1_583' title='bbox 1773 4077 1890 4133; x_wconf 88' lang='lat' dir='ltr'><strong>ecclesia</strong></span> <span class='ocrx_word' id='word_1_584' title='bbox 1915 4079 1945 4133; x_wconf 90' lang='lat' dir='ltr'><strong>in</strong></span> <span class='ocrx_word' id='word_1_585' title='bbox 1964 4079 2009 4134; x_wconf 90' lang='lat' dir='ltr'><strong>die</strong></span> 
     </span>
     <span class='ocr_line' id='line_1_41' title="bbox 315 4164 2009 4241; baseline -0.004 -20"><span class='ocrx_word' id='word_1_586' title='bbox 315 4168 423 4221; x_wconf 85' lang='lat' dir='ltr'><strong>surdum</strong></span> <span class='ocrx_word' id='word_1_587' title='bbox 448 4172 503 4222; x_wconf 87' lang='lat' dir='ltr'><strong>est:</strong></span> <span class='ocrx_word' id='word_1_588' title='bbox 535 4174 557 4223; x_wconf 89' lang='lat'><strong>1.</strong></span> <span class='ocrx_word' id='word_1_589' title='bbox 578 4174 712 4236; x_wconf 88' lang='lat' dir='ltr'><strong>statuere,</strong></span> <span class='ocrx_word' id='word_1_590' title='bbox 736 4170 810 4241; x_wconf 87' lang='lat' dir='ltr'><strong>quod</strong></span> <span class='ocrx_word' id='word_1_591' title='bbox 835 4170 890 4224; x_wconf 90' lang='lat' dir='ltr'><strong>alio</strong></span> <span class='ocrx_word' id='word_1_592' title='bbox 908 4171 1047 4240; x_wconf 90' lang='lat' dir='ltr'><strong>baptismo</strong></span> <span class='ocrx_word' id='word_1_593' title='bbox 1066 4172 1143 4225; x_wconf 92' lang='lat' dir='ltr'><strong>Chri·</strong></span> <span class='ocrx_word' id='word_1_594' title='bbox 1168 4165 1271 4235; x_wconf 86' lang='lat' dir='ltr'><strong>Epiph.</strong></span> <span class='ocrx_word' id='word_1_595' title='bbox 1287 4166 1376 4233; x_wconf 90' lang='lat' dir='ltr'><strong>canit,</strong></span> <span class='ocrx_word' id='word_1_596' title='bbox 1406 4164 1547 4218; x_wconf 76' lang='lat' dir='ltr'><strong>Christum</strong></span> <span class='ocrx_word' id='word_1_597' title='bbox 1563 4164 1825 4234; x_wconf 60' lang='lat' dir='ltr'><strong>neumnensium,</strong></span> <span class='ocrx_word' id='word_1_598' title='bbox 1848 4173 1879 4218; x_wconf 88' lang='lat' dir='ltr'><strong>nt</strong></span> <span class='ocrx_word' id='word_1_599' title='bbox 1898 4165 2009 4219; x_wconf 78' lang='lat' dir='ltr'><strong>locaret</strong></span> 
     </span>
     <span class='ocr_line' id='line_1_42' title="bbox 313 4249 2010 4327; baseline 0.002 -20"><span class='ocrx_word' id='word_1_600' title='bbox 313 4257 374 4319; x_wconf 80' lang='lat' dir='ltr'><strong>stus,</strong></span> <span class='ocrx_word' id='word_1_601' title='bbox 394 4253 452 4308; x_wconf 86' lang='lat' dir='ltr'><strong>elio</strong></span> <span class='ocrx_word' id='word_1_602' title='bbox 467 4271 534 4308; x_wconf 78' lang='lat' dir='ltr'><strong>vero</strong></span> <span class='ocrx_word' id='word_1_603' title='bbox 551 4255 675 4309; x_wconf 92' lang='lat' dir='ltr'><strong>membra</strong></span> <span class='ocrx_word' id='word_1_604' title='bbox 692 4256 751 4324; x_wconf 88' lang='lat' dir='ltr'><strong>ejus</strong></span> <span class='ocrx_word' id='word_1_605' title='bbox 769 4255 921 4327; x_wconf 90' lang='lat' dir='ltr'><strong>tingantur,</strong></span> <span class='ocrx_word' id='word_1_606' title='bbox 939 4274 1002 4312; x_wconf 91' lang='lat' dir='ltr'><strong>cum</strong></span> <span class='ocrx_word' id='word_1_607' title='bbox 1022 4257 1144 4326; x_wconf 84' lang='lat' dir='ltr'><strong>corporis</strong></span> <span class='ocrx_word' id='word_1_608' title='bbox 1171 4261 1268 4306; x_wconf 72' lang='lat' dir='ltr'><strong>nostra</strong></span> <span class='ocrx_word' id='word_1_609' title='bbox 1284 4251 1315 4304; x_wconf 70' lang='lat' dir='ltr'><strong>ia</strong></span> <span class='ocrx_word' id='word_1_610' title='bbox 1333 4251 1610 4320; x_wconf 66' lang='lat' dir='ltr'><strong>baptismoctimina.</strong></span> <span class='ocrx_word' id='word_1_611' title='bbox 1640 4249 1808 4305; x_wconf 70' lang='lat' dir='ltr'><strong>Belltrmino</strong></span> <span class='ocrx_word' id='word_1_612' title='bbox 1830 4249 1882 4305; x_wconf 78' lang='lat' dir='ltr'><strong>hoe</strong></span> <span class='ocrx_word' id='word_1_613' title='bbox 1899 4250 2010 4307; x_wconf 76' lang='lat' dir='ltr'><strong>videtur</strong></span> 
     </span>
     <span class='ocr_line' id='line_1_43' title="bbox 312 4335 2010 4414; baseline -0.002 -22"><span class='ocrx_word' id='word_1_614' title='bbox 312 4339 420 4412; x_wconf 82' lang='lat' dir='ltr'><strong>mystici</strong></span> <span class='ocrx_word' id='word_1_615' title='bbox 440 4340 532 4394; x_wconf 85' lang='lat' dir='ltr'><strong>unitus</strong></span> <span class='ocrx_word' id='word_1_616' title='bbox 548 4342 716 4395; x_wconf 89' lang='lat' dir='ltr'><strong>eontrarium</strong></span> <span class='ocrx_word' id='word_1_617' title='bbox 740 4348 856 4397; x_wconf 88' lang='lat' dir='ltr'><strong>testetur</strong></span> <span class='ocrx_word' id='word_1_618' title='bbox 884 4359 1003 4414; x_wconf 90' lang='lat' dir='ltr'><strong>cumque</strong></span> <span class='ocrx_word' id='word_1_619' title='bbox 1028 4344 1144 4399; x_wconf 76' lang='lat' dir='ltr'><strong>eandem</strong></span> <span class='ocrx_word' id='word_1_620' title='bbox 1172 4339 1376 4407; x_wconf 79' lang='lat' dir='ltr'><strong>blasphemum,</strong></span> <span class='ocrx_word' id='word_1_621' title='bbox 1403 4355 1464 4391; x_wconf 86' lang='lat' dir='ltr'><strong>cum</strong></span> <span class='ocrx_word' id='word_1_622' title='bbox 1492 4355 1525 4391; x_wconf 86' lang='lat' dir='ltr'><strong>ea</strong></span> <span class='ocrx_word' id='word_1_623' title='bbox 1552 4353 1585 4391; x_wconf 84' lang='lat' dir='ltr'><strong>eo</strong></span> <span class='ocrx_word' id='word_1_624' title='bbox 1610 4343 1756 4406; x_wconf 67' lang='lat' dir='ltr'><strong>secamur,</strong></span> <span class='ocrx_word' id='word_1_625' title='bbox 1785 4335 1927 4391; x_wconf 80' lang='lat' dir='ltr'><strong>Christum</strong></span> <span class='ocrx_word' id='word_1_626' title='bbox 1950 4338 2010 4391; x_wconf 83' lang='lat' dir='ltr'><strong>dici</strong></span> 
     </span>
     <span class='ocr_line' id='line_1_44' title="bbox 308 4422 2009 4495; baseline -0.004 -13"><span class='ocrx_word' id='word_1_627' title='bbox 308 4425 544 4482; x_wconf 65' lang='lat' dir='ltr'><strong>circumcisionem</strong></span> <span class='ocrx_word' id='word_1_628' title='bbox 568 4444 631 4482; x_wconf 91' lang='lat' dir='ltr'><strong>cum</strong></span> <span class='ocrx_word' id='word_1_629' title='bbox 650 4428 784 4482; x_wconf 76' lang='lat' dir='ltr'><strong>Israilitis</strong></span> <span class='ocrx_word' id='word_1_630' title='bbox 803 4428 837 4484; x_wconf 87' lang='lat' dir='ltr'><strong>V.</strong></span> <span class='ocrx_word' id='word_1_631' title='bbox 857 4428 891 4484; x_wconf 83' lang='lat' dir='ltr'><strong>T.</strong></span> <span class='ocrx_word' id='word_1_632' title='bbox 910 4428 1035 4484; x_wconf 90' lang='lat' dir='ltr'><strong>Christus</strong></span> <span class='ocrx_word' id='word_1_633' title='bbox 1053 4447 1144 4485; x_wconf 83' lang='lat' dir='ltr'><strong>susce</strong></span> <span class='ocrx_word' id='word_1_634' title='bbox 1167 4442 1252 4495; x_wconf 83' lang='lat' dir='ltr'><strong>posse</strong></span> <span class='ocrx_word' id='word_1_635' title='bbox 1269 4427 1378 4494; x_wconf 82' lang='lat' dir='ltr'><strong>faram,</strong></span> <span class='ocrx_word' id='word_1_636' title='bbox 1396 4422 1580 4489; x_wconf 83' lang='lat' dir='ltr'><strong>homicidam,</strong></span> <span class='ocrx_word' id='word_1_637' title='bbox 1605 4425 1731 4493; x_wconf 70' lang='grc'><strong>00100000</strong></span> <span class='ocrx_word' id='word_1_638' title='bbox 1746 4424 1897 4477; x_wconf 67' lang='lat' dir='ltr'><strong>mnam</strong></span> <span class='ocrx_word' id='word_1_639' title='bbox 1909 4442 2009 4493; x_wconf 82' lang='lat' dir='ltr'><strong>pccca-</strong></span> 
     </span>
     <span class='ocr_line' id='line_1_45' title="bbox 303 4508 2009 4583; baseline -0.002 -16"><span class='ocrx_word' id='word_1_640' title='bbox 303 4515 394 4578; x_wconf 68' lang='lat' dir='ltr'><strong>ocrim</strong></span> <span class='ocrx_word' id='word_1_641' title='bbox 430 4518 455 4568; x_wconf 83' lang='lat'><strong>2.</strong></span> <span class='ocrx_word' id='word_1_642' title='bbox 475 4519 580 4568; x_wconf 86' lang='lat' dir='ltr'><strong>veteres</strong></span> <span class='ocrx_word' id='word_1_643' title='bbox 600 4514 724 4569; x_wconf 90' lang='lat' dir='ltr'><strong>unanimi</strong></span> <span class='ocrx_word' id='word_1_644' title='bbox 744 4531 881 4569; x_wconf 89' lang='lat' dir='ltr'><strong>consensu</strong></span> <span class='ocrx_word' id='word_1_645' title='bbox 900 4521 1039 4583; x_wconf 87' lang='lat' dir='ltr'><strong>asserunt,</strong></span> <span class='ocrx_word' id='word_1_646' title='bbox 1067 4516 1144 4570; x_wconf 89' lang='lat' dir='ltr'><strong>Chri·</strong></span> <span class='ocrx_word' id='word_1_647' title='bbox 1171 4521 1273 4574; x_wconf 84' lang='lat' dir='ltr'><strong>torcm‚</strong></span> <span class='ocrx_word' id='word_1_648' title='bbox 1298 4510 1348 4565; x_wconf 88' lang='lat' dir='ltr'><strong>sed</strong></span> <span class='ocrx_word' id='word_1_649' title='bbox 1367 4510 1401 4565; x_wconf 89' lang='lat' dir='ltr'><strong>de</strong></span> <span class='ocrx_word' id='word_1_650' title='bbox 1420 4516 1480 4566; x_wconf 89' lang='lat' dir='ltr'><strong>tota</strong></span> <span class='ocrx_word' id='word_1_651' title='bbox 1497 4509 1552 4564; x_wconf 87' lang='lat' dir='ltr'><strong>hac</strong></span> <span class='ocrx_word' id='word_1_652' title='bbox 1571 4525 1602 4564; x_wconf 90' lang='lat' dir='ltr'><strong>re</strong></span> <span class='ocrx_word' id='word_1_653' title='bbox 1618 4508 1675 4565; x_wconf 88' lang='lat' dir='ltr'><strong>luto</strong></span> <span class='ocrx_word' id='word_1_654' title='bbox 1693 4508 1811 4563; x_wconf 82' lang='lat' dir='ltr'><strong>diximus</strong></span> <span class='ocrx_word' id='word_1_655' title='bbox 1829 4510 1859 4564; x_wconf 92' lang='lat' dir='ltr'><strong>in</strong></span> <span class='ocrx_word' id='word_1_656' title='bbox 1876 4516 1955 4564; x_wconf 84' lang='lat' dir='ltr'><strong>tract.</strong></span> <span class='ocrx_word' id='word_1_657' title='bbox 1974 4508 2009 4565; x_wconf 91' lang='lat' dir='ltr'><strong>de</strong></span> 
     </span>
     <span class='ocr_line' id='line_1_46' title="bbox 302 4588 2008 4673; baseline -0.003 -17"><span class='ocrx_word' id='word_1_658' title='bbox 302 4606 380 4656; x_wconf 77' lang='lat' dir='ltr'><strong>uum</strong></span> <span class='ocrx_word' id='word_1_659' title='bbox 400 4601 576 4670; x_wconf 88' lang='lat' dir='ltr'><strong>susceptione</strong></span> <span class='ocrx_word' id='word_1_660' title='bbox 597 4601 641 4655; x_wconf 92' lang='lat' dir='ltr'><strong>sui</strong></span> <span class='ocrx_word' id='word_1_661' title='bbox 663 4600 838 4670; x_wconf 87' lang='lat' dir='ltr'><strong>baptismatis</strong></span> <span class='ocrx_word' id='word_1_662' title='bbox 863 4588 988 4656; x_wconf 85' lang='lat' dir='ltr'><strong>nostrum</strong></span> <span class='ocrx_word' id='word_1_663' title='bbox 1006 4601 1145 4672; x_wconf 86' lang='lat' dir='ltr'><strong>baptisma</strong></span> <span class='ocrx_word' id='word_1_664' title='bbox 1167 4598 1258 4668; x_wconf 88' lang='lat' dir='ltr'><strong>justif.</strong></span> <span class='ocrx_word' id='word_1_665' title='bbox 1285 4595 1314 4673; x_wconf 62' lang='grc' dir='ltr'><strong>ξ.</strong></span> <span class='ocrx_word' id='word_1_666' title='bbox 1340 4603 1399 4654; x_wconf 83' lang='grc'><strong>241.</strong></span> <span class='ocrx_word' id='word_1_667' title='bbox 1443 4597 1535 4651; x_wconf 89' lang='lat' dir='ltr'><strong>Addit</strong></span> <span class='ocrx_word' id='word_1_668' title='bbox 1555 4596 1608 4653; x_wconf 90' lang='lat' dir='ltr'><strong>hoc</strong></span> <span class='ocrx_word' id='word_1_669' title='bbox 1631 4596 1691 4651; x_wconf 89' lang='lat' dir='ltr'><strong>loco</strong></span> <span class='ocrx_word' id='word_1_670' title='bbox 1714 4595 1900 4651; x_wconf 89' lang='lat' dir='ltr'><strong>Bellarminus</strong></span> <span class='ocrx_word' id='word_1_671' title='bbox 1926 4614 2008 4668; x_wconf 90' lang='lat' dir='ltr'><strong>argu-</strong></span> 
     </span>
     <span class='ocr_line' id='line_1_47' title="bbox 298 4681 2008 4757; baseline -0.004 -15"><span class='ocrx_word' id='word_1_672' title='bbox 298 4696 494 4742; x_wconf 73' lang='lat' dir='ltr'><strong>eonsecrassc.</strong></span> <span class='ocrx_word' id='word_1_673' title='bbox 536 4687 737 4756; x_wconf 81' lang='lat' dir='ltr'><strong>Hieronymus,</strong></span> <span class='ocrx_word' id='word_1_674' title='bbox 766 4685 980 4757; x_wconf 88' lang='lat' dir='ltr'><strong>Chrysostomus</strong></span> <span class='ocrx_word' id='word_1_675' title='bbox 1010 4686 1039 4742; x_wconf 91' lang='lat' dir='ltr'><strong>in</strong></span> <span class='ocrx_word' id='word_1_676' title='bbox 1068 4706 1091 4744; x_wconf 90' lang='lat' dir='ltr'><strong>c.</strong></span> <span class='ocrx_word' id='word_1_677' title='bbox 1119 4695 1143 4744; x_wconf 85' lang='lat'><strong>3.</strong></span> <span class='ocrx_word' id='word_1_678' title='bbox 1171 4691 1310 4747; x_wconf 87' lang='lat' dir='ltr'><strong>mentum,</strong></span> <span class='ocrx_word' id='word_1_679' title='bbox 1343 4700 1398 4755; x_wconf 91' lang='lat' dir='ltr'><strong>quo</strong></span> <span class='ocrx_word' id='word_1_680' title='bbox 1432 4683 1549 4754; x_wconf 89' lang='lat' dir='ltr'><strong>probare</strong></span> <span class='ocrx_word' id='word_1_681' title='bbox 1578 4688 1706 4750; x_wconf 88' lang='lat' dir='ltr'><strong>conatur,</strong></span> <span class='ocrx_word' id='word_1_682' title='bbox 1736 4684 1829 4750; x_wconf 73' lang='lat' dir='ltr'><strong>asapia</strong></span> <span class='ocrx_word' id='word_1_683' title='bbox 1854 4681 2008 4751; x_wconf 67' lang='lat' dir='ltr'><strong>pion-iocum</strong></span> 
     </span>
     <span class='ocr_line' id='line_1_48' title="bbox 297 4762 2008 4841; baseline -0.005 -12"><span class='ocrx_word' id='word_1_684' title='bbox 297 4762 408 4829; x_wconf 73' lang='lat' dir='ltr'><strong>Mnuh.</strong></span> <span class='ocrx_word' id='word_1_685' title='bbox 446 4772 609 4828; x_wconf 86' lang='lat' dir='ltr'><strong>Ambrosius</strong></span> <span class='ocrx_word' id='word_1_686' title='bbox 627 4778 655 4827; x_wconf 88' lang='lat' dir='ltr'><strong>ct</strong></span> <span class='ocrx_word' id='word_1_687' title='bbox 672 4772 752 4826; x_wconf 90' lang='lat' dir='ltr'><strong>Beda</strong></span> <span class='ocrx_word' id='word_1_688' title='bbox 772 4772 802 4826; x_wconf 93' lang='lat' dir='ltr'><strong>in</strong></span> <span class='ocrx_word' id='word_1_689' title='bbox 820 4788 844 4826; x_wconf 89' lang='lat' dir='ltr'><strong>c.</strong></span> <span class='ocrx_word' id='word_1_690' title='bbox 864 4778 888 4828; x_wconf 84' lang='lat'><strong>3.</strong></span> <span class='ocrx_word' id='word_1_691' title='bbox 907 4774 989 4841; x_wconf 85' lang='lat' dir='ltr'><strong>Luc.;</strong></span> <span class='ocrx_word' id='word_1_692' title='bbox 1012 4776 1039 4829; x_wconf 89' lang='lat'><strong>3.</strong></span> <span class='ocrx_word' id='word_1_693' title='bbox 1058 4793 1143 4827; x_wconf 85' lang='lat' dir='ltr'><strong>unum</strong></span> <span class='ocrx_word' id='word_1_694' title='bbox 1164 4773 1260 4836; x_wconf 85' lang='lat' dir='ltr'><strong>faisse</strong></span> <span class='ocrx_word' id='word_1_695' title='bbox 1278 4770 1391 4825; x_wconf 78' lang='lat' dir='ltr'><strong>Christo</strong></span> <span class='ocrx_word' id='word_1_696' title='bbox 1417 4787 1473 4823; x_wconf 85' lang='lat' dir='ltr'><strong>non</strong></span> <span class='ocrx_word' id='word_1_697' title='bbox 1490 4769 1620 4838; x_wconf 83' lang='lat' dir='ltr'><strong>accipere</strong></span> <span class='ocrx_word' id='word_1_698' title='bbox 1637 4785 1717 4821; x_wconf 86' lang='lat' dir='ltr'><strong>saum</strong></span> <span class='ocrx_word' id='word_1_699' title='bbox 1736 4768 1901 4838; x_wconf 85' lang='lat' dir='ltr'><strong>baptismum</strong></span> <span class='ocrx_word' id='word_1_700' title='bbox 1923 4786 2008 4838; x_wconf 75' lang='lat' dir='ltr'><strong>quam</strong></span> 
     </span>
     <span class='ocr_line' id='line_1_49' title="bbox 297 4855 2007 4928; baseline -0.005 -13"><span class='ocrx_word' id='word_1_701' title='bbox 297 4872 366 4915; x_wconf 75' lang='lat' dir='ltr'><strong>esec</strong></span> <span class='ocrx_word' id='word_1_702' title='bbox 390 4861 532 4928; x_wconf 80' lang='lat' dir='ltr'><strong>baptisma</strong></span> <span class='ocrx_word' id='word_1_703' title='bbox 549 4859 583 4914; x_wconf 85' lang='lat' dir='ltr'><strong>N.</strong></span> <span class='ocrx_word' id='word_1_704' title='bbox 602 4858 635 4911; x_wconf 89' lang='grc' dir='ltr'><strong>Τ.</strong></span> <span class='ocrx_word' id='word_1_705' title='bbox 656 4859 728 4912; x_wconf 90' lang='lat' dir='ltr'><strong>sicut</strong></span> <span class='ocrx_word' id='word_1_706' title='bbox 747 4863 790 4911; x_wconf 87' lang='lat' dir='ltr'><strong>est</strong></span> <span class='ocrx_word' id='word_1_707' title='bbox 810 4877 867 4912; x_wconf 86' lang='lat' dir='ltr'><strong>una</strong></span> <span class='ocrx_word' id='word_1_708' title='bbox 877 4861 963 4925; x_wconf 85' lang='lat' dir='ltr'><strong>flolcs,</strong></span> <span class='ocrx_word' id='word_1_709' title='bbox 991 4877 1063 4912; x_wconf 86' lang='lat' dir='ltr'><strong>unus</strong></span> <span class='ocrx_word' id='word_1_710' title='bbox 1082 4863 1143 4914; x_wconf 89' lang='lat' dir='ltr'><strong>Dc·</strong></span> <span class='ocrx_word' id='word_1_711' title='bbox 1170 4857 1306 4925; x_wconf 87' lang='lat' dir='ltr'><strong>accipere.</strong></span> <span class='ocrx_word' id='word_1_712' title='bbox 1342 4858 1420 4909; x_wconf 86' lang='lat' dir='ltr'><strong>Dum</strong></span> <span class='ocrx_word' id='word_1_713' title='bbox 1437 4855 1510 4908; x_wconf 86' lang='lat' dir='ltr'><strong>enim</strong></span> <span class='ocrx_word' id='word_1_714' title='bbox 1528 4855 1696 4923; x_wconf 81' lang='lat' dir='ltr'><strong>baptismum</strong></span> <span class='ocrx_word' id='word_1_715' title='bbox 1714 4857 1826 4920; x_wconf 82' lang='lat' dir='ltr'><strong>confert</strong></span> <span class='ocrx_word' id='word_1_716' title='bbox 1843 4863 1870 4908; x_wconf 88' lang='lat' dir='ltr'><strong>ct</strong></span> <span class='ocrx_word' id='word_1_717' title='bbox 1887 4872 1944 4908; x_wconf 88' lang='lat' dir='ltr'><strong>non</strong></span> <span class='ocrx_word' id='word_1_718' title='bbox 1962 4871 2007 4907; x_wconf 92' lang='lat' dir='ltr'><strong>ac·</strong></span> 
     </span>
     <span class='ocr_line' id='line_1_50' title="bbox 296 4940 2008 5017; baseline -0.003 -17"><span class='ocrx_word' id='word_1_719' title='bbox 296 4949 416 5012; x_wconf 76' lang='lat' dir='ltr'><strong>minus,</strong></span> <span class='ocrx_word' id='word_1_720' title='bbox 444 4944 587 4999; x_wconf 73' lang='lat' dir='ltr'><strong>evidenter</strong></span> <span class='ocrx_word' id='word_1_721' title='bbox 613 4945 711 4998; x_wconf 90' lang='lat' dir='ltr'><strong>asserit</strong></span> <span class='ocrx_word' id='word_1_722' title='bbox 731 4944 873 5013; x_wconf 87' lang='lat' dir='ltr'><strong>apostolus</strong></span> <span class='ocrx_word' id='word_1_723' title='bbox 891 4943 992 5014; x_wconf 89' lang='lat' dir='ltr'><strong>Ephes.</strong></span> <span class='ocrx_word' id='word_1_724' title='bbox 1012 4951 1042 5017; x_wconf 83' lang='lat' dir='ltr'><strong>t,</strong></span> <span class='ocrx_word' id='word_1_725' title='bbox 1066 4964 1091 5001; x_wconf 87' lang='lat' dir='ltr'><strong>v.</strong></span> <span class='ocrx_word' id='word_1_726' title='bbox 1113 4954 1143 5016; x_wconf 81' lang='lat'><strong>53</strong></span> <span class='ocrx_word' id='word_1_727' title='bbox 1171 4943 1254 5011; x_wconf 85' lang='lat' dir='ltr'><strong>cipit,</strong></span> <span class='ocrx_word' id='word_1_728' title='bbox 1275 4943 1474 5012; x_wconf 84' lang='lat' dir='ltr'><strong>imperatorem</strong></span> <span class='ocrx_word' id='word_1_729' title='bbox 1497 4958 1528 4995; x_wconf 85' lang='lat' dir='ltr'><strong>ee</strong></span> <span class='ocrx_word' id='word_1_730' title='bbox 1552 4949 1578 4994; x_wconf 88' lang='lat' dir='ltr'><strong>ct</strong></span> <span class='ocrx_word' id='word_1_731' title='bbox 1598 4940 1761 5010; x_wconf 74' lang='lat' dir='ltr'><strong>principem</strong></span> <span class='ocrx_word' id='word_1_732' title='bbox 1786 4942 1870 5010; x_wconf 84' lang='lat' dir='ltr'><strong>hujus</strong></span> <span class='ocrx_word' id='word_1_733' title='bbox 1889 4941 2008 4995; x_wconf 83' lang='lat' dir='ltr'><strong>militias</strong></span> 
     </span>
     <span class='ocr_line' id='line_1_51' title="bbox 301 5027 2008 5101; baseline -0.004 -14"><span class='ocrx_word' id='word_1_734' title='bbox 301 5035 329 5088; x_wconf 80' lang='lat'><strong>4.</strong></span> <span class='ocrx_word' id='word_1_735' title='bbox 356 5031 506 5101; x_wconf 83' lang='lat' dir='ltr'><strong>Baptistae</strong></span> <span class='ocrx_word' id='word_1_736' title='bbox 530 5030 712 5084; x_wconf 88' lang='lat' dir='ltr'><strong>ministerium</strong></span> <span class='ocrx_word' id='word_1_737' title='bbox 734 5048 789 5085; x_wconf 93' lang='lat' dir='ltr'><strong>non</strong></span> <span class='ocrx_word' id='word_1_738' title='bbox 814 5030 963 5097; x_wconf 84' lang='lat' dir='ltr'><strong>advetus,</strong></span> <span class='ocrx_word' id='word_1_739' title='bbox 996 5032 1070 5101; x_wconf 89' lang='lat' dir='ltr'><strong>quod</strong></span> <span class='ocrx_word' id='word_1_740' title='bbox 1091 5033 1146 5087; x_wconf 88' lang='lat' dir='ltr'><strong>fuit</strong></span> <span class='ocrx_word' id='word_1_741' title='bbox 1171 5030 1305 5092; x_wconf 82' lang='lat' dir='ltr'><strong>ostendit,</strong></span> <span class='ocrx_word' id='word_1_742' title='bbox 1328 5029 1432 5097; x_wconf 80' lang='lat' dir='ltr'><strong>quippe</strong></span> <span class='ocrx_word' id='word_1_743' title='bbox 1451 5029 1499 5097; x_wconf 78' lang='lat' dir='ltr'><strong>qui</strong></span> <span class='ocrx_word' id='word_1_744' title='bbox 1517 5028 1707 5082; x_wconf 78' lang='lat' dir='ltr'><strong>characterem</strong></span> <span class='ocrx_word' id='word_1_745' title='bbox 1724 5045 1803 5082; x_wconf 68' lang='lat' dir='ltr'><strong>mum</strong></span> <span class='ocrx_word' id='word_1_746' title='bbox 1821 5027 1852 5080; x_wconf 87' lang='lat' dir='ltr'><strong>in</strong></span> <span class='ocrx_word' id='word_1_747' title='bbox 1870 5027 1938 5080; x_wconf 86' lang='lat' dir='ltr'><strong>aliis</strong></span> <span class='ocrx_word' id='word_1_748' title='bbox 1955 5029 2008 5081; x_wconf 84' lang='lat' dir='ltr'><strong>ins·</strong></span> 
     </span>
     <span class='ocr_line' id='line_1_52' title="bbox 300 5114 2007 5188; baseline -0.002 -17"><span class='ocrx_word' id='word_1_749' title='bbox 300 5122 419 5188; x_wconf 80' lang='lat' dir='ltr'><strong>tompus</strong></span> <span class='ocrx_word' id='word_1_750' title='bbox 442 5116 615 5179; x_wconf 86' lang='lat' dir='ltr'><strong>umbrarum,</strong></span> <span class='ocrx_word' id='word_1_751' title='bbox 640 5116 689 5170; x_wconf 88' lang='lat' dir='ltr'><strong>sed</strong></span> <span class='ocrx_word' id='word_1_752' title='bbox 708 5117 743 5170; x_wconf 93' lang='lat' dir='ltr'><strong>ad</strong></span> <span class='ocrx_word' id='word_1_753' title='bbox 763 5115 797 5172; x_wconf 90' lang='lat' dir='ltr'><strong>N.</strong></span> <span class='ocrx_word' id='word_1_754' title='bbox 816 5116 850 5172; x_wconf 86' lang='lat' dir='ltr'><strong>T.</strong></span> <span class='ocrx_word' id='word_1_755' title='bbox 868 5117 1007 5187; x_wconf 85' lang='lat' dir='ltr'><strong>pertinere</strong></span> <span class='ocrx_word' id='word_1_756' title='bbox 1025 5120 1144 5175; x_wconf 90' lang='lat' dir='ltr'><strong>ostendi·</strong></span> <span class='ocrx_word' id='word_1_757' title='bbox 1167 5116 1277 5185; x_wconf 74' lang='lat' dir='ltr'><strong>primu,</strong></span> <span class='ocrx_word' id='word_1_758' title='bbox 1295 5121 1326 5168; x_wconf 91' lang='lat' dir='ltr'><strong>at</strong></span> <span class='ocrx_word' id='word_1_759' title='bbox 1342 5116 1370 5168; x_wconf 84' lang='lat' dir='ltr'><strong>si</strong></span> <span class='ocrx_word' id='word_1_760' title='bbox 1386 5115 1537 5183; x_wconf 85' lang='lat' dir='ltr'><strong>acciperet,</strong></span> <span class='ocrx_word' id='word_1_761' title='bbox 1555 5114 1696 5167; x_wconf 85' lang='lat' dir='ltr'><strong>uideretur</strong></span> <span class='ocrx_word' id='word_1_762' title='bbox 1715 5115 1799 5167; x_wconf 85' lang='lat' dir='ltr'><strong>ctiam</strong></span> <span class='ocrx_word' id='word_1_763' title='bbox 1820 5114 1881 5182; x_wconf 87' lang='lat' dir='ltr'><strong>ipsc</strong></span> <span class='ocrx_word' id='word_1_764' title='bbox 1898 5116 1939 5167; x_wconf 84' lang='lat' dir='ltr'><strong>ad</strong></span> <span class='ocrx_word' id='word_1_765' title='bbox 1957 5115 2007 5167; x_wconf 88' lang='lat' dir='ltr'><strong>mi·</strong></span> 
     </span>
     <span class='ocr_line' id='line_1_53' title="bbox 304 5199 2007 5274; baseline -0.003 -13"><span class='ocrx_word' id='word_1_766' title='bbox 304 5219 369 5261; x_wconf 85' lang='lat' dir='ltr'><strong>mus</strong></span> <span class='ocrx_word' id='word_1_767' title='bbox 397 5204 428 5257; x_wconf 91' lang='lat' dir='ltr'><strong>in</strong></span> <span class='ocrx_word' id='word_1_768' title='bbox 453 5208 575 5257; x_wconf 87' lang='lat' dir='ltr'><strong>tractatu</strong></span> <span class='ocrx_word' id='word_1_769' title='bbox 595 5202 630 5257; x_wconf 89' lang='lat' dir='ltr'><strong>de</strong></span> <span class='ocrx_word' id='word_1_770' title='bbox 649 5210 822 5257; x_wconf 87' lang='lat' dir='ltr'><strong>sacramanto</strong></span> <span class='ocrx_word' id='word_1_771' title='bbox 840 5206 868 5258; x_wconf 90' lang='lat' dir='ltr'><strong>ct</strong></span> <span class='ocrx_word' id='word_1_772' title='bbox 886 5204 917 5257; x_wconf 93' lang='lat' dir='ltr'><strong>in</strong></span> <span class='ocrx_word' id='word_1_773' title='bbox 937 5203 990 5258; x_wconf 90' lang='lat' dir='ltr'><strong>hoa</strong></span> <span class='ocrx_word' id='word_1_774' title='bbox 1009 5203 1071 5274; x_wconf 86' lang='lat' dir='ltr'><strong>ipso</strong></span> <span class='ocrx_word' id='word_1_775' title='bbox 1090 5211 1144 5260; x_wconf 84' lang='lat' dir='ltr'><strong>tra·</strong></span> <span class='ocrx_word' id='word_1_776' title='bbox 1171 5203 1264 5255; x_wconf 83' lang='lat' dir='ltr'><strong>litium</strong></span> <span class='ocrx_word' id='word_1_777' title='bbox 1281 5201 1407 5256; x_wconf 74' lang='lat' dir='ltr'><strong>cosmidi.</strong></span> <span class='ocrx_word' id='word_1_778' title='bbox 1441 5199 1664 5269; x_wconf 83' lang='lat' dir='ltr'><strong>Respondemus:</strong></span> <span class='ocrx_word' id='word_1_779' title='bbox 1682 5200 1808 5271; x_wconf 89' lang='lat' dir='ltr'><strong>procedit</strong></span> <span class='ocrx_word' id='word_1_780' title='bbox 1824 5199 1893 5255; x_wconf 86' lang='lat' dir='ltr'><strong>haec</strong></span> <span class='ocrx_word' id='word_1_781' title='bbox 1913 5200 2007 5256; x_wconf 91' lang='lat' dir='ltr'><strong>simili·</strong></span> 
     </span>
     <span class='ocr_line' id='line_1_54' title="bbox 305 5285 2008 5363; baseline -0.004 -17"><span class='ocrx_word' id='word_1_782' title='bbox 305 5301 384 5346; x_wconf 86' lang='lat' dir='ltr'><strong>ctatu</strong></span> <span class='ocrx_word' id='word_1_783' title='bbox 418 5285 447 5363; x_wconf 64' lang='grc' dir='ltr'><strong>ξ.</strong></span> <span class='ocrx_word' id='word_1_784' title='bbox 477 5295 516 5344; x_wconf 80' lang='lat' dir='ltr'><strong>l&#39;s.</strong></span> <span class='ocrx_word' id='word_1_785' title='bbox 560 5296 585 5343; x_wconf 82' lang='lat'><strong>5.</strong></span> <span class='ocrx_word' id='word_1_786' title='bbox 607 5287 756 5357; x_wconf 43' lang='lat' dir='ltr'><strong>apostolos.</strong></span> <span class='ocrx_word' id='word_1_787' title='bbox 776 5288 945 5359; x_wconf 89' lang='lat' dir='ltr'><strong>baptismum</strong></span> <span class='ocrx_word' id='word_1_788' title='bbox 972 5307 989 5342; x_wconf 89' lang='lat' dir='ltr'><strong>a</strong></span> <span class='ocrx_word' id='word_1_789' title='bbox 1016 5291 1146 5347; x_wconf 87' lang='lat' dir='ltr'><strong>Johanne</strong></span> <span class='ocrx_word' id='word_1_790' title='bbox 1171 5289 1240 5343; x_wconf 89' lang='lat' dir='ltr'><strong>tudo</strong></span> <span class='ocrx_word' id='word_1_791' title='bbox 1263 5304 1296 5343; x_wconf 88' lang='lat' dir='ltr'><strong>ex</strong></span> <span class='ocrx_word' id='word_1_792' title='bbox 1325 5286 1473 5357; x_wconf 90' lang='lat' dir='ltr'><strong>hypothesi</strong></span> <span class='ocrx_word' id='word_1_793' title='bbox 1497 5285 1743 5354; x_wconf 74' lang='lat' dir='ltr'><strong>scholasticorum,</strong></span> <span class='ocrx_word' id='word_1_794' title='bbox 1766 5285 1815 5356; x_wconf 93' lang='lat' dir='ltr'><strong>qui</strong></span> <span class='ocrx_word' id='word_1_795' title='bbox 1834 5301 1885 5354; x_wconf 89' lang='lat' dir='ltr'><strong>per</strong></span> <span class='ocrx_word' id='word_1_796' title='bbox 1902 5286 2008 5356; x_wconf 87' lang='lat' dir='ltr'><strong>baptis-</strong></span> 
     </span>
     <span class='ocr_line' id='line_1_55' title="bbox 308 5371 2007 5446; baseline 0.002 -16"><span class='ocrx_word' id='word_1_797' title='bbox 308 5381 470 5446; x_wconf 87' lang='lat' dir='ltr'><strong>susccptum</strong></span> <span class='ocrx_word' id='word_1_798' title='bbox 495 5375 610 5430; x_wconf 89' lang='lat' dir='ltr'><strong>iterasse</strong></span> <span class='ocrx_word' id='word_1_799' title='bbox 642 5391 697 5428; x_wconf 92' lang='lat' dir='ltr'><strong>non</strong></span> <span class='ocrx_word' id='word_1_800' title='bbox 726 5380 818 5443; x_wconf 86' lang='lat' dir='ltr'><strong>potest</strong></span> <span class='ocrx_word' id='word_1_801' title='bbox 847 5373 954 5429; x_wconf 88' lang='lat' dir='ltr'><strong>idoneis</strong></span> <span class='ocrx_word' id='word_1_802' title='bbox 978 5377 1143 5431; x_wconf 83' lang='lat' dir='ltr'><strong>testimoniis</strong></span> <span class='ocrx_word' id='word_1_803' title='bbox 1172 5391 1248 5427; x_wconf 91' lang='lat' dir='ltr'><strong>mum</strong></span> <span class='ocrx_word' id='word_1_804' title='bbox 1259 5373 1447 5427; x_wconf 88' lang='lat' dir='ltr'><strong>characterem</strong></span> <span class='ocrx_word' id='word_1_805' title='bbox 1466 5373 1605 5444; x_wconf 82' lang='lat' dir='ltr'><strong>quendam</strong></span> <span class='ocrx_word' id='word_1_806' title='bbox 1624 5373 1732 5426; x_wconf 88' lang='lat' dir='ltr'><strong>animae</strong></span> <span class='ocrx_word' id='word_1_807' title='bbox 1748 5371 1861 5441; x_wconf 89' lang='lat' dir='ltr'><strong>inprimi</strong></span> <span class='ocrx_word' id='word_1_808' title='bbox 1873 5377 2007 5433; x_wconf 72' lang='lat' dir='ltr'><strong>statuunt.</strong></span> 
     </span>
     <span class='ocr_line' id='line_1_56' title="bbox 311 5447 2005 5530; baseline -0.004 -13"><span class='ocrx_word' id='word_1_809' title='bbox 311 5461 480 5525; x_wconf 67' lang='lat' dir='ltr'><strong>confirmem</strong></span> <span class='ocrx_word' id='word_1_810' title='bbox 511 5464 537 5516; x_wconf 85' lang='grc'><strong>6.</strong></span> <span class='ocrx_word' id='word_1_811' title='bbox 556 5478 607 5514; x_wconf 83' lang='lat' dir='ltr'><strong>nos</strong></span> <span class='ocrx_word' id='word_1_812' title='bbox 625 5477 718 5513; x_wconf 82' lang='lat' dir='ltr'><strong>omncs</strong></span> <span class='ocrx_word' id='word_1_813' title='bbox 736 5461 765 5512; x_wconf 87' lang='lat' dir='ltr'><strong>in</strong></span> <span class='ocrx_word' id='word_1_814' title='bbox 785 5478 840 5514; x_wconf 88' lang='lat' dir='ltr'><strong>uno</strong></span> <span class='ocrx_word' id='word_1_815' title='bbox 860 5459 986 5528; x_wconf 83' lang='lat' dir='ltr'><strong>Spiritu,</strong></span> <span class='ocrx_word' id='word_1_816' title='bbox 1009 5463 1039 5515; x_wconf 89' lang='lat' dir='ltr'><strong>in</strong></span> <span class='ocrx_word' id='word_1_817' title='bbox 1059 5482 1144 5516; x_wconf 72' lang='lat' dir='ltr'><strong>renum</strong></span> <span class='ocrx_word' id='word_1_818' title='bbox 1155 5447 1159 5527; x_wconf 72' lang='lat' dir='ltr'><strong>i</strong></span> <span class='ocrx_word' id='word_1_819' title='bbox 1172 5461 1207 5514; x_wconf 89' lang='lat' dir='ltr'><strong>de</strong></span> <span class='ocrx_word' id='word_1_820' title='bbox 1225 5477 1282 5530; x_wconf 91' lang='lat' dir='ltr'><strong>qua</strong></span> <span class='ocrx_word' id='word_1_821' title='bbox 1297 5476 1326 5514; x_wconf 89' lang='lat' dir='ltr'><strong>re</strong></span> <span class='ocrx_word' id='word_1_822' title='bbox 1344 5459 1413 5530; x_wconf 90' lang='lat' dir='ltr'><strong>quid</strong></span> <span class='ocrx_word' id='word_1_823' title='bbox 1430 5459 1608 5514; x_wconf 87' lang='lat' dir='ltr'><strong>statuendum</strong></span> <span class='ocrx_word' id='word_1_824' title='bbox 1625 5458 1670 5523; x_wconf 92' lang='lat' dir='ltr'><strong>sit,</strong></span> <span class='ocrx_word' id='word_1_825' title='bbox 1687 5456 1862 5527; x_wconf 85' lang='lat' dir='ltr'><strong>exposuimus</strong></span> <span class='ocrx_word' id='word_1_826' title='bbox 1875 5476 1924 5513; x_wconf 92' lang='lat' dir='ltr'><strong>suo</strong></span> <span class='ocrx_word' id='word_1_827' title='bbox 1935 5458 2005 5513; x_wconf 92' lang='lat' dir='ltr'><strong>loco.</strong></span> 
     </span>
     <span class='ocr_line' id='line_1_57' title="bbox 310 5544 2006 5618; baseline -0.003 -15"><span class='ocrx_word' id='word_1_828' title='bbox 310 5567 410 5618; x_wconf 74' lang='lat' dir='ltr'><strong>corpus</strong></span> <span class='ocrx_word' id='word_1_829' title='bbox 430 5548 569 5617; x_wconf 67' lang='lat' dir='ltr'><strong>baptisari</strong></span> <span class='ocrx_word' id='word_1_830' title='bbox 586 5551 703 5602; x_wconf 86' lang='lat' dir='ltr'><strong>testatur</strong></span> <span class='ocrx_word' id='word_1_831' title='bbox 721 5545 861 5616; x_wconf 86' lang='lat' dir='ltr'><strong>apostolus</strong></span> <span class='ocrx_word' id='word_1_832' title='bbox 885 5544 976 5600; x_wconf 77' lang='lat' dir='ltr'><strong>hCos.</strong></span> <span class='ocrx_word' id='word_1_833' title='bbox 1000 5553 1039 5614; x_wconf 89' lang='lat'><strong>12,</strong></span> <span class='ocrx_word' id='word_1_834' title='bbox 1057 5567 1083 5602; x_wconf 85' lang='lat' dir='ltr'><strong>v.</strong></span> <span class='ocrx_word' id='word_1_835' title='bbox 1104 5555 1143 5604; x_wconf 84' lang='grc'><strong>13.</strong></span> <span class='ocrx_word' id='word_1_836' title='bbox 1172 5545 1310 5616; x_wconf 85' lang='lat' dir='ltr'><strong>Quicquid</strong></span> <span class='ocrx_word' id='word_1_837' title='bbox 1339 5553 1432 5600; x_wconf 78' lang='lat' dir='ltr'><strong>eutem</strong></span> <span class='ocrx_word' id='word_1_838' title='bbox 1462 5551 1498 5599; x_wconf 91' lang='lat' dir='ltr'><strong>sit</strong></span> <span class='ocrx_word' id='word_1_839' title='bbox 1527 5545 1561 5600; x_wconf 90' lang='lat' dir='ltr'><strong>de</strong></span> <span class='ocrx_word' id='word_1_840' title='bbox 1590 5545 1637 5598; x_wconf 93' lang='lat' dir='ltr'><strong>illo</strong></span> <span class='ocrx_word' id='word_1_841' title='bbox 1672 5544 1846 5610; x_wconf 88' lang='lat' dir='ltr'><strong>charactere,</strong></span> <span class='ocrx_word' id='word_1_842' title='bbox 1875 5545 2006 5614; x_wconf 88' lang='lat' dir='ltr'><strong>quemad·</strong></span> 
     </span>
     <span class='ocr_line' id='line_1_58' title="bbox 309 5629 2008 5721; baseline -0.002 -31"><span class='ocrx_word' id='word_1_843' title='bbox 309 5634 488 5707; x_wconf 86' lang='lat' dir='ltr'><strong>Relinquitur</strong></span> <span class='ocrx_word' id='word_1_844' title='bbox 507 5650 582 5704; x_wconf 86' lang='lat' dir='ltr'><strong>ergo,</strong></span> <span class='ocrx_word' id='word_1_845' title='bbox 602 5634 677 5704; x_wconf 87' lang='lat' dir='ltr'><strong>quod</strong></span> <span class='ocrx_word' id='word_1_846' title='bbox 694 5633 848 5702; x_wconf 90' lang='lat' dir='ltr'><strong>baptismus</strong></span> <span class='ocrx_word' id='word_1_847' title='bbox 858 5630 995 5686; x_wconf 73' lang='lat' dir='ltr'><strong>iohannis</strong></span> <span class='ocrx_word' id='word_1_848' title='bbox 1015 5636 1052 5688; x_wconf 89' lang='lat' dir='ltr'><strong>sit</strong></span> <span class='ocrx_word' id='word_1_849' title='bbox 1070 5635 1144 5692; x_wconf 86' lang='lat' dir='ltr'><strong>idem</strong></span> <span class='ocrx_word' id='word_1_850' title='bbox 1156 5654 1159 5721; x_wconf 51' lang='lat' dir='ltr'><strong>i</strong></span> <span class='ocrx_word' id='word_1_851' title='bbox 1171 5633 1284 5687; x_wconf 92' lang='lat' dir='ltr'><strong>modum</strong></span> <span class='ocrx_word' id='word_1_852' title='bbox 1309 5632 1413 5703; x_wconf 86' lang='lat' dir='ltr'><strong>gloriae</strong></span> <span class='ocrx_word' id='word_1_853' title='bbox 1438 5629 1539 5686; x_wconf 89' lang='lat' dir='ltr'><strong>Christi</strong></span> <span class='ocrx_word' id='word_1_854' title='bbox 1568 5631 1637 5685; x_wconf 92' lang='lat' dir='ltr'><strong>nihil</strong></span> <span class='ocrx_word' id='word_1_855' title='bbox 1659 5630 1785 5692; x_wconf 86' lang='lat' dir='ltr'><strong>decedit,</strong></span> <span class='ocrx_word' id='word_1_856' title='bbox 1813 5631 1837 5685; x_wconf 88' lang='lat' dir='ltr'><strong>si</strong></span> <span class='ocrx_word' id='word_1_857' title='bbox 1860 5637 2008 5696; x_wconf 87' lang='lat' dir='ltr'><strong>statuatur,</strong></span> 
     </span>
     <span class='ocr_line' id='line_1_59' title="bbox 309 5716 2007 5790; baseline -0.002 -13"><span class='ocrx_word' id='word_1_858' title='bbox 309 5728 513 5778; x_wconf 87' lang='lat' dir='ltr'><strong>sacramentum</strong></span> <span class='ocrx_word' id='word_1_859' title='bbox 532 5737 594 5774; x_wconf 92' lang='lat' dir='ltr'><strong>cum</strong></span> <span class='ocrx_word' id='word_1_860' title='bbox 614 5720 752 5788; x_wconf 86' lang='lat' dir='ltr'><strong>baptismo</strong></span> <span class='ocrx_word' id='word_1_861' title='bbox 769 5718 968 5788; x_wconf 89' lang='lat' dir='ltr'><strong>apostolorum.</strong></span> <span class='ocrx_word' id='word_1_862' title='bbox 1172 5719 1247 5790; x_wconf 91' lang='lat' dir='ltr'><strong>quod</strong></span> <span class='ocrx_word' id='word_1_863' title='bbox 1273 5719 1358 5772; x_wconf 90' lang='lat' dir='ltr'><strong>simus</strong></span> <span class='ocrx_word' id='word_1_864' title='bbox 1382 5719 1456 5788; x_wconf 87' lang='lat' dir='ltr'><strong>ejus,</strong></span> <span class='ocrx_word' id='word_1_865' title='bbox 1480 5725 1612 5790; x_wconf 68' lang='lat' dir='ltr'><strong>uuquam</strong></span> <span class='ocrx_word' id='word_1_866' title='bbox 1631 5716 1729 5786; x_wconf 89' lang='lat' dir='ltr'><strong>capitis</strong></span> <span class='ocrx_word' id='word_1_867' title='bbox 1747 5717 1834 5771; x_wconf 91' lang='lat' dir='ltr'><strong>nostri</strong></span> <span class='ocrx_word' id='word_1_868' title='bbox 1847 5717 1876 5772; x_wconf 92' lang='lat' dir='ltr'><strong>in</strong></span> <span class='ocrx_word' id='word_1_869' title='bbox 1893 5735 2007 5788; x_wconf 88' lang='lat' dir='ltr'><strong>corpore</strong></span> 
     </span>
     <span class='ocr_line' id='line_1_60' title="bbox 265 5801 2007 5898; baseline -0.003 -33"><span class='ocrx_word' id='word_1_870' title='bbox 265 5801 295 5898; x_wconf 54' lang='grc'><strong>31·</strong></span> <span class='ocrx_word' id='word_1_871' title='bbox 341 5817 384 5866; x_wconf 82' lang='grc'><strong>50.</strong></span> <span class='ocrx_word' id='word_1_872' title='bbox 420 5807 608 5863; x_wconf 87' lang='lat' dir='ltr'><strong>Bellarmiuus</strong></span> <span class='ocrx_word' id='word_1_873' title='bbox 639 5807 759 5877; x_wconf 83' lang='lat' dir='ltr'><strong>excipit,</strong></span> <span class='ocrx_word' id='word_1_874' title='bbox 791 5810 814 5861; x_wconf 92' lang='lat'><strong>1.</strong></span> <span class='ocrx_word' id='word_1_875' title='bbox 843 5804 1008 5872; x_wconf 82' lang='lat' dir='ltr'><strong>baptismum</strong></span> <span class='ocrx_word' id='word_1_876' title='bbox 1039 5803 1147 5857; x_wconf 78' lang='lat' dir='ltr'><strong>Christi</strong></span> <span class='ocrx_word' id='word_1_877' title='bbox 1173 5804 1305 5875; x_wconf 88' lang='lat' dir='ltr'><strong>mystico,</strong></span> <span class='ocrx_word' id='word_1_878' title='bbox 1329 5805 1467 5875; x_wconf 78' lang='lat' dir='ltr'><strong>membra3</strong></span> <span class='ocrx_word' id='word_1_879' title='bbox 1496 5805 1536 5859; x_wconf 91' lang='lat' dir='ltr'><strong>ita</strong></span> <span class='ocrx_word' id='word_1_880' title='bbox 1557 5821 1668 5875; x_wconf 87' lang='lat' dir='ltr'><strong>quoque</strong></span> <span class='ocrx_word' id='word_1_881' title='bbox 1691 5819 1748 5858; x_wconf 89' lang='lat' dir='ltr'><strong>nou</strong></span> <span class='ocrx_word' id='word_1_882' title='bbox 1770 5803 1861 5859; x_wconf 90' lang='lat' dir='ltr'><strong>miuus</strong></span> <span class='ocrx_word' id='word_1_883' title='bbox 1879 5804 1931 5875; x_wconf 89' lang='lat' dir='ltr'><strong>ipsi</strong></span> <span class='ocrx_word' id='word_1_884' title='bbox 1948 5805 2007 5875; x_wconf 87' lang='lat' dir='ltr'><strong>glo-</strong></span> 
     </span>
     <span class='ocr_line' id='line_1_61' title="bbox 265 5889 2006 5969; baseline -0.002 -20"><span class='ocrx_word' id='word_1_885' title='bbox 265 5912 271 5954; x_wconf 72' lang='grc' dir='ltr'>ι,</span> <span class='ocrx_word' id='word_1_886' title='bbox 304 5897 363 5969; x_wconf 82' lang='lat' dir='ltr'><strong>ipsi</strong></span> <span class='ocrx_word' id='word_1_887' title='bbox 382 5893 498 5948; x_wconf 74' lang='lat' dir='ltr'><strong>Christo</strong></span> <span class='ocrx_word' id='word_1_888' title='bbox 513 5895 558 5948; x_wconf 84' lang='lat' dir='ltr'><strong>uia</strong></span> <span class='ocrx_word' id='word_1_889' title='bbox 576 5895 664 5949; x_wconf 85' lang='lat' dir='ltr'><strong>tribui</strong></span> <span class='ocrx_word' id='word_1_890' title='bbox 677 5910 763 5965; x_wconf 84' lang='lat' dir='ltr'><strong>posse</strong></span> <span class='ocrx_word' id='word_1_891' title='bbox 781 5893 842 5949; x_wconf 71' lang='lat' dir='ltr'><strong>aaa</strong></span> <span class='ocrx_word' id='word_1_892' title='bbox 859 5892 921 5961; x_wconf 78' lang='lat' dir='ltr'><strong>cjscs</strong></span> <span class='ocrx_word' id='word_1_893' title='bbox 941 5889 1063 5960; x_wconf 70' lang='lat' dir='ltr'><strong>iniuria,</strong></span> <span class='ocrx_word' id='word_1_894' title='bbox 1082 5908 1145 5945; x_wconf 82' lang='lat' dir='ltr'><strong>cam</strong></span> <span class='ocrx_word' id='word_1_895' title='bbox 1172 5891 1385 5962; x_wconf 70' lang='grc' dir='ltr'><strong>0100001,οιοἀ</strong></span> <span class='ocrx_word' id='word_1_896' title='bbox 1408 5891 1488 5947; x_wconf 70' lang='lat' dir='ltr'><strong>adut</strong></span> <span class='ocrx_word' id='word_1_897' title='bbox 1516 5890 1571 5946; x_wconf 84' lang='lat' dir='ltr'><strong>dux</strong></span> <span class='ocrx_word' id='word_1_898' title='bbox 1596 5895 1625 5947; x_wconf 88' lang='lat' dir='ltr'><strong>ct</strong></span> <span class='ocrx_word' id='word_1_899' title='bbox 1641 5890 1772 5962; x_wconf 84' lang='lat' dir='ltr'><strong>princeps</strong></span> <span class='ocrx_word' id='word_1_900' title='bbox 1789 5889 1940 5962; x_wconf 84' lang='lat' dir='ltr'><strong>spiritualis</strong></span> <span class='ocrx_word' id='word_1_901' title='bbox 1956 5891 2006 5946; x_wconf 86' lang='lat' dir='ltr'><strong>mi-</strong></span> 
     </span>
    </p>
   </div>
   <div class='ocr_carea' id='block_1_3' title="bbox 0 0 2408 6659">
    <p class='ocr_par' dir='ltr' id='par_1_3' title="bbox 0 0 2408 6659">
     <span class='ocr_line' id='line_1_62' title="bbox 0 0 2408 6659; baseline 0 0"><span class='ocrx_word' id='word_1_902' title='bbox 0 0 2408 6659; x_wconf 95' lang='lat' dir='ltr'><strong> </strong></span> 
     </span>
    </p>
   </div>
  </div>
 </body>
</html>
