4800 6659
959 617 1011 672 DE
1030 614 1144 672 BONIS
1163 614 1360 673 OPERIBUS.
1410 639 1412 644 ·
1968 625 1971 635 '
1996 626 2012 679 7

312 770 417 825 tionem
434 770 612 827 credentibus
632 772 740 836 datum,
762 773 886 828 remissio
905 771 1100 845 peccatorum,
1124 776 1153 827 ct
1180 775 1331 842 antequam
1362 787 1455 826 semen
1484 769 1540 826 illis
1574 770 1763 826 committatur
1801 778 1887 841 atque
1915 769 1944 824 in
1975 768 2015 823 cis

316 855 428 911 donatio
446 855 565 926 Spiritus
585 858 689 927 sancti,
716 859 764 929 qui
787 860 824 914 ad
842 860 931 915 omnis
948 858 1058 930 generis
1076 858 1151 913 bona
1179 856 1342 920 fructificem
1368 857 1407 911 ita
1430 875 1540 929 quoque
1559 874 1609 928 per
1625 857 1859 928 praedicationem
1879 856 1952 927 legis
1969 871 2015 910 ex·

316 959 400 1012 opera
424 948 536 998 renatos
561 943 692 1014 impellit,
717 945 766 999 sed
791 953 937 1015 propterea
964 963 1020 999 non
1049 944 1153 999 debent
1180 942 1282 998 citatur
1303 943 1331 996 in
1356 943 1484 998 cordibus
1507 943 1647 998 hominum
1671 961 1736 999 vera
1756 943 1885 998 contritio
1909 959 1944 996 ac
1961 941 2015 1011 spi-

314 1035 365 1083 aut
380 1036 499 1098 possum
515 1029 590 1086 bona
607 1047 693 1100 opera
707 1037 865 1086 renatorum
883 1032 977 1086 statim
994 1030 1050 1085 dici
1068 1046 1153 1099 opere
1179 1045 1233 1082 nae
1263 1030 1429 1084 exteriorum
1459 1029 1637 1095 delictorum,
1674 1046 1744 1101 quae
1773 1028 2015 1084 fructificationem
2070 1052 2074 1058 ·

314 1115 467 1186 evangelii,
493 1115 545 1169 nisi
568 1134 618 1185 per
644 1118 783 1188 quandam
810 1117 999 1192 ἀκορολογίαν
1023 1121 1152 1172 accurate
1179 1114 1256 1168 verbi
1282 1113 1451 1185 impediunt,
1477 1114 1646 1184 evelluntur,
1675 1121 1707 1170 ut
1731 1115 1767 1169 ad
1791 1115 1879 1170 omnis
1905 1111 2015 1185 generis

315 1202 512 1256 declarandam
539 1218 572 1255 ac
590 1210 702 1272 propter
722 1203 837 1257 insidias
856 1204 1076 1259 adversariorum
1097 1202 1151 1256 evi·
1179 1198 1253 1252 bona
1277 1216 1361 1269 opera
1384 1199 1550 1269 proferenda
1569 1200 1689 1255 coeleste
1710 1199 1780 1254 illud
1804 1216 1898 1254 semen
1920 1197 2016 1253 fovea-

314 1289 431 1357 tandas,
460 1306 496 1343 ne
519 1290 644 1344 confusio
663 1290 733 1361 legis
754 1297 783 1346 ct
801 1292 938 1363 evangelii
956 1291 1150 1346 introducatur
1180 1289 1233 1339 tur.
1269 1284 1338 1340 Luc.
1358 1292 1428 1375 ⁸2&
1452 1292 1498 1341 15:
1519 1286 1628 1355 Semeu,
1647 1289 1725 1356 quod
1742 1288 1773 1340 irs
1790 1296 1898 1341 terram
1915 1286 2014 1338 bonam

314 1381 398 1444 atque
424 1374 572 1445 integritas
601 1376 709 1431 articuli
741 1378 777 1432 de
806 1377 930 1448 gratuita
953 1376 1153 1446 justificatione
1180 1389 1326 1440 sparsum,
1346 1373 1771 1442 61ιαα1,οια“ι“ποοπσιόοπο
1788 1373 1936 1426 audiam
1955 1387 2016 1423 eer-

317 1459 468 1529 perfidem
485 1460 677 1516 labefactetur.
1181 1458 1243 1511 bum
1276 1460 1408 1528 retinent,
1445 1468 1471 1512 et
1501 1460 1625 1523 fructum
1655 1461 1778 1528 offerunt
1809 1461 1839 1512 irs
1865 1458 2014 1528 patientia.

218 1559 291 1642 ἔω
355 1553 394 1601 13.
426 1546 522 1601 Corma
548 1548 673 1613 efficiens
692 1549 868 1617 principalis
886 1548 1021 1604 bonorum
1039 1564 1154 1619 operum
1180 1545 1305 1609 Quatuor
1327 1545 1413 1616 igitur
1434 1545 1524 1599 modis
1548 1545 1663 1601 verbum
1688 1546 1742 1601 Dei
1771 1544 1938 1617 generaliter
1968 1559 2016 1598 ac·

218 1663 299 1694 ‚m
319 1638 362 1687 est
389 1632 508 1703 Spiritus
535 1640 662 1702 sanctus,
688 1651 743 1689 non
772 1634 862 1688 solum
888 1635 954 1705 quia
980 1634 1099 1690 exterius
1126 1633 1154 1687 in
1181 1639 1292 1701 ceptum
1310 1630 1450 1685 concurrit
1467 1631 1504 1685 ad
1521 1630 1595 1686 bona
1613 1647 1710 1701 opera:
1739 1638 1762 1687 1.
1779 1631 1916 1695 ostendit,
1944 1644 2015 1701 quae

218 1715 281 1798 ff
319 1718 414 1774 Verbo
433 1736 467 1774 ea
483 1725 632 1787 monstrat,
651 1720 815 1789 praescribit
832 1726 862 1774 et
879 1720 978 1791 erigit,
1003 1720 1154 1775 sedetiam
1181 1725 1246 1771 sunt
1262 1718 1336 1772 bone
1353 1734 1450 1787 opera,
1478 1724 1502 1774 2.
1521 1719 1617 1787 docet,
1644 1720 1782 1790 quomodo
1804 1717 1864 1790 fieri
1888 1717 2016 1783 debeant,

218 1809 256 1850 ns„
318 1804 385 1874 quia
411 1805 529 1859 interius
553 1805 690 1861 hominem
717 1807 907 1875 regenerando
936 1822 969 1860 ac
995 1805 1154 1860 renovando
1181 1808 1213 1857 ut
1232 1803 1362 1873 placeant
1380 1803 1455 1872 Deo;
1482 1811 1504 1859 3.
1522 1804 1632 1869 excitat,
1650 1804 1777 1858 hortatur
1794 1820 1827 1858 ac
1845 1802 1964 1873 impellit
1979 1801 2016 1855 ad

317 1896 439 1946 mentem
462 1891 616 1961 illuminat,
643 1892 814 1947 voluntatem
837 1892 926 1948 flectit
952 1897 981 1947 et
1007 1893 1042 1945 ad
1066 1891 1154 1946 omnis
1181 1890 1255 1944 bona
1283 1907 1381 1959 opera,
1408 1898 1432 1946 t.
1450 1908 1500 1960 per
1517 1890 1587 1945 illud
1606 1891 1748 1945 confertur
1765 1890 1884 1960 Spiritus
1902 1895 2015 1944 sanctus

317 1978 429 2048 generis
456 1978 531 2032 bona
556 1994 641 2048 opera
667 1978 794 2048 impellit.
830 1977 909 2033 Rom.
928 1984 959 2048 8,
977 1998 1003 2032 v.
1027 1985 1069 2034 14:
1100 1943 1209 2046 Quiiet
1226 1976 1298 2031 bene
1317 1976 1452 2046 operandi
1469 1976 1567 2047 gratia.

318 2065 432 2133 Spiritu
448 2065 510 2117 Dei
527 2073 663 2132 aquetur,
686 2064 717 2118 bi
737 2072 801 2117 arsat
815 2065 879 2128 filii
894 2065 968 2129 Βοὲς
989 2064 1054 2119 inde
1071 2064 1154 2119 etiam
1218 2068 1258 2117 lb.
1277 2067 1377 2117 Αἴτιον
1394 2061 1531 2135 σύνεργον
1548 2062 1683 2117 bonorum
1702 2080 1815 2132 operum
1834 2068 1876 2118 est
1894 2078 2016 2117 mensac
2028 2061 2127 2144 Λζπον

317 2150 392 2204 bona
409 2166 495 2220 opera
511 2150 641 2205 dicuntur
653 2152 772 2217 fructus
793 2150 926 2219 Spiritus,
945 2150 1008 2205 Gal.
1024 2158 1050 2219 5,
1067 2168 1092 2204 v.
1113 2156 1153 2206 22.
1180 2148 1307 2203 voluntas
1337 2148 1455 2203 hominis
1482 2167 1532 2219 per
1561 2147 1694 2219 Spiritum
1721 2157 1847 2205 sanctum
1874 2152 2016 2204 renovata.
2029 2144 2125 2199 “mi''

316 2241 350 2289 ut
369 2236 476 2290 fructus
493 2235 641 2291 herbarum
659 2241 689 2289 et
706 2235 835 2290 arborum
859 2252 893 2290 er
907 2236 1021 2292 vivifico
1040 2237 1089 2292 illo
1106 2252 1154 2290 na·
1182 2235 1218 2289 Si
1241 2235 1304 2304 quic
1336 2236 1407 2288 enim
1435 2243 1476 2288 ert
1502 2236 1531 2288 in
1557 2235 1681 2304 Christo,
1714 2245 1755 2290 cet
1780 2255 1854 2291 αοοο
1877 2214 2090 2304 oeeruurc,7⁰⁷‘

316 2330 397 2376 turae
424 2321 524 2392 spiritu
551 2320 666 2385 herbas,
694 2322 808 2377 arbores
841 2330 869 2376 et
898 2322 1006 2393 reliqua
1034 2322 1155 2377 viventia
1182 2328 1206 2377 2.
1226 2321 1287 2377 Cor.
1305 2328 1335 2389 5,
1359 2340 1385 2376 v.
1409 2328 1447 2377 11.
1474 2321 1526 2376 hoc
1550 2330 1592 2376 est
1610 2322 1730 2392 Spiritus
1748 2331 1861 2378 sanctus
1880 2339 1943 2387 eos,
1969 2322 2016 2392 qui

318 2407 458 2463 animante
487 2413 668 2478 promanant3
704 2408 746 2461 ita
780 2408 854 2462 bona
884 2425 969 2478 opera
995 2416 1153 2464 renatorum
1182 2415 1247 2462 sunt
1264 2424 1314 2477 per
1332 2406 1417 2461 fidem
1434 2406 1464 2460 in
1483 2406 1608 2477 Christo,
1634 2409 1713 2463 novis
1732 2409 1837 2464 viribus
1856 2411 1953 2474 donat,
1975 2424 2017 2463 re·

318 2495 396 2549 velut
415 2493 706 2549 suavissimiacDEO
719 2495 870 2565 gratissimi
885 2494 992 2550 fructus
1006 2513 1040 2550 ex
1051 2495 1156 2565 Spiritu
1182 2501 1310 2563 generat,
1341 2491 1480 2562 vivificat,
1511 2501 1631 2548 mentem
1660 2511 1694 2549 ac
1723 2495 1893 2550 voluntatem
1922 2511 2017 2550 corum

319 2581 367 2634 illo
385 2581 507 2647 coelesti,
529 2597 584 2651 quo
601 2579 699 2636 fideles
710 2586 841 2652 aguntur,
861 2582 1022 2653 procedunt.
1052 2582 1154 2636 Psalm.
1181 2580 1334 2636 efficaciter
1352 2581 1494 2649 immutat,
1519 2587 1550 2635 ut
1568 2582 1644 2636 velut
1661 2582 1727 2636 novi
1743 2599 1777 2636 ac
1795 2581 1952 2653 spirituales
1969 2581 2018 2635 bo·
2053 2640 2057 2646 ,

322 2674 384 2730 tut,
402 2685 428 2721 v.
448 2673 496 2723 30:
529 2666 633 2720 Emitte
653 2666 790 2735 Spiritum
806 2677 882 2722 tuum
900 2677 926 2722 ct
945 2669 1090 2723 renovabit
1107 2670 1154 2731 sa·
1182 2668 1269 2722 mines
1298 2666 1414 2724 novitati
1445 2667 1520 2722 vitae
1549 2668 1680 2723 studeant
1708 2674 1737 2723 et
1765 2667 1916 2738 spiritualis
1943 2667 2018 2723 vitae

320 2756 388 2806 ciem
406 2762 509 2808 terroe.
544 2753 585 2808 Ut
601 2751 683 2821 fidei,
699 2753 739 2807 ita
757 2770 868 2824 quoque
886 2754 1019 2809 bonorum
1040 2772 1155 2824 operum
1181 2754 1304 2809 actiones
1322 2753 1414 2808 edant.
1450 2754 1814 2823 Apuuturquidemrerrcti
1827 2755 1938 2825 Spiritu
1952 2754 2017 2823 Dei,
2110 2775 2113 2780 ·

319 2857 405 2895 causa
422 2838 545 2895 efficiens
562 2843 605 2894 est
617 2839 736 2909 Spiritus
748 2847 868 2909 sanctus,
886 2840 934 2910 qui
954 2856 1005 2910 per
1018 2841 1154 2911 evangelii
1181 2841 1259 2895 Rom.
1277 2845 1302 2906 8,
1320 2856 1345 2894 v.
1367 2845 1406 2894 lt.
1427 2838 1468 2893 ita
1484 2845 1578 2895 tamen
1598 2848 1720 2911 aguntur
1738 2847 1767 2895 et
1786 2841 1967 2912 impelluntur
1979 2840 2016 2894 ad

320 2927 555 2998 praedicationem
574 2943 630 2980 non
649 2925 738 2980 solum
757 2925 841 2982 fidem
860 2926 889 2980 in
908 2927 1038 2981 cordibus
1057 2944 1154 2982 accen·
1181 2927 1255 2982 bona
1266 2942 1359 2997 opera,
1378 2933 1409 2980 ut
1420 2925 1475 2996 ipsi
1489 2925 1571 2980 etiam
1585 2933 1680 2998 agant,
1695 2946 1750 2983 non
1762 2928 1874 2998 quidem
1886 2926 2019 2982 naturali·

321 3014 375 3082 dit,
405 3013 455 3068 sed
479 3012 562 3067 etiam
582 3030 667 3067 novos
686 3019 776 3068 motus
795 3012 824 3066 in
843 3012 882 3066 eis
900 3012 999 3081 officit,
1027 3019 1154 3067 naturam
1181 3013 1234 3067 bus
1252 3012 1333 3067 liberi
1350 3012 1458 3066 arbitrii
1472 3011 1585 3081 simbus,
1606 3014 1655 3067 sed
1673 3014 1753 3069 novis
1771 3031 1789 3067 a
1808 3014 1913 3085 Spiritu
1923 3019 2019 3069 sancto

321 3105 435 3155 renovat
457 3116 491 3155 ac
511 3099 616 3154 viribus
638 3100 675 3154 ad
701 3099 772 3154 bene
795 3100 968 3169 operandum
992 3098 1154 3153 necessariis
1181 3098 1298 3152 donatis.
1335 3098 1510 3169 Augustinus
1529 3097 1576 3152 lib.
1595 3099 1629 3153 de
1647 3106 1765 3169 corrept
1784 3106 1813 3154 et
1833 3101 1925 3171 gratia
1943 3118 1967 3156 c
1986 3106 2018 3155 2:

321 3186 438 3240 instruit
473 3186 553 3243 Idem
577 3204 642 3242 vero
664 3194 720 3252 est,
749 3187 807 3242 sive
831 3187 906 3241 dicas
934 3186 1068 3256 Spiritum
1093 3203 1154 3240 san·
1181 3185 1358 3254 Inteliipont,
1376 3186 1404 3238 si
1413 3185 1476 3253 filii
1491 3185 1552 3238 Dei
1568 3192 1640 3253 sunt,
1660 3185 1772 3254 Spiritu
1789 3187 1850 3240 Dei
1866 3204 1896 3239 se
1914 3187 1973 3255 opi,
1989 3194 2020 3240 ut

322 3278 414 3339 ctum,
440 3272 498 3326 sive
521 3271 632 3328 DEUM
657 3289 716 3327 esse
738 3290 850 3328 causam
874 3273 1008 3328 bonorum
1033 3289 1155 3342 operum,
1182 3273 1259 3340 quod
1271 3273 1412 3341 operclum
1431 3278 1472 3324 cot
1492 3278 1587 3339 ayant,
1605 3279 1630 3325 et
1648 3289 1710 3325 cum
1727 3273 1842 3340 οροτίαε,
1861 3272 1915 3337 ilii,
1934 3289 2020 3341 equo

322 3359 458 3430 siquidem
473 3357 592 3428 Spiritus
611 3368 724 3414 sanctus
742 3368 785 3415 ost
801 3378 874 3414 unus
895 3377 976 3415 verus
996 3376 1059 3413 cum
1070 3359 1156 3413 Patre
1183 3366 1314 3426 ορααιαι,
1331 3360 1441 3426 oratioe
1459 3366 1554 3427 cpont,
1571 3356 1694 3427 couritur
1711 3360 1792 3427 euim,
1810 3367 1946 3428 uacant,
1963 3378 2020 3413 ποπ

323 3453 351 3500 et
368 3445 441 3500 Filio
457 3444 567 3513 DEUS,
585 3444 703 3516 ideoque
722 3445 840 3516 Spiritus
859 3446 949 3501 sancti
963 3446 1068 3501 diserta
1082 3462 1156 3499 men·
1182 3454 1214 3499 ut
1232 3445 1290 3515 ipsi
1307 3445 1380 3499 uitii
1398 3454 1495 3515 αρσια.
1532 3444 1667 3501 Nimirum
1687 3446 1816 3501 voluntas
1833 3445 1951 3501 hominis
1969 3461 2021 3516 per

322 3532 397 3587 tione
414 3549 470 3586 non
487 3530 673 3587 excluduntur
691 3531 776 3587 Pater
794 3538 824 3587 et
840 3532 944 3599 Filius,
970 3532 1021 3586 sed
1039 3548 1089 3602 per
1108 3547 1156 3600 ap·
1183 3530 1316 3603 Spiritum
1335 3537 1460 3587 sanctum
1477 3530 1566 3586 renati
1588 3548 1621 3586 ac
1637 3532 1763 3587 renovati
1782 3550 1838 3588 non
1856 3540 1899 3588 est
1919 3533 2017 3600 otiosa,

321 3617 536 3689 propriationem
560 3617 703 3687 quandam
724 3618 840 3688 Spiritui
857 3626 953 3673 sancto
971 3617 1001 3671 id
1017 3616 1157 3685 tribuitur,
1184 3618 1234 3673 sed
1259 3635 1308 3688 per
1335 3635 1420 3672 noras
1446 3617 1509 3671 illas
1531 3634 1549 3671 a
1572 3616 1679 3687 Spiritu
1698 3627 1794 3673 sancto
1813 3618 1929 3675 donatas
1946 3618 2019 3673 vires

322 3703 399 3775 qnod
418 3709 461 3759 est
476 3703 560 3759 totius
581 3711 773 3760 sacrosanctae
787 3705 933 3761 Trinitatis
951 3722 1030 3775 opus.
1056 3703 1119 3760 Jolr
1132 3709 1156 3770 t,
1184 3704 1298 3775 Spiritui
1330 3709 1426 3758 sancto
1455 3708 1633 3774 cooperatur,
1662 3703 1748 3775 idque
1775 3704 1868 3761 libere.
1906 3705 1970 3761 doh.
1996 3710 2021 3769 8,

323 3808 348 3844 v.
372 3796 416 3845 tt:
443 3790 535 3845 Pater
557 3808 634 3845 meris
659 3809 748 3861 usque
771 3794 856 3845 modo
880 3800 1028 3861 operatur,
1057 3798 1083 3843 et
1106 3807 1157 3860 epo
1184 3809 1210 3844 v.
1229 3797 1275 3847 36:
1309 3790 1343 3844 Si
1363 3790 1440 3854 filius
1465 3807 1514 3843 eos
1539 3790 1717 3854 liberaverit,
1744 3809 1808 3845 cere
1833 3792 1918 3846 liberi
1934 3791 2021 3847 eritis

324 3892 435 3944 operor.
471 3875 516 3931 Dc
534 3875 608 3932 Filio
626 3876 681 3931 Dei
699 3881 818 3932 testabrr
834 3876 990 3948 Scriptura,
1013 3876 1089 3947 quod
1104 3894 1159 3946 per
1184 3876 1264 3931 Rom.
1284 3881 1312 3940 6,
1331 3893 1357 3930 v.
1380 3880 1424 3930 16:
1454 3876 1581 3930 Liberali
1597 3896 1616 3930 α
1629 3886 1748 3946 peccato
1768 3877 1846 3932 servi
1855 3877 1938 3945 sorti
1954 3877 2022 3931 estis

319 3964 408 4032 fidem
439 3963 471 4015 irr
501 3964 633 4017 cordibus
659 3964 831 4017 medentium
858 3963 976 4029 boMtet,
1009 3962 1110 4033 hihes.
1134 3969 1158 4030 3,
1179 3963 1321 4032 justitiae.
1357 3967 1381 4017 2.
1399 3960 1462 4016 Cor.
1479 3968 1511 4031 3,
1538 3980 1564 4018 v.
1593 3968 1637 4017 1¹1:
1671 3964 1725 4017 Ubi
1749 3965 1867 4032 spiritur
1894 3964 2021 4031 Domini,

323 4068 349 4104 v.
373 4049 469 4113 11,ιά
488 4050 549 4104 illie
567 4051 656 4118 ciust,
674 4048 738 4106 Gal.
759 4055 784 4117 2,
802 4068 827 4107 v.
847 4055 895 4112 2οι
915 4050 1027 4105 eosdem
1046 4050 1098 4104 sibi
1118 4049 1159 4103 in·
1186 4050 1227 4104 ibi
1247 4050 1371 4104 libertae.
1406 4048 1534 4103 ”Homo
1562 4054 1675 4104 renatus
1703 4048 1837 4105 facultate
1861 4048 2023 4119 praestandi

324 4144 399 4191 serat
422 4147 554 4206 tanquam
573 4136 708 4205 palmiter
733 4137 797 4203 citi,
824 4142 857 4191 ut
883 4136 913 4190 in
935 4136 1062 4192 omnibus
1079 4136 1159 4191 bonis
1185 4135 1260 4190 bons
1282 4151 1368 4206 opera
1393 4134 1511 4189 donatus
1535 4134 1637 4190 dicitur
1662 4138 1701 4196 εἰς
1724 4139 1781 4189 πᾶν
1795 4136 1887 4209 ,ἔργον
1910 4134 2023 4206 ἀγαθὸν

323 4222 454 4293 operibus
471 4222 527 4276 sint
543 4220 680 4293 frugiferi,
699 4221 762 4278 Jch.
786 4229 875 4286 15,v.
897 4229 929 4277 4:
953 4223 1032 4277 Sicut
1046 4224 1160 4293 palmes
1186 4221 1387 4296 ἡτοιμασμένος
1419 4227 1442 4276 2.
1466 4220 1536 4275 Tim
1564 4226 1595 4286 2,
1623 4239 1649 4276 ν.
1678 4228 1719 4277 tt.
1754 4222 1824 4294 πρὸς
1852 4226 1911 4278 πᾶν
1940 4223 2024 4298 ἔργον

323 4327 380 4363 eoa
394 4316 485 4377 potat
501 4309 581 4371 ferre
598 4309 723 4369 fructum
742 4317 857 4363 cremet
868 4311 938 4378 ipso,
956 4311 1014 4363 nisi
1024 4311 1158 4364 meruerit
1185 4308 1296 4379 ἀγαθὸν
1321 4309 1512 4376 ἐξηρτισμένος
1539 4311 1562 4362 2.
1584 4306 1657 4362 Tim.
1680 4313 1708 4376 3,
1735 4326 1760 4363 v.
1788 4316 1827 4365 l'l.
1864 4310 1935 4384 πρὸς
1964 4312 2022 4365 πᾶν

323 4397 355 4449 ist
375 4395 448 4461 site,·
474 4395 516 4448 sic
537 4411 588 4448 αοο
611 4413 672 4462 eos,
695 4395 754 4447 sui
770 4395 800 4448 iu
816 4412 859 4449 me
879 4397 1048 4455 masseritie.
1083 4414 1107 4451 v.
1127 4403 1158 4451 5:
1185 4397 1269 4467 ἔργον
1297 4394 1409 4465 ἀγαθὸν
1434 4393 1543 4465 ἕτοιμος
1569 4393 1625 4447 Tit.
1653 4400 1683 4463 3,
1713 4412 1738 4451 v.
1770 4400 1791 4450 1.
1824 4399 1944 4455 παισθεὶς
1976 4394 2019 4447 iul

324 4498 377 4549 eqo
402 4498 464 4533 sum
488 4480 568 4549 virs,
596 4498 644 4534 eos
661 4482 810 4550 palmites,
839 4483 889 4551 qui
909 4490 1002 4536 manet
1025 4481 1056 4535 iu
1072 4499 1115 4536 me
1133 4490 1159 4535 ct
1185 4483 1277 4555 ἔργοις
1295 4480 1414 4551 ἀγαθοῖς
1436 4479 1539 4550 Ephes.
1560 4486 1589 4544 2,
1608 4498 1635 4536 v.
1656 4484 1694 4536 16.
1725 4488 1853 4552 respectu
1871 4498 1921 4551 ec,
1948 4482 2022 4553 quod

325 4583 377 4635 epo
395 4567 426 4620 iu
445 4583 495 4634 ec,
518 4566 563 4620 bic
574 4568 640 4633 fert
650 4568 782 4635 fructum
801 4569 929 4637 multum,
954 4570 1022 4638 quic
1039 4571 1099 4623 sinc
1117 4587 1159 4623 me
1185 4574 1252 4624 actu
1274 4567 1325 4622 illa
1347 4571 1483 4636 praestet,
1510 4565 1612 4620 dicitur
1634 4573 1726 4621 ποιεῖν
1749 4568 1781 4621 rol
1800 4564 1896 4638 ἀγαθά
1913 4567 1978 4626 doh.
1999 4574 2024 4634 6,

324 4652 398 4706 sita
416 4653 534 4722 potestis
546 4653 658 4720 facere.
1186 4673 1213 4709 v.
1237 4661 1278 4710 23.
1314 4660 1405 4708 ποιεῖν
1429 4650 1460 4706 τὸ
1484 4656 1593 4725 θέλημα
1616 4655 1666 4707 τοῦ
1689 4655 1759 4707 θεοῦ
1778 4653 1881 4725 Ephes.
1903 4658 1931 4718 6,
1953 4671 1979 4708 v.
2000 4658 2024 4708 6.

218 4748 270 4792 ιιι
364 4744 404 4794 14.
434 4739 664 4792 [summouere
694 4756 781 4793 causa
811 4740 946 4795 bonorum
977 4758 1092 4811 operum
1120 4746 1163 4795 cst
1187 4738 1350 4814 ἐργάζεσθαι
1369 4739 1453 4811 ἔργον
1472 4738 1557 4794 καλόν
1577 4739 1676 4794 Mattio
1694 4745 1736 4809 26,
1755 4758 1782 4796 v.
1804 4747 1843 4796 10.
1874 4740 1960 4795 Maro.
1983 4747 2024 4799 14.

218 4804 443 4896 amserbum
459 4823 521 4878 Dei
556 4824 596 4881 Ut
611 4824 686 4879 enim
705 4825 812 4880 fructus
830 4832 981 4881 nascuntur
998 4844 1031 4881 er
1049 4825 1161 4896 semine,
1186 4846 1211 4883 v.
1236 4833 1260 4882 6.
1287 4828 1381 4880 καλῶν
1407 4826 1497 4897 ἔργον
1523 4826 1711 4899 προΐστασθαι
1738 4826 1793 4881 'lit
1824 4832 1855 4897 3,
1881 4846 1907 4881 v.
1931 4833 1954 4883 3.
1984 4832 2023 4882 11.

325 4910 367 4965 its
378 4910 493 4966 verbum
507 4910 575 4966 DEI
592 4917 636 4966 eet
652 4912 796 4982 spirituale
814 4913 883 4967 illud
902 4919 930 4969 et
947 4914 1162 4983 incorruptibile
1187 4910 1387 4983 ἀγαθοεργεῖν,
1418 4916 1548 4966 πλουιεῑν
1576 4914 1607 4967 ἐν
1632 4914 1725 4988 ἔργοις
1751 4917 1845 4975 καλοῖς
1874 4921 1896 4969 l.
1912 4914 1985 4969 Tim.
1999 4919 2023 4980 6,

325 5013 427 5064 remeo,
446 5013 480 5051 sc
497 5014 552 5066 quo
569 4999 742 5052 renascimur
761 5007 787 5053 et
801 5001 1023 5069 foecundentur,
1059 5000 1158 5056 Jacob.
1187 5018 1212 5053 v.
1235 5005 1273 5055 16.
1291 4998 1479 5069 ἇγαθοποιεῖν
1499 5006 1521 5056 1.
1539 4999 1614 5055 Pctr.
1633 5006 1656 5064 2,
1676 5017 1703 5055 r.
1723 5007 1763 5056 1⁵.
1782 5006 1976 5073 καρποφορεῖν
1993 4997 2024 5055 ir

218 5095 312 5142 111111.
329 5089 358 5147 1,
377 5102 404 5138 v.
424 5088 463 5140 18.
495 5090 517 5139 1.
533 5085 609 5140 Petr.
632 5092 659 5149 1,
677 5102 703 5139 r.
722 5091 763 5140 23.
798 5088 843 5140 Ac
867 5087 1100 5157 quemadmodum
1119 5103 1160 5142 se·
1188 5090 1270 5140 παντὶ
1294 5086 1367 5159 ἔργῳ
1390 5084 1490 5156 ἀγαθῷ
1512 5085 1570 5142 Col.
1600 5094 1626 5152 l,
1656 5105 1683 5143 ν.
1710 5093 1747 5143 10.
1782 5086 1957 5158 περισσεύειν
1986 5089 2023 5147 εἰς

326 5168 396 5224 mini
417 5168 542 5240 prolifico
563 5170 637 5226 inest
661 5170 774 5242 spiritus
796 5172 884 5240 vitae,
906 5172 945 5227 ita
969 5190 1080 5244 quoquc
1097 5190 1160 5227 cum
1189 5174 1247 5226 πᾶν
1268 5172 1353 5243 ἔργον
1373 5171 1485 5243 ἀγαθόν
1511 5179 1535 5229 2.
1553 5172 1615 5228 Cor.
1640 5180 1669 5243 a,
1692 5192 1719 5227 v.
1738 5179 1762 5229 8.
1793 5173 1911 5245 ἀγαθοῖν
1933 5171 2024 5243 ἔργον

326 5255 412 5312 rcrbo
437 5256 587 5326 conjuncta
604 5262 647 5311 est
664 5256 784 5328 Spiritus
803 5258 892 5312 sancti
911 5260 1036 5329 operatio
1055 5266 1084 5314 et
1102 5259 1161 5314 effi·
1188 5258 1290 5330 πλήρης
1316 5258 1380 5312 Act
1401 5265 1431 5328 3,
1449 5275 1475 5314 v.
1496 5265 1537 5313 36.
1567 5261 1660 5313 καλῶν
1683 5259 1773 5334 ἔργον
1792 5257 1906 5327 ζηλωτής
1923 5257 1978 5313 'lit
1999 5265 2023 5327 2,

325 5342 413 5411 cacia,
432 5342 507 5397 unde
525 5341 753 5397 diciturverbum
772 5345 845 5398 uitae
864 5353 889 5398 et
906 5346 1033 5413 spiritus.
1062 5345 1125 5401 Joh.
1136 5350 1161 5413 6,
1188 5362 1213 5401 t.
1241 5351 1279 5400 14.
1314 5347 1415 5416 μεστὸς
1444 5346 1560 5415 καρπῶν
1588 5345 1706 5416 ἀγαθῶν
1732 5346 1792 5401 Jac.
1825 5351 1858 5412 3,
1887 5363 1912 5400 t.
1944 5346 2024 5400 w*

326 5446 352 5482 s.
375 5433 421 5483 6³:
446 5428 544 5499 Verba,
564 5447 635 5498 quae
653 5430 760 5484 locutus
778 5448 838 5483 sum
857 5430 940 5496 vobis,
960 5440 1024 5484 suut
1041 5432 1159 5499 spiritua
1187 5429 1303 5485 Interim
1325 5436 1419 5485 tamen
1443 5432 1575 5504 synergia
1599 5433 1647 5487 illa
1668 5441 1825 5488 renatorum
1844 5431 1873 5485 in
1894 5431 2024 5502 operibus

326 5522 353 5569 et
379 5514 446 5568 οίεσ.
480 5514 515 5569 Id
538 5532 603 5570 vero
626 5514 803 5586 peculiariter
827 5523 856 5570 et
872 5516 983 5586 proprie
1002 5516 1162 5588 intelligen-
1188 5516 1268 5572 bonis
1285 5534 1462 5588 nequaquam
1485 5518 1621 5586 excludit,
1647 5520 1696 5574 sed
1720 5517 1835 5588 requirit
1855 5523 2021 5589 perpetuum

327 5600 395 5656 dum
413 5606 456 5655 est
468 5602 504 5657 de
521 5603 605 5657 verbo
624 5602 771 5673 evangelii,
790 5620 840 5673 per
860 5605 934 5674 quod
949 5604 1032 5657 datur
1043 5604 1161 5673 Spiritus
1187 5603 1307 5674 Spiritus
1326 5604 1415 5658 sancti
1433 5604 1609 5675 adjutorium,
1630 5623 1685 5677 qua
1702 5605 1737 5658 de
1754 5620 1784 5658 re
1803 5605 1884 5675 plura
1903 5606 2023 5660 diximus

326 5694 454 5756 sauctus,
483 5687 575 5744 Galat
597 5694 627 5752 3,
648 5707 674 5745 v.
693 5694 721 5744 2:
750 5690 797 5743 Ec
821 5691 952 5759 operibus
976 5691 1048 5759 lepis
1070 5690 1162 5758 Spiri·
1187 5689 1216 5742 in
1236 5696 1316 5744 tract.
1335 5691 1371 5743 de
1390 5689 1437 5745 lib.
1456 5690 1538 5746 arbit
1558 5688 1585 5765 ξ.
1609 5697 1664 5747 141.

325 5784 384 5830 tam
409 5776 572 5845 acceptus,
607 5792 645 5828 αα
671 5791 704 5829 es
731 5776 832 5829 andiu
863 5777 952 5840 fidei!
988 5775 1102 5831 Interim
1131 5783 1165 5830 ut
1226 5781 1264 5830 16.
1297 5775 1399 5829 Forma
1420 5775 1555 5831 bonorum
1580 5794 1694 5855 operum
1719 5777 1845 5833 absolute
1864 5778 2021 5832 considera·
2037 5774 2121 5814 ΡΜ·

324 5860 388 5933 agri
418 5859 496 5931 prius
522 5867 638 5918 arantur
665 5879 699 5917 ac
728 5862 825 5934 spinae
852 5879 886 5919 ax
912 5862 968 5917 illis
996 5861 1279 5931 evelluntur,ltorum
1306 5870 1349 5918 est
1377 5862 1553 5919 conformitas
1583 5880 1646 5919 cum
1676 5864 1740 5935 lage
1768 5865 1830 5921 Dei.
1871 5865 1912 5921 Ut
1943 5865 2016 5919 enim
2038 5827 2151 5925 iiiiii?
