4800 6659
1010 722 1063 778 DE
1081 721 1358 784 SAORAMEN'I'IS.
1963 740 2025 798 tlt

329 876 572 952 μυστηριομάχους
608 896 642 934 ac
679 877 958 948 samamcntiperdas,
995 877 1044 948 qui
1071 894 1162 932 sacra·
1188 879 1395 951 relinquamus,
1420 883 1472 934 sed
1493 883 1667 951 protectione
1687 884 1835 954 aanpuinis
1853 893 1880 938 et
1898 886 2028 955 corporis

331 970 423 1018 menta
445 964 577 1019 divinitus
599 964 726 1019 instituta
743 965 787 1020 vel
805 963 862 1017 suis
882 963 1080 1019 additamentis
1098 980 1162 1017 con·
1192 965 1300 1020 Christi
1316 967 1472 1019 muniamus
1497 975 1523 1020 ct
1548 985 1609 1021 cum
1636 971 1677 1022 aci
1699 970 1751 1023 hoc
1769 971 1825 1039 siat
1846 972 2026 1040 eucharistia,

331 1050 480 1118 taminaut,
505 1051 549 1105 vel
569 1050 740 1106 detrahendo
759 1051 901 1117 mutilant,
928 1050 973 1105 vel
993 1051 1056 1104 aliis
1076 1050 1164 1104 modis
1176 1051 1179 1099 l
1191 1059 1221 1104 nt
1241 1052 1331 1120 possit
1354 1052 1555 1120 accipientibus
1578 1069 1637 1106 esse
1663 1056 1765 1123 tutela,
1790 1075 1860 1125 quos
1879 1063 1952 1110 tutos
1970 1074 2029 1112 essa

331 1142 500 1205 pervertunt,
520 1135 640 1190 fideliter
659 1153 691 1190 aa
711 1142 821 1191 strenue
839 1153 1054 1209 propugnamus.
1087 1136 1163 1198 Quae
1191 1144 1290 1190 contra
1310 1139 1507 1190 adversmium
1523 1138 1660 1208 nolumus,
1677 1142 1844 1195 munimento
1860 1143 2029 1198 Dominicae

331 1222 424 1289 major
439 1229 534 1290 potest
553 1238 611 1275 essa
628 1222 703 1275 serui
719 1222 828 1291 picria,
851 1240 934 1292 mom
955 1241 1012 1291 pro
1031 1221 1166 1275 institutis
1191 1223 1352 1275 saturitatis
1378 1240 1524 1277 armemus.
1561 1226 1638 1277 Nam
1662 1229 1801 1294 quomodo
1826 1230 1957 1281 mosmos
1980 1238 2030 1281 aut

331 1307 451 1361 Domini
466 1308 514 1360 sui
526 1308 640 1361 zelare!
665 1307 841 1379 Augustinus
860 1307 907 1363 lib.
923 1313 961 1363 16.
981 1313 1078 1362 eontra
1095 1307 1179 1361 Fau·
1187 1325 1376 1377 provocamus
1400 1326 1446 1361 eos
1470 1309 1500 1362 in
1527 1310 1704 1375 consessione
1727 1313 1847 1366 nominis
1864 1314 2029 1382 sanquinem

331 1399 403 1448 stum
426 1409 449 1448 a.
478 1399 523 1448 il:
554 1393 588 1447 Si
615 1396 728 1464 antiqui
749 1394 823 1462 justi
838 1410 897 1462 pro
923 1393 984 1447 illis
1004 1394 1168 1447 nuntiatiois
1191 1412 1272 1446 mum
1291 1395 1429 1461 sundere,
1453 1395 1481 1447 si
1498 1395 1538 1447 eis
1556 1396 1722 1449 militaturis
1741 1400 1903 1465 sanquinem
1924 1399 2032 1454 Ginai

331 1480 516 1533 sacramentis
543 1488 568 1533 at
593 1498 687 1533 rerum
709 1482 834 1533 nondam
856 1478 1036 1547 impletarum
1066 1479 1167 1546 siparis
1193 1481 1387 1547 deneqamusi
1410 1488 1459 1532 ans
1477 1483 1592 1549 wando
1611 1484 1653 1534 ad
1670 1484 1803 1550 martyrii
1813 1485 1950 1552 poculum
1966 1486 2027 1540 tao·

333 1566 427 1619 omnia
455 1568 530 1618 stura
559 1575 586 1619 et
607 1567 751 1621 horrenda
780 1564 893 1634 perpati
919 1565 1023 1633 parati
1043 1566 1167 1633 sacrant
1193 1582 1259 1618 noos
1285 1566 1424 1634 facimus,
1452 1567 1479 1619 si
1504 1584 1560 1619 non
1586 1584 1633 1620 eos
1660 1569 1701 1620 ad
1723 1569 1871 1623 hibendum
1895 1572 1976 1641 prins
2000 1571 2030 1625 in

333 1660 358 1705 et
370 1652 503 1721 plerique
518 1652 652 1720 perpessi
667 1659 744 1719 sunt,
777 1658 881 1720 quanto
906 1650 997 1717 mapis
1023 1668 1095 1703 nnnc
1109 1667 1167 1719 pro
1193 1651 1314 1705 ecclesia
1326 1651 1461 1720 poculum
1480 1652 1600 1705 Domini
1611 1653 1681 1720 jure
1700 1655 1959 1710 communicationis
1978 1659 2029 1711 ad·

333 1736 469 1806 baptismo
491 1737 604 1805 Christi,
619 1755 677 1806 pro
696 1735 866 1790 eucharistia
880 1733 997 1801 Christi,
1011 1752 1067 1803 pro
1085 1736 1166 1803 sipno
1194 1737 1349 1790 mittimus!
1373 1737 1421 1791 lib.
1435 1742 1459 1792 l.
1480 1738 1560 1808 epist.
1576 1743 1606 1792 6:
1626 1736 1752 1791 Gravior
1770 1757 1843 1793 nunc
1862 1749 1888 1794 st
1897 1742 2031 1808 ferocior

334 1822 440 1877 Christi
464 1824 505 1877 ad
530 1823 624 1877 omnia
648 1822 827 1891 perferendo
848 1820 983 1891 paratior
1007 1820 1087 1875 dehet
1106 1835 1168 1874 esse
1189 1835 1290 1891 pttpna
1306 1823 1447 1890 imminet,
1465 1824 1508 1878 ad
1525 1837 1610 1892 wasa
1625 1825 1685 1890 fide
1703 1824 1868 1893 irioormpto
1886 1836 1912 1881 at
1930 1828 2030 1882 virtute

335 1906 525 1976 Christianus,
551 1926 612 1961 cum
633 1907 704 1961 iliae
719 1906 835 1974 suerint
853 1904 1055 1974 promisionis
1072 1919 1168 1959 rerum
1192 1907 1309 1961 robusta
1333 1924 1441 1976 parare
1463 1924 1493 1960 se
1518 1907 1617 1961 deheim
1639 1908 1744 1961 milites
1772 1908 1880 1964 Christi
1906 1914 2029 1967 conside·

334 1994 577 2061 complendarum,
612 1994 681 2046 hacc
718 1993 774 2045 sint
811 1991 921 2044 indicia
957 1991 1166 2060 completarum.
1180 2001 1297 2082 ,rantea
1315 1991 1423 2045 idcirco
1440 2008 1469 2045 sa
1488 1993 1614 2060 quotidie
1633 1994 1750 2047 calicem
1764 1998 1914 2065 sanquinis
1925 1998 2032 2052 Charisii

334 2085 355 2135 t.
375 2079 414 2135 Ut
441 2094 575 2133 memores
599 2078 763 2134 sacramenti
786 2077 946 2144 fidelitatis,
973 2094 1029 2148 qno
1056 2076 1085 2129 in
1113 2078 1299 2146 usmaitau,
1322 2086 1352 2130 ut
1367 2078 1480 2147 possint
1499 2086 1526 2131 et
1545 2078 1603 2147 ipsi
1615 2086 1736 2147 propter
1756 2081 1898 2135 utranam
1917 2084 2029 2153 sanqui-

334 2169 568 2220 sacrameutorum
594 2163 655 2219 Deo
679 2163 892 2234 obstringimus,
915 2162 991 2220 velut
1010 2161 1168 2235 spirituales
1194 2181 1256 2217 nem
1280 2163 1431 2234 effundere.
1466 2160 1653 2234 Hieronymus
1680 2162 1718 2219 ad
1736 2161 1879 2221 Heliodor.
1899 2169 1979 2240 epist
2000 2175 2029 2226 1:

334 2250 433 2306 milites
450 2250 582 2304 adversus
604 2248 747 2318 satanam,
774 2250 907 2303 muudum
925 2254 954 2304 et
970 2264 1081 2303 carnem
1100 2255 1167 2303 stre-
1196 2251 1361 2303 Recordare
1384 2247 1512 2301 tirocinii
1534 2248 1579 2301 tui
1601 2250 1689 2315 diem
1717 2267 1771 2317 quo
1797 2252 1909 2305 Christo
1933 2255 1962 2306 in
1983 2255 2030 2309 ha·

333 2353 386 2391 nue
412 2353 578 2407 pugnemus.
612 2335 801 2389 Tertullianus
829 2335 858 2389 in
885 2335 989 2390 exhort.
1020 2334 1056 2387 ad
1084 2333 1166 2388 Mart.
1190 2335 1325 2403 ptisrnata
1351 2333 1529 2401 consepultus
1553 2335 1583 2387 in
1605 2336 1779 2388 sacramenti
1806 2337 1890 2389 verta
1916 2339 2030 2407 iurasti,

333 2441 358 2493 p.
379 2427 445 2478 367:
482 2422 578 2475 Vocati
602 2439 696 2474 samus
722 2422 763 2474 ad
786 2421 919 2474 militiam
944 2419 1004 2473 Dei
1027 2420 1084 2471 viai
1102 2420 1168 2487 jam
1195 2421 1266 2489 pisid
1282 2420 1360 2484 facis
1379 2419 1409 2471 in
1423 2418 1522 2487 prima
1540 2420 1623 2472 domo
1641 2419 1762 2474 delicate
1779 2422 1883 2475 miles!
1906 2424 1954 2476 uhi
1971 2424 2029 2479 cai

332 2516 402 2572 tum,
429 2525 491 2566 cum
513 2507 543 2559 in
566 2508 736 2560 sacrmenti
754 2507 840 2559 uerba
858 2505 1061 2575 respondimus.
1096 2504 1168 2557 Pro·
1195 2506 1275 2559 lami
1295 2504 1343 2557 ubi
1357 2505 1462 2571 fossa!
1481 2505 1531 2556 nlri
1547 2504 1634 2557 hiems
1653 2513 1718 2557 acta
1734 2507 1785 2557 sub
1797 2506 1943 2574 pellibus!

333 2594 398 2648 inde
415 2609 464 2646 ros
482 2591 651 2659 benedictae,
670 2594 854 2662 quodcunque
873 2591 925 2645 hoc
942 2593 1045 2645 durum
1062 2596 1110 2655 est,
1128 2591 1170 2643 ad
1210 2663 1212 2667 Δ
1233 2596 1289 2646 toa.
1318 2588 1361 2642 Ex
1379 2588 1568 2659 superioribus
1587 2590 1715 2645 omnibus
1733 2590 1798 2645 talis
1817 2591 1949 2647 constitui
1969 2598 2029 2663 pot·
2044 2598 2152 2639 pemmo

334 2680 555 2734 mediationem
576 2680 709 2733 virtutum
727 2680 818 2732 animi
833 2686 860 2732 et
879 2679 1009 2748 corpoms
1026 2679 1167 2746 deputate.
1194 2683 1237 2732 est
1259 2675 1425 2732 sacramenti
1450 2674 1589 2731 definitio:
1615 2683 1819 2730 sacramentum
1843 2682 1885 2731 est
1903 2691 1984 2733 mora·
2001 2683 2031 2733 et'
2043 2659 2123 2743 iffi

333 2769 445 2822 Bonum
471 2781 588 2835 aconem
612 2766 755 2820 mtituras
773 2766 854 2831 atis,
880 2766 911 2819 in
929 2781 983 2835 quo
1002 2762 1169 2832 apmothcta
1194 2762 1314 2818 solennis
1331 2762 1405 2817 actio
1423 2761 1556 2816 divinitus
1574 2760 1783 2833 institutaque
1796 2761 1872 2817 Deus
1892 2762 2031 2819 mediante
2132 2781 2135 2790 ¹

335 2855 413 2907 Dens
428 2853 506 2905 rimis
525 2859 579 2916 eet,
595 2852 761 2920 nystarchns
777 2850 903 2921 Spiritu
918 2858 1042 2918 sanctus,
1062 2866 1168 2903 corona
1180 2893 1182 2916 :
1193 2846 1312 2903 hominis
1337 2846 1490 2902 ministerio
1515 2847 1568 2902 sub
1586 2846 1689 2902 risibili
1713 2853 1741 2902 st
1759 2852 1873 2903 externo
1894 2849 2031 2917 elemento
2096 2846 2098 2850 ’
2126 2840 2134 2879 ”

334 2938 508 2993 camisiis
527 2938 684 3002 isaacium,
713 2938 859 3008 anpeticae
871 2937 994 3007 potitiae
1011 2936 1169 2989 substantia
1180 2927 1182 2946 ²
1193 2952 1244 3006 per
1261 2932 1377 2989 verbum
1400 2939 1507 2987 eertum
1529 2931 1604 2988 bona
1622 2932 1754 2988 coelestia
1772 2933 1916 3005 dispensat
1934 2933 1972 2990 ad
1990 2934 2030 2990 oi·

334 3024 363 3077 in
391 3023 479 3078 coetis
505 3023 602 3093 plor-ia
625 3025 657 3077 in
678 3024 775 3078 semita
803 3023 968 3077 emmeram.
1010 3020 1337 3126 Cyprianus,fsrendam
1363 3019 1481 3092 singulis
1506 3018 1650 3074 utentibus
1676 3035 1709 3074 ac
1734 3020 1912 3076 credentibus
1941 3019 2031 3093 appli-

334 3109 380 3165 lib.
400 3116 424 3167 l.
443 3109 523 3181 epist.
542 3114 567 3165 2.
587 3125 643 3164 non
663 3109 746 3181 louge
765 3125 783 3163 a
800 3109 904 3179 prinu:
925 3106 1000 3171 Quos
1016 3109 1168 3161 maana
1194 3107 1313 3162 caudam
1336 3112 1422 3177 atque
1444 3104 1647 3177 obsignandum
1670 3104 1879 3181 promissionem
1905 3107 1940 3163 de
1968 3122 2031 3179 gru·

335 3204 359 3251 et
380 3198 528 3252 hortamen
555 3197 598 3249 ad
616 3192 774 3266 proelium,
799 3214 855 3251 non
881 3196 1002 3249 inarrnes
1028 3202 1055 3248 et
1074 3195 1167 3248 nudos
1193 3193 1265 3249 tuita
1283 3192 1443 3249 remissione
1461 3196 1644 3263 peecatorum·
1656 3191 1795 3265 evangelii
1812 3192 1961 3265 propriam.
