4800 6659
910 560 967 620 DE
986 558 1109 620 840Βο
1122 558 1326 622 numism.
1804 564 1806 569 ’
1888 574 1949 635 rer

257 717 478 790 riputficondam
512 718 701 775 innocentior»
727 726 754 774 et
777 718 930 792 purtcusn
958 717 1095 774 cunesn
1124 716 1258 776 Albertns
1276 719 1348 778 Sero
1371 719 1500 793 princepe
1521 736 1656 777 summam
1671 706 1887 778 oonmletionem
1905 722 1953 778 ud·

257 823 334 862 nonu.
377 804 492 862 Vestem
522 806 600 863 illem
626 806 775 862 candidum
802 807 938 877 baptizoti
962 806 1096 879 neophyti
1120 822 1217 862 versus
1240 806 1344 864 diaboli
1367 806 1489 864 ludibria
1511 823 1571 864 esse
1591 807 1661 863 dixit
1683 806 1815 878 baptismi
1843 807 1887 862 sni
1911 824 1953 865 re·

259 899 370 964 gesture
397 892 524 948 solebent
546 910 564 947 e
585 892 704 949 sabatho
723 899 819 949 sancto
837 910 926 966 usque
944 894 981 950 ad
1001 892 1096 949 Domi·
1122 893 1326 965 cordationcm,
1357 892 1393 949 D.
1421 893 1525 952 Selnec.
1552 898 1632 965 perte
1656 901 1682 952 4.
1713 908 1799 951 exem
1832 893 1952 966 theolog.

259 978 351 1033 nicam
376 979 447 1034 festo
471 978 595 1051 pescheli
619 981 785 1051 proximem,
813 996 884 1052 quae
908 981 944 1037 ob
967 981 997 1035 id
1021 980 1095 1035 dice·
1120 997 1186 1052 pag.
1208 986 1265 1039 129.
1311 982 1349 1036 In
1373 982 1452 1039 cmrrs‘
1472 983 1572 1054 lopsu,
1592 982 1623 1035 tn
1641 982 1717 1036 omns·
1734 982 1899 1049 tentatione,
1921 983 1954 1037 in

214 1084 227 1098 ·
258 1065 343 1119 batur
367 1067 521 1120 Dominico
549 1068 579 1122 e'n
608 1068 689 1122 olbia
728 1067 855 1122 Tandem
880 1072 941 1122 tota
964 1066 1095 1138 baptismi
1120 1066 1184 1137 ipro
1210 1068 1309 1123 mortio
1335 1069 1455 1123 ortkulc
1483 1067 1566 1122 nula
1587 1073 1626 1121 ert
1650 1067 1712 1121 olto
1738 1067 1893 1123 consolatio
1909 1084 1954 1123 re·

258 1151 332 1206 actio
365 1152 539 1208 concluditur
568 1155 739 1226 precatione,
768 1153 961 1210 benedictione
985 1169 1020 1208 ec
1047 1153 1094 1224 pio
1120 1155 1283 1209 cordatione
1309 1155 1443 1225 tapetem
1465 1153 1621 1224 efficacior.
1659 1154 1698 1208 Et
1714 1155 1764 1224 pai
1779 1155 1821 1208 cd
1838 1154 1954 1209 multone

257 1242 324 1292 roto
344 1236 463 1292 ministri
481 1257 532 1309 pro
549 1239 615 1295 fidei
632 1228 853 1297 co'rroboratione
870 1240 900 1296 in
918 1256 1005 1311 puero
1022 1241 1095 1311 ejus·
1120 1249 1258 1295 senectam
1266 1242 1434 1312 peruenerit,
1454 1242 1540 1296 etiarn
1556 1239 1756 1310 εαααίαείααα,
1775 1242 1954 1296 mudum

258 1322 379 1394 demque
416 1327 624 1382 conservatione
660 1327 690 1382 in
728 1327 819 1400 gretia
847 1327 901 1382 Dei
938 1326 974 1382 ad
1008 1327 1095 1381 vitam
1121 1334 1149 1379 et
1164 1327 1301 1380 morimur
1317 1327 1442 1398 quicque,
1460 1344 1521 1381 curn
1539 1327 1769 1394 moriendumeet,
1788 1327 1898 1396 copitar
1909 1344 1952 1382 re·

257 1414 414 1480 aeternam,
450 1412 480 1466 id
511 1413 587 1485 quod
616 1413 648 1469 lit
674 1415 806 1471 mundato
832 1412 901 1484 Dei,
931 1413 1042 1471 Numer.
1071 1419 1096 1484 t,
1122 1416 1266 1468 troceders
1290 1430 1377 1484 rupee
1401 1415 1442 1468 cet
1459 1414 1558 1468 borum
1576 1413 1709 1483 boptt'emt'
1720 1419 1752 1466 'et
1770 1430 1868 1467 rureue
1885 1413 1954 1468 tolie

258 1510 285 1552 r.
312 1501 353 1552 22.
382 1503 411 1552 et
436 1500 561 1570 exemplo
588 1498 689 1555 Christi
712 1500 797 1555 Maro.
822 1507 867 1569 10,
894 1517 921 1554 r.
951 1507 991 1556 16.
1030 1499 1096 1555 Pm-
1121 1516 1218 1553 recenc
1241 1508 1324 1554 notus
1345 1501 1444 1564 infans
1462 1499 1533 1567 fieri
1550 1507 1576 1554 et
1595 1497 1954 1568 oblicum-proeteritorum

258 1581 377 1637 cationis
403 1601 452 1638 seu
479 1584 518 1656 pii
546 1585 604 1640 voti
631 1602 649 1641 a
675 1586 800 1642 ministro
825 1586 952 1657 usurpati
978 1586 1096 1641 formula
1121 1588 1258 1655 omnium,
1285 1595 1334 1640 out
1366 1605 1422 1642 non
1446 1594 1538 1659 potest
1564 1586 1673 1639 intrare
1695 1585 1725 1638 c'n
1751 1602 1863 1654 repnum
1887 1585 1954 1652 Det,

258 1672 350 1723 exstet
367 1671 442 1740 apud
460 1670 636 1727 Ambrosium
654 1671 702 1727 lib.
722 1678 746 1730 2.
766 1673 801 1729 de
814 1678 977 1728 sacrament
996 1688 1058 1743 cap.
1071 1679 1095 1727 t.
1122 1671 1219 1728 scribit
1250 1671 1380 1729 Neander
1407 1672 1437 1727 in
1466 1670 1549 1726 theol.
1578 1670 1672 1725 christ
1701 1685 1762 1741 cup.
1790 1671 1826 1727 de
1852 1671 1952 1743 baptis.

260 1754 334 1809 circa
353 1754 448 1812 finem:
473 1757 638 1835 Venistine
655 1761 838 1825 sacerdotem,
856 1759 992 1831 quidtibi
1003 1758 1097 1814 ciret
1122 1776 1187 1830 pag.
1211 1765 1270 1815 475.
1320 1765 1344 1817 3,
1368 1759 1410 1817 Ut
1435 1772 1569 1814 memores
1592 1755 1769 1828 obligationis
1790 1763 1901 1814 nostrae
1924 1756 1954 1813 in

260 1843 354 1906 Dece,
376 1842 478 1914 inquit,
499 1844 589 1897 Pater
603 1845 788 1915 omnipotene‚
812 1847 864 1917 qui
880 1854 906 1900 te
922 1845 1097 1915 reponeroos't
1122 1845 1261 1917 baptismo
1277 1846 1368 1904 fectee
1384 1847 1437 1901 eub
1455 1845 1563 1901 vexillis
1582 1843 1684 1901 Christi
1699 1849 1796 1899 contra
1814 1844 1954 1910 Sumam,

215 1926 249 1971 l¹⁷·
261 1943 294 1981 ee
314 1946 390 1997 oque
408 1936 434 1982 et
456 1930 569 1998 Spiritu
586 1938 684 1986 sancto
707 1932 894 2002 concessitque
912 1931 963 1985 tibi
976 1939 1095 2001 peccato
1121 1932 1256 1987 mundum
1279 1940 1308 1989 et
1327 1949 1439 1989 curnem
1462 1937 1585 1986 noemam
1606 1936 1718 1986 strenue
1743 1946 1901 2003 pugnemus
1921 1946 1956 1986 ac

262 2021 319 2078 tro,
336 2016 398 2083 ipse
416 2021 442 2067 te
460 2016 595 2069 ducatio
612 2017 699 2071 citum
717 2025 867 2073 aetenam.
1121 2020 1279 2089 consepulti
1297 2018 1409 2075 Cirieto
1422 2034 1478 2089 per
1497 2015 1662 2087 baptismum
1679 2016 1710 2070 r'n
1727 2025 1841 2072 mortens
1855 2002 1890 2071 ¹to
1906 2035 1955 2072 no·

298 2105 357 2157 tit).
392 2102 487 2172 Atque
507 2101 576 2157 heec
593 2101 742 2158 dictasint
760 2102 795 2159 de
813 2102 985 2159 sanctissimo
1005 2103 1095 2158 initia·
1120 2104 1206 2160 citote
1231 2106 1307 2160 ritae
1330 2108 1393 2160 Deo
1415 2105 1609 2174 inposterum
1633 2102 1796 2156 secunus.
1832 2102 1911 2159 Rom
1930 2108 1955 2171 e,

215 2158 345 2240 &tionis
363 2191 542 2251 sacramento,
563 2185 700 2259 baptismo
714 2189 828 2259 scilicet,
846 2205 962 2261 quorum
974 2189 1095 2244 omnium
1121 2210 1147 2248 v.
1166 2197 1199 2248 3:
1217 2193 1263 2246 An
1281 2190 1429 2261 r'pnorctrir,
1447 2191 1515 2261 puio
1533 2189 1688 2259 quicunque
1708 2188 1845 2258 baptizoti
1860 2206 1955 2243 sumus

217 2262 235 2293 ⁰·
262 2288 343 2327 rerus
369 2289 403 2327 uo
429 2273 492 2343 pius
515 2290 581 2328 usus
599 2275 726 2329 consistit
742 2275 772 2329 in
789 2274 832 2330 his
848 2274 994 2331 membris:
1016 2280 1037 2331 l.
1057 2275 1096 2332 Ut
1121 2279 1151 2332 ἐπ
1166 2277 1308 2332 ΟΙιείααεπ
1316 2279 1424 2341 Jeeurn,
1443 2278 1472 2332 r'n
1489 2284 1604 2332 mortem
1620 2276 1682 2345 ejus
1695 2275 1829 2345 baptizoti
1838 2277 1955 2328 mnus?

263 2360 366 2430 gratias
389 2358 451 2412 Deo
481 2375 597 2430 agamus
624 2376 675 2430 pro
701 2360 874 2418 institutione
897 2360 980 2432 hujus
1004 2377 1094 2416 saere-
1121 2381 1147 2422 v.
1164 2370 1200 2421 tt
1230 2364 1394 2434 Coruepulti
1416 2380 1483 2432 erpo
1506 2380 1601 2417 summ
1623 2378 1685 2415 curn
1706 2360 1760 2416 illo
1778 2376 1833 2429 per
1851 2359 1954 2430 bopts‘e·

262 2445 355 2512 menti,
373 2461 423 2515 per
442 2443 518 2515 quod
535 2445 566 2500 in
583 2446 682 2502 foedus
699 2447 808 2518 gratiae
826 2447 983 2518 recipimur,
1001 2462 1094 2517 apeo·
1121 2469 1196 2504 mum
1224 2451 1255 2504 tn
1284 2459 1416 2520 mem,
1442 2456 1474 2504 ot
1502 2450 1734 2520 quenadmodum
1764 2446 1892 2500 mereo
1923 2461 1956 2501 eo

262 2531 328 2587 cotis
346 2531 519 2595 mundamur,
536 2548 740 2604 regeneramur,
759 2550 924 2588 renovamur
937 2550 971 2588 ec
989 2532 1095 2604 Spiritu
1121 2537 1240 2591 mortuis
1256 2537 1409 2591 recurrexit
1422 2552 1477 2606 per
1493 2535 1616 2604 plocium
1633 2534 1740 2600 Potrie,
1759 2535 1800 2586 tto
1818 2541 1844 2586 et
1860 2548 1912 2586 nor
1924 2532 1956 2585 r‘n

262 2623 358 2672 sancto
384 2617 479 2672 donati
508 2617 558 2672 filii
586 2618 641 2674 Dei
671 2626 699 2674 et
723 2619 839 2676 heredes
867 2620 940 2675 vitae
967 2626 1096 2675 aeternae
1122 2625 1243 2678 novitate
1264 2623 1339 2676 vitoe
1361 2621 1540 2676 ambulemus.
1579 2619 1721 2691 Baptizati
1745 2635 1839 2673 sumus
1860 2617 1889 2672 in
1907 2633 1955 2671 no·

262 2703 413 2759 scribimur.
458 2703 540 2758 Plato
565 2711 732 2760 memoratur
755 2707 859 2777 pause
883 2707 946 2762 Deo
971 2705 1096 2778 quotidie
1122 2727 1185 2764 men
1204 2709 1304 2777 Patris,
1324 2708 1388 2762 Filii
1408 2714 1436 2763 et
1449 2708 1568 2779 Spiritus
1585 2707 1688 2775 uncti,
1709 2721 1776 2779 ergo
1792 2705 1821 2759 in
1835 2705 1955 2774 Patrem,

263 2790 364 2861 egisse,
390 2791 464 2861 quod
483 2790 624 2860 Graecus,
646 2809 703 2846 non
723 2791 857 2848 burburus
877 2800 958 2848 natus
978 2793 1028 2859 sit;
1045 2810 1095 2848 noe
1122 2796 1224 2850 Filium
1250 2801 1279 2850 et
1300 2794 1432 2866 Spiritum
1457 2801 1595 2862 sanetum,
1621 2810 1707 2847 unum
1733 2808 1828 2847 verum
1854 2790 1955 2852 Deum.

262 2878 344 2948 longe
358 2877 490 2946 justiores
510 2893 544 2931 ac
560 2878 703 2949 graviores
721 2895 820 2934 causes
839 2879 973 2934 hebemus
991 2879 1096 2949 suppli·
1122 2900 1178 2936 non
1194 2884 1223 2936 in
1240 2887 1382 2936 creaturae
1400 2881 1512 2937 credere
1532 2880 1678 2943 debemus;
1704 2878 1820 2949 impium
1838 2883 1881 2932 est
1897 2894 1954 2932 cre·

262 2979 308 3018 ces
327 2963 451 3033 quotidie
469 2969 497 3017 et
508 2964 569 3019 Deo
587 2964 689 3036 agendi
708 2965 821 3036 gratiss,
839 2966 915 3037 quod
932 2983 966 3020 ex
976 2965 1097 3036 parenti·
1123 2969 1189 3022 dere
1207 2966 1238 3021 in
1257 2982 1328 3031 eum,
1344 2966 1374 3022 in
1392 2982 1475 3036 quem
1492 2982 1548 3021 non
1566 2981 1596 3020 es
1614 2964 1781 3036 baptizatus.
1815 2962 1955 3034 Baptizati

262 3049 314 3104 bus
338 3049 501 3104 Christianis
528 3050 587 3105 nati
611 3068 662 3121 per
682 3048 851 3120 baptismum
875 3052 912 3107 od
940 3050 1025 3105 vitam
1052 3068 1095 3106 ee·
1123 3070 1218 3107 sumus
1236 3052 1265 3107 in
1282 3069 1382 3107 nomen
1396 3051 1496 3118 Patris,
1513 3050 1578 3105 Filii
1596 3057 1625 3105 et
1635 3050 1754 3121 Spiritus
1768 3049 1870 3118 euncti;
1889 3066 1956 3119 ergo

261 3144 369 3192 ternam
392 3137 477 3190 simus
499 3138 595 3193 renati.
640 3138 774 3211 Magnum
790 3140 844 3194 Dei
862 3138 1028 3195 beneficium
1047 3143 1097 3207 est,
1123 3140 1249 3208 Patrem,
1277 3139 1380 3194 Filium
1403 3146 1431 3194 et
1454 3138 1588 3209 Spiritum
1615 3143 1754 3205 sunctum,
1783 3152 1838 3189 non
1861 3141 1955 3190 eutem

263 3223 337 3293 quod
365 3239 414 3276 noe
447 3222 536 3276 salvos
565 3230 594 3278 et
627 3223 778 3280 incolumes
808 3225 837 3280 in
863 3225 937 3280 bunc
962 3225 1096 3280 mundum
1123 3231 1264 3281 creaturus
1292 3225 1420 3281 invocare
1450 3224 1591 3279 debemus.
1630 3223 1714 3278 Busil.
1734 3221 1813 3292 epist.
1833 3225 1881 3276 78:
1913 3221 1958 3273 δεῖ

263 3308 340 3364 nesci
365 3309 497 3375 voluerit,
527 3309 575 3365 sed
599 3309 681 3382 longe
708 3314 799 3382 mejus
818 3311 984 3368 beneficium
1003 3317 1047 3366 est
1063 3328 1097 3366 uc
1124 3311 1196 3387 ἡμᾶς
1213 3317 1407 3380 βαπτίζεσθαι,
1427 3311 1462 3372 ὡς
1481 3309 1682 3384 παρελάβομεν·
1700 3305 1840 3362 necetius
1858 3307 1903 3370 δὲ,
1920 3304 1956 3367 ὡς

262 3396 379 3465 proinde
402 3396 522 3450 aeternis
545 3396 699 3466 praeconiis
720 3398 850 3470 dignum,
876 3398 951 3470 quod
971 3414 1005 3452 er
1023 3414 1097 3470 eque
1123 3398 1318 3472 βαπτιζόμεθα·
1342 3397 1464 3463 δοξάζειν
1486 3399 1532 3469 dl,
1557 3397 1594 3460 εἰς
1610 3395 1830 3469 πεπιστεύκαμεν
1848 3396 1955 3466 πατέρα

263 3489 292 3538 et
309 3482 414 3552 Spiritu
436 3483 526 3538 renuti
552 3484 631 3539 etin
656 3485 790 3541 ecclesiae
806 3484 974 3540 consortium
992 3483 1096 3554 recepti
1123 3491 1168 3540 cul
1198 3488 1262 3540 υἱὸν
1291 3489 1338 3539 rol
1366 3486 1450 3556 ἅγιόν
1475 3487 1593 3553 πνεῦμα.
1641 3481 1781 3554 Buptizuti
1804 3498 1898 3535 sumus
1926 3480 1954 3533 in

264 3587 341 3640 spem
362 3570 436 3625 vitae
456 3576 584 3625 aeternae
602 3571 714 3626 minime
732 3571 844 3626 dubiam
857 3570 999 3627 hebemus.
1020 3578 1043 3628 2.
1058 3571 1097 3627 Ut
1123 3591 1223 3628 nomen
1240 3573 1342 3642 Patris,
1360 3572 1425 3626 Filii
1445 3579 1473 3627 et
1490 3571 1609 3642 Spiritus
1629 3569 1732 3639 suncti3
1751 3585 1817 3640 ergo
1833 3567 1954 3630 Patrem,

264 3656 318 3711 hoc
337 3655 403 3711 fidei
421 3656 565 3727 signaculo
585 3657 613 3711 in
631 3657 758 3713 omnibus
778 3658 920 3727 periculis,
940 3657 1096 3713 tentaberi-
1123 3660 1277 3715 Filiumset
1300 3657 1432 3729 Spiritum
1458 3663 1597 3725 sunctum,
1627 3674 1712 3711 unum
1735 3671 1830 3710 verum
1854 3652 1954 3720 Deum,

263 3742 317 3796 bus
337 3749 365 3796 et
383 3743 507 3796 adversis
527 3749 623 3798 contm
641 3743 771 3799 Setenam
791 3744 906 3814 ejusque
924 3760 1029 3816 organa
1046 3760 1096 3798 nos
1122 3748 1221 3815 colere,
1239 3746 1275 3801 eb
1294 3746 1354 3816 ipso
1372 3744 1465 3800 omnia
1482 3745 1518 3798 ed
1535 3744 1606 3797 hanc
1624 3750 1653 3799 et
1669 3742 1792 3797 futuram
1810 3739 1893 3794 vitem
1908 3756 1954 3794 ne·
1966 3750 2002 3794 1¹.
2017 3749 2063 3792 tlt

263 3845 415 3897 armemus,
443 3829 567 3900 exemplo
589 3829 706 3884 Doridis
729 3836 824 3884 eontm
842 3829 999 3885 Golietbem
1024 3848 1095 3900 pug-
1122 3833 1242 3889 cessaria
1263 3849 1373 3902 sperare
1397 3832 1481 3902 inque
1499 3837 1597 3885 sancto
1615 3829 1712 3884 timore
1730 3828 1770 3882 illi
1788 3826 1889 3882 servire
1908 3824 1954 3879 de·

263 3916 366 3984 nantis,
387 3922 408 3974 1.
429 3914 503 3970 Sam.
524 3922 564 3984 lt,
585 3934 609 3970 v.
632 3920 672 3971 te.
701 3915 796 3987 Ignita
812 3915 932 3971 Satanae
949 3916 1095 3970 telascuto
1122 3921 1227 3976 bemus.
1258 3918 1450 3974 Nazianzenus
1465 3922 1533 3973 orat.
1553 3923 1594 3971 40.
1615 3916 1644 3969 in
1661 3935 1682 3969 s.
1700 3914 1828 3985 baptism.
1850 3930 1875 3982 p.
1888 3917 1953 3966 till:

263 4002 328 4057 fidei
356 4008 472 4072 excepta
496 4000 525 4054 in
553 4018 627 4070 aqua
651 4000 783 4072 baptismi
807 4002 945 4074 exstingui
972 4009 1096 4072 possunt,
1123 4005 1205 4060 Nihil
1227 4006 1311 4058 aliud
1334 4021 1393 4057 esse
1416 4005 1471 4055 uim
1494 4010 1520 4055 et
1535 4001 1703 4068 focsdtotem
1721 3999 1853 4068 baptismi
1870 3997 1954 4050 oesti-

263 4088 365 4159 Ephes.
390 4094 419 4154 6,
446 4106 473 4140 v.
499 4092 538 4143 te.
581 4086 712 4142 Refertur
736 4087 771 4142 de
797 4087 882 4142 nobili
900 4089 1020 4159 quadam
1039 4105 1095 4142 me·
1122 4109 1200 4146 mare
1219 4092 1349 4145 debemur
1365 4107 1449 4159 pssum
1468 4090 1607 4143 secundae
1625 4088 1698 4140 vitoe
1719 4103 1753 4139 oc
1766 4085 1896 4154 purior-ie
1916 4084 1955 4136 αι’-

263 4183 357 4244 trouu,
388 4176 463 4246 quod
489 4175 658 4247 purissimis
682 4175 802 4230 Satanae
825 4175 1023 4230 tentationibus
1047 4192 1094 4246 op·
1121 4180 1206 4231 cendi
1227 4178 1348 4232 rationis
1366 4183 1482 4244 pactum
1504 4192 1566 4227 curn
1589 4176 1653 4227 Deo
1680 4172 1778 4225 initum
1801 4169 1955 4238 (συνθήκας

264 4271 390 4335 pugnata
409 4263 540 4334 baptismi
558 4263 824 4318 administrationem
845 4263 947 4317 intuite
965 4279 1021 4316 non
1041 4280 1096 4317 me·
1122 4263 1191 4336 πρὸς
1214 4265 1283 4318 θεὸν
1306 4265 1435 4332 δευτέρου
1454 4266 1516 4325 βίου
1535 4263 1582 4313 καὶ
1597 4264 1735 4318 πολιτείας
1751 4260 1954 4331 καθαρωτέρας)

265 4351 386 4405 diocrem
406 4350 621 4405 consolationem
634 4365 668 4404 ex
682 4366 714 4404 eo
728 4349 892 4420 perceperit,
911 4349 985 4420 quod
1000 4349 1095 4404 eodem
1122 4369 1156 4404 oc
1177 4351 1302 4420 proinde
1326 4349 1370 4403 uel
1393 4349 1514 4401 monimo
1537 4346 1567 4400 in
1591 4353 1664 4398 metu
1684 4360 1776 4397 omnes
1794 4360 1854 4397 erse
1871 4350 1955 4413 atque

265 4437 346 4491 modo
365 4454 395 4491 se
416 4436 444 4490 in
459 4435 579 4490 infantili
599 4441 691 4491 aetate
708 4434 877 4505 baptizatam
896 4437 981 4506 inque
997 4435 1096 4491 foedus
1122 4437 1199 4492 omni
1221 4437 1350 4491 custodia
1369 4436 1479 4489 animos
1497 4441 1607 4487 nostroe
1623 4446 1736 4485 semare
1757 4430 1901 4495 debemur,
1920 4447 1955 4482 ne

266 4524 373 4596 gratiae
392 4529 532 4591 receptam
552 4521 650 4576 edocte
662 4521 760 4576 fuerat.
788 4523 820 4557 t*
828 4521 877 4578 Uti
890 4521 1029 4576 Lutherue
1049 4539 1095 4576 no·
1121 4526 1172 4578 froc
1194 4531 1310 4593 pactum
1333 4523 1454 4576 violasse
1476 4520 1688 4590 comperiamur.
1733 4518 1809 4571 Nom
1834 4534 1895 4569 cum
1914 4517 1956 4568 od

264 4610 346 4669 tevit,
376 4609 424 4680 qui
454 4614 519 4662 tom.
549 4614 569 4662 l.
597 4608 658 4664 Lat.
682 4608 745 4664 den.
769 4624 846 4662 conc.
875 4615 897 4664 1.
922 4609 958 4663 de
981 4625 1095 4664 sacrum.
1121 4619 1218 4663 multuo
1241 4609 1382 4662 bominum
1402 4616 1491 4677 pocta
1504 4608 1652 4676 firmando
1678 4607 1759 4658 Deus
1777 4604 1885 4658 medius
1903 4604 1954 4655 od·

265 4695 395 4767 baptismi
415 4713 441 4764 p.
458 4699 516 4749 321.
536 4710 565 4748 u:
594 4697 633 4751 St
653 4695 681 4756 tt
701 4695 754 4749 ltin
774 4696 882 4750 onbtttt
903 4696 1024 4763 qtdfttttt
1042 4698 1095 4750 uttb
1121 4696 1214 4750 biberi
1238 4695 1343 4762 soleat,
1366 4702 1501 4763 quantum
1530 4710 1633 4762 ρααεαο
1662 4691 1818 4761 periculum
1841 4697 1893 4754 eet,
1921 4704 1954 4741 ne

264 4784 415 4852 lirblidttttt
437 4781 513 4850 Steti
536 4781 563 4835 itt
587 4780 667 4851 bitltt
684 4782 752 4837 utut
778 4783 824 4836 ue
846 4782 885 4836 bit
903 4783 1004 4850 Saule,
1030 4784 1096 4837 brun
1120 4785 1244 4848 foedera
1270 4798 1331 4834 eum
1347 4782 1412 4834 Deo
1437 4780 1498 4848 apso
1523 4786 1668 4832 contractu
1685 4776 1857 4847 perfrepc'ure
1875 4791 1954 4844 repe·

265 4871 338 4939 buttb
358 4869 398 4923 tit
415 4867 501 4933 iuuit
520 4867 643 4936 etlutmtn
661 4867 711 4921 tuit
730 4867 824 4924 <tuobe
842 4865 895 4922 ureb
915 4867 1095 4937 Sutmlttrpiq·
1121 4871 1231 4923 riornur
1248 4886 1282 4920 oc
1296 4874 1411 4936 praeter
1429 4866 1490 4919 ulio
1507 4873 1627 4934 peccota
1646 4865 1737 4934 ipsius
1754 4878 1861 4932 quoque
1881 4879 1954 4914 rnen·

263 4955 317 5012 trit.
367 4961 395 5008 et
420 4960 483 5008 tom.
512 4958 535 5007 2.
568 4953 628 5008 Iret.
657 4952 769 5007 tenens.
797 4953 832 5006 de
864 4953 964 5022 captiv.
996 4952 1094 5023 Babyl.
1122 4954 1201 5008 ducii
1226 4955 1306 5023 opud
1332 4952 1458 5006 ceritotir
1477 4950 1600 5003 tribunal
1618 4952 1661 5003 rei
1672 4966 1852 5020 peropamur.
1887 4947 1953 5002 Am·

263 5060 290 5113 p.
306 5048 368 5097 271:
388 5041 455 5095 tlon
470 5040 519 5108 [itit
532 5048 585 5095 butt
598 5039 668 5094 tinet
681 5039 792 5110 beiliqtn
805 5041 984 5109 §tunqttouttq
1000 5039 1094 5107 totldtt,
1121 5041 1229 5096 brosius
1247 5039 1294 5094 lib.
1310 5046 1332 5094 1.
1351 5038 1386 5092 de
1404 5053 1473 5091 sacr.
1486 5054 1509 5092 c.
1525 5042 1548 5091 6.
1565 5043 1631 5091 tom.
1643 5043 1667 5091 4.
1686 5055 1713 5106 p.
1728 5041 1790 5091 429:
1808 5035 1953 5088 Abrenun·

264 5129 290 5197 lo
314 5130 354 5195 uit
378 5128 411 5196 [tt
437 5127 601 5194 unptfodttrtt
624 5127 743 5190 tootbttt,
770 5141 823 5182 αυτ
847 5127 895 5182 mit
919 5126 988 5195 iltttt
1011 5126 1095 5193 Subit
1122 5125 1509 5194 tinstidioboloetoperibue
1522 5124 1590 5192 suis,
1605 5122 1811 5177 abrenuntiasti
1823 5121 1954 5175 seculoet

263 5216 307 5285 fid)
338 5215 461 5283 peccent
490 5213 544 5267 urb
567 5213 670 5281 ltrtlidt
696 5213 782 5283 pelopi
806 5214 883 5282 bobr:
912 5213 960 5282 {trip
985 5211 1029 5266 bin
1054 5213 1096 5267 tin
1122 5213 1311 5282 voluptatibus
1321 5213 1445 5278 ejusetc.
1458 5226 1560 5263 memor
1571 5217 1628 5262 erto
1640 5208 1775 5260 eumenis
1787 5208 1835 5274 tui,
1848 5216 1874 5261 et
1884 5225 1954 5260 nun·

263 5303 362 5373 dbtiit,
389 5303 454 5356 btutt
479 5301 521 5356 brt
544 5299 624 5370 &tint
654 5301 692 5355 bit
713 5302 791 5367 iltuit
811 5304 853 5356 brt
873 5300 958 5367 Subit
979 5300 1031 5354 uub
1051 5300 1096 5354 bet
1124 5318 1208 5370 quum
1232 5299 1283 5350 titt
1303 5298 1413 5349 occidat
1437 5305 1502 5349 tuoe
1520 5297 1607 5348 serice
1624 5293 1769 5347 cautionis.
1810 5294 1845 5346 Si
1862 5294 1954 5348 odiro·

263 5389 420 5452 (mouisse,
453 5387 479 5456 io
507 5401 543 5441 ott
571 5388 613 5442 tu
639 5387 774 5457 dbubrbtit
802 5389 844 5442 brt
872 5386 1005 5455 pitilidtttt
1034 5386 1096 5442 Stra
1123 5386 1262 5455 propitum
1279 5383 1386 5436 bomini
1403 5383 1529 5451 dederis,
1548 5380 1650 5435 tenerit
1666 5379 1807 5444 odnociue,
1826 5387 1857 5433 ut
1870 5397 1955 5448 pecu·

262 5474 376 5545 btifiuug
403 5474 527 5543 ptbofttt,
555 5472 615 5527 balb
644 5473 796 5543 bttilunbttt
825 5474 886 5541 bobr
912 5474 965 5527 ηαδ
985 5482 1037 5528 bun
1058 5472 1097 5541 ibt
1124 5473 1200 5524 stium
1219 5470 1429 5539 ejusoccr'pr'os,
1446 5468 1548 5522 teneris
1563 5466 1726 5534 ocletrictue,
1741 5466 1956 5519 etreluctontem

262 5561 388 5631 pemidttu
412 5560 491 5625 Ῐεί.**
526 5558 684 5613 Fridericus
709 5558 880 5614 Barbarossa
902 5557 1052 5627 imperator
1069 5557 1098 5611 in
1124 5567 1149 5612 te
1159 5559 1330 5625 foenerator
1348 5555 1515 5622 adstrinpr't,
1533 5553 1560 5605 α’
1576 5568 1703 5619 εααεαε,
1721 5552 1804 5605 codis
1823 5553 1865 5604 od
1873 5551 1956 5620 judi-

260 5648 384 5708 flumine,
404 5663 467 5700 cum
487 5647 553 5702 inde
571 5663 693 5702 emersus
706 5652 785 5710 esset,
805 5653 869 5700 ente
882 5644 1009 5699 ultimum
1023 5644 1097 5699 vitae
1124 5662 1182 5698 cern
1200 5651 1284 5712 atque
1302 5641 1364 5693 illic
1379 5649 1429 5694 tuo
1440 5639 1566 5694 cautione
1578 5638 1757 5692 conunceris.
1790 5637 1956 5706 Ubipromi·

261 5736 380 5792 halitum
397 5732 608 5789 commonefecit
633 5749 662 5789 se
681 5731 803 5788 fluminis
822 5730 953 5804 baptismi
971 5730 1023 5790 sui.
1059 5729 1097 5788 Et
1123 5730 1210 5800 seris,
1235 5728 1398 5798 considero,
1417 5726 1461 5781 cel
1480 5725 1579 5796 quidus
1590 5724 1767 5797 promuerit.
1803 5721 1956 5795 Chiroprc-
