4800 6659
473 495 533 553 sat
762 502 767 511 ⁸
1140 482 1266 542 Locus
1284 481 1490 543 messurus

363 647 459 694 11-288·
472 642 559 709 ferni,
578 642 655 697 locus
668 641 795 697 horridus
812 646 842 697 et
858 640 1038 711 animosus,
1057 639 1131 713 qnod
1150 657 1207 695 non
1224 639 1311 712 possit
1345 645 1365 696 1.
1380 637 1468 710 Apoc.
1481 645 1521 710 lb,
1535 657 1559 695 r.
1570 646 1599 696 7:
1620 639 1858 702 Quemadmodum
1873 652 1904 694 ae
1916 638 2089 708 aloririeaoit
2101 647 2130 693 et
2146 639 2178 692 ia

472 729 527 785 illis
555 728 664 784 infundi
686 728 746 784 ulla
770 729 901 799 scientia,
924 745 988 783 cum
1014 743 1074 782 eam
1091 744 1147 782 non
1169 742 1310 798 promeru-
1336 725 1447 780 deliciae
1458 726 1537 793 suit,
1554 733 1661 780 tardum
1682 729 1746 779 data
1766 726 1813 780 uls·
1832 733 1996 780 tormentum
2016 734 2042 780 et
2059 726 2177 780 luctam

473 818 545 873 erint
563 814 643 871 bonis
661 814 810 886 operibus,
829 832 879 871 nec
898 815 985 886 gratis
1005 813 1102 869 donari
1119 813 1222 884 possit,
1246 830 1310 867 cum
1336 815 1375 868 At
1397 813 1517 883 parrmli
1540 814 1623 867 aritia
1648 813 1759 866 ratione
1786 829 1815 866 se
1838 812 2049 881 alorifiearant,
2075 829 2127 866 uec
2145 813 2177 866 ia

471 908 668 976 postmortem
686 902 796 957 nonsit
815 909 923 972 tempus
953 900 1075 972 gratiae,
1104 901 1178 971 quod
1192 900 1309 955 homini·
1336 901 1447 954 deliciis
1464 902 1594 968 suerunt,
1612 899 1723 952 uultum
1741 898 1828 967 ipitar
1846 906 1988 953 mereatur
2007 906 2175 952 madum

471 989 524 1044 bus
542 988 571 1042 in
588 988 665 1060 puris
684 988 859 1043 naturalibus
873 986 1079 1056 decedentibus,
1099 1004 1155 1041 non
1174 986 1309 1042 debeatur
1335 996 1363 1040 et
1396 989 1507 1042 iactam.
1562 987 1787 1058 Respondemus:
1825 985 1899 1041 dicto
1929 985 1978 1041 illo
2006 986 2043 1040 de
2077 986 2175 1056 poenis

471 1075 607 1130 naturalis
634 1075 777 1131 beatitudo
796 1081 848 1131 etc.
884 1073 1025 1138 Quaedam
1044 1072 1173 1128 laborant
1194 1073 1308 1129 elencho
1336 1090 1455 1144 magnae
1481 1073 1632 1128 meretricis
1651 1072 1806 1142 Babylonis
1832 1077 1945 1127 notatur
1969 1072 2075 1143 gradus
2103 1090 2175 1126 surn-

472 1162 702 1233 consequentiae,
733 1167 829 1234 utpote
849 1160 915 1233 quia
934 1160 1053 1214 infantes
1071 1164 1224 1214 nascuntur
1245 1177 1307 1228 pec·
1335 1178 1395 1214 mus
1413 1165 1626 1228 tormentorum
1647 1158 1695 1230 qui
1714 1163 1789 1213 recte
1807 1163 1927 1230 negatur
1937 1158 2063 1228 parvulis
2076 1158 2175 1214 infide

471 1252 534 1303 cato
547 1247 677 1320 originali
689 1247 815 1316 obnoxii,
834 1253 933 1301 natura
947 1253 1012 1301 sunt
1023 1245 1073 1300 filii
1087 1245 1143 1300 irae
1156 1252 1184 1300 et
1205 1246 1308 1316 captivi
1335 1246 1418 1315 lium,
1449 1251 1620 1300 nontamen
1642 1244 1871 1315 ipsadamuatio.
1910 1244 1980 1300 Luc.
2005 1250 2048 1312 12,
2076 1262 2103 1297 v.
2124 1251 2173 1300 tr:

471 1335 600 1391 Satanae.
651 1334 727 1403 Ergo
752 1333 811 1387 sine
841 1333 979 1404 baptismo
1004 1332 1170 1388 decedentes
1194 1338 1309 1387 aeterna
1339 1333 1441 1386 Seruus
1469 1333 1519 1402 qui
1541 1333 1616 1393 renuit
1641 1331 1811 1385 rraluutatem
1829 1331 1964 1401 Domini,
1990 1347 2041 1384 aaa
2054 1333 2176 1400 parauit

471 1426 558 1475 morte
573 1426 690 1491 pereunt
710 1437 812 1475 omnes.
837 1419 925 1490 Atqui
937 1420 1113 1475 concedimus
1132 1420 1308 1489 antecedens,
1334 1437 1363 1472 se
1391 1422 1432 1473 ad
1457 1420 1624 1485 faciendam
1656 1435 1732 1487 eam,
1755 1418 1903 1488 vapulabit
1929 1418 2041 1483 multia·
2073 1436 2099 1472 v.
2126 1423 2173 1473 te:

472 1507 521 1562 sed
548 1523 683 1577 negamus
712 1522 896 1576 consequens,
925 1505 1121 1577 distinguimus
1145 1506 1218 1560 enirn
1236 1506 1309 1560 inter
1335 1507 1385 1577 qui
1409 1515 1500 1560 autem
1519 1525 1575 1559 aon
1593 1506 1670 1559 uouit
1686 1507 1797 1567 faciens
1815 1499 1903 1573 dipsa
1917 1505 2030 1574 plauit,
2054 1506 2174 1573 vaputa-

472 1593 641 1647 ordinarium
661 1592 878 1663 regenerationis
897 1592 1032 1657 medium,
1053 1593 1127 1664 quod
1145 1599 1186 1647 est
1205 1593 1308 1663 baptis·
1336 1593 1374 1645 bit
1392 1593 1501 1661 paucis.
1539 1590 1651 1645 Gradus
1669 1590 1756 1662 igitur
1773 1597 1854 1645 erunt
1868 1607 2034 1661 poenarum,
2062 1589 2173 1646 interim

471 1698 546 1747 mus,
571 1685 598 1733 et
618 1679 690 1733 inter
709 1679 955 1734 extraordinariam
974 1679 1028 1733 Dei
1055 1679 1174 1750 gratiam
1192 1679 1221 1732 in
1242 1696 1308 1733 casu
1335 1685 1428 1733 tamen
1455 1679 1483 1731 in
1512 1678 1621 1732 inferno
1648 1677 1742 1731 nullus
1767 1677 1819 1731 erit
1841 1677 1924 1747 plane
1947 1692 2048 1747 expers
2068 1694 2173 1746 poenae

471 1764 660 1834 necessitatis3
677 1766 873 1837 distinguimus
886 1766 958 1821 inter
970 1766 1071 1820 liberos
1081 1766 1307 1834 Christianorum,
1335 1783 1439 1820 sensus.
1481 1765 1657 1837 Augustinus
1682 1765 1729 1820 lib.
1755 1770 1779 1820 5.
1804 1764 1833 1817 iu
1858 1762 1962 1818 Julian.
1985 1780 2009 1816 c.
2035 1768 2065 1818 8:
2106 1763 2173 1826 Quis

471 1850 519 1922 qui
542 1867 592 1920 per
614 1852 675 1921 pias
699 1868 797 1922 preces
817 1859 963 1921 parentum
990 1857 1017 1907 et
1036 1852 1170 1907 ecclcsiae
1190 1852 1250 1906 Deo
1268 1851 1308 1905 of·
1335 1854 1523 1916 dubitauerit,
1541 1853 1676 1921 paruulos
1694 1869 1750 1904 uon
1769 1851 1923 1919 baptizatae
1941 1850 1971 1902 iu
1990 1851 2169 1902 damnatione

471 1936 607 2004 feruntur,
636 1944 664 1991 et
682 1938 753 1992 inter
771 1938 871 1993 liberos
887 1937 1057 2006 infidelium,
1085 1938 1132 2008 qui
1151 1938 1218 1993 foris
1236 1945 1308 2007 sunt,
1336 1941 1458 1993 omnium
1476 1940 1618 1993 leumsima
1629 1941 1764 2007 saturos,
1793 1954 1876 2007 quae,
1905 1936 2000 2006 paraus
2019 1945 2045 1989 et
2065 1946 2171 2006 meanto

473 2040 542 2094 quos
561 2023 613 2078 Dei
629 2024 736 2093 judicio
752 2024 940 2095 relinquimus.
1335 2026 1397 2092 erit,
1415 2026 1541 2096 quamuis
1561 2025 1679 2092 desinire
1698 2042 1754 2076 non
1771 2023 1884 2092 possim,
1902 2030 2067 2076 nontamen
2082 2025 2171 2075 audeo

345 2116 404 2167 ind
419 2115 469 2182 dt.
509 2114 568 2165 241.
605 2111 686 2174 Quod
705 2111 740 2165 ad
762 2111 851 2181 ipsam
869 2112 1026 2181 opinionem
1045 2110 1187 2165 Catharini
1209 2111 1243 2165 de
1261 2128 1308 2165 na·
1337 2113 1438 2174 dicere,
1460 2114 1537 2179 quod
1554 2113 1594 2165 eie
1613 2119 1645 2164 ut
1664 2111 1740 2165 ualli
1757 2117 1853 2176 essent,
1872 2126 1956 2179 queam
1974 2117 2004 2162 at
2023 2109 2065 2161 ibi
2077 2118 2171 2177 msera

345 2167 462 2260 &miii
475 2195 558 2249 turali
585 2196 758 2252 beatitudine
789 2197 927 2251 infantum
954 2203 1038 2268 atque
1066 2198 1183 2252 aliorum
1205 2198 1240 2251 de
1260 2198 1310 2252 tali
1333 2199 1428 2268 potius
1459 2199 1610 2267 expediret.
1653 2200 1685 2233 *³*
1695 2196 1860 2269 Fulgentius
1894 2196 1955 2252 libr.
1986 2196 2022 2251 de
2053 2195 2111 2250 fide
2138 2195 2199 2249 adn

257 2330 260 2335 .
345 2272 455 2362 {32¹3}
474 2281 540 2337 sede
563 2281 698 2352 ipsorum,
720 2284 749 2337 in
775 2301 831 2354 qua
852 2299 903 2338 nec
927 2283 999 2338 bene
1022 2301 1074 2338 nec
1097 2284 1169 2338 male
1193 2284 1247 2337 illis
1266 2284 1311 2352 sit,
1336 2285 1451 2340 Petrum
1471 2302 1494 2340 c.
1509 2291 1554 2340 27:
1575 2285 1751 2339 Firmissime
1771 2292 1832 2337 terre
1850 2291 1876 2336 et
1889 2283 2051 2336 numianus
2066 2283 2170 2349 dubita,

345 2375 447 2416 dumata
474 2368 583 2436 attinet,
604 2368 719 2424 dicimus
738 2369 910 2441 Scripturam
927 2389 982 2424 non
1000 2371 1052 2424 nisi
1073 2370 1127 2425 duo
1144 2370 1214 2439 loca,
1233 2371 1308 2426 vide·
1336 2389 1393 2423 uon
1412 2373 1502 2425 solum
1519 2370 1964 2439 bomiueajamratioueatentea,
1982 2370 2170 2421 amnestiam

475 2453 542 2508 licet
553 2456 660 2510 coelum
672 2462 701 2510 et
713 2456 859 2521 infernum,
880 2457 964 2510 vitam
983 2464 1011 2511 et
1028 2461 1143 2511 mortem
1160 2464 1309 2528 aeternam,
1332 2460 1478 2526 paruulos,
1497 2459 1547 2528 qui
1564 2460 1622 2512 sive
1639 2459 1669 2511 ia
1686 2459 1774 2510 utaris
1791 2464 1913 2509 matrum
1931 2456 2024 2508 uiuere
2035 2455 2170 2525 incipiant

475 2558 590 2612 regnum
623 2541 676 2597 Dei
707 2547 735 2597 et
768 2542 883 2608 diaboli,
915 2545 1075 2598 societatem
1104 2543 1254 2598 electorum
1283 2552 1310 2600 et
1335 2552 1362 2598 at
1390 2546 1430 2597 ibi
1452 2546 1628 2614 moriautar;
1660 2544 1716 2596 siae
1742 2561 1803 2596 oum
1821 2545 1856 2596 de
1876 2542 2015 2594 matribus
2033 2542 2098 2594 uati
2114 2543 2169 2595 siue

473 2627 675 2696 damnatorum,
694 2629 813 2684 salutem
829 2635 856 2683 et
871 2630 1075 2684 damnationem
1096 2647 1309 2686 commemorare
1335 2638 1510 2685 sacramenta
1542 2631 1718 2701 baptismatae
1746 2632 1781 2683 da
1810 2630 1861 2682 boa
1891 2629 1987 2681 secu-lo
2018 2623 2168 2694 transeant,

473 2713 626 2784 eademque
645 2712 697 2766 sibi
717 2712 835 2767 invicem
853 2715 1011 2769 immediate
1032 2733 1178 2786 opponere,
1196 2716 1308 2770 tertium
1335 2719 1409 2787 ipsuis
1426 2720 1535 2772 aeterni
1552 2719 1720 2787 sempiterno
1734 2715 1875 2786 supplicio
1883 2716 2050 2784 puniendos
2062 2716 2168 2769 eeae.**

474 2799 596 2869 aliquem
608 2800 699 2854 locum
711 2800 839 2869 nuspiam
854 2800 883 2855 in
896 2800 1044 2872 Scripturis
1064 2801 1188 2871 exprimi.
1212 2802 1309 2873 Augu·
1336 2812 1359 2862 2.
1370 2806 1433 2862 Esa.
1442 2811 1484 2874 bb,
1493 2811 1566 2862 att.
1577 2810 1605 2860 ct
1614 2805 1699 2859 Marc.
1710 2811 1735 2872 9,
1741 2821 1766 2860 r.
1773 2809 1814 2858 et.
1828 2802 2012 2872 coujuupitar
2023 2803 2100 2871 ienis
2112 2820 2168 2855 mem

474 2885 562 2939 stinus
581 2884 629 2940 lib.
647 2891 669 2940 l.
690 2885 724 2939 de
741 2902 818 2957 pecc.
837 2904 902 2942 mer.
921 2893 949 2942 et
966 2887 1056 2942 remis.
1076 2905 1100 2944 c.
1117 2894 1163 2944 28:
1184 2891 1250 2943 Nou
1269 2898 1309 2942 est
1334 2910 1434 2946 verme.
1476 2893 1583 2947 Vermis
1609 2909 1704 2946 eorum
1730 2909 1787 2943 aare
1815 2889 1948 2942 morietur
1975 2897 2001 2944 et
2024 2890 2100 2957 ipsis
2117 2907 2167 2941 uon

474 2971 549 3024 ultus
572 2972 628 3026 atii
650 2973 759 3026 madias
787 2973 881 3042 loeus,
905 2981 935 3026 ut
955 2976 1050 3043 possit
1075 2991 1150 3040 ease,
1173 2976 1232 3029 uisi
1247 2994 1308 3029 curn
1336 2981 1532 3049 esstiapuotur.
1564 2979 1680 3033 Constat
1700 2985 1801 3042 autam,
1817 2975 1955 3045 paruulos
1975 2976 2088 3029 aulwm
2104 2993 2166 3045 pas-

474 3058 602 3127 diabolo,
636 3059 686 3128 qui
714 3078 769 3113 aaa
797 3069 838 3113 est
868 3077 930 3113 eum
951 3061 1070 3115 Chresto.
1097 3078 1178 3116 serm.
1210 3068 1248 3118 14.
1274 3063 1309 3117 de
1334 3084 1416 3119 saroa
1441 3083 1563 3135 poenam
1590 3081 1623 3117 ee
1650 3081 1744 3117 morsa
1773 3063 1887 3128 sumu,
1916 3062 1967 3116 boa
1993 3070 2035 3115 eet
2061 3079 2093 3115 ee
2110 3080 2166 3115 eon·

472 3144 548 3200 verb.
567 3152 670 3216 apost:
696 3148 803 3200 Nullus
831 3155 871 3200 eet
894 3148 1009 3201 relictas
1026 3150 1133 3201 madius
1152 3150 1243 3219 locas,
1262 3151 1310 3202 abi
1334 3152 1452 3205 seientia
1471 3153 1542 3205 maii
1562 3151 1657 3220 operis
1677 3150 1800 3203 animam
1815 3156 1970 3218 pauperata,
1994 3164 2065 3215 erqo
2084 3150 2165 3201 oredi-

468 3249 577 3302 pouere
600 3250 687 3301 queas
712 3235 845 3302 infantes.
886 3237 932 3289 De
958 3235 1028 3288 visais
1047 3243 1073 3288 et
1094 3235 1212 3289 mortuis
1226 3237 1307 3303 judi·
1336 3239 1390 3292 biIa
1408 3246 1458 3307 est,
1476 3239 1585 3291 uellam
1601 3254 1741 3306 passuros
1759 3252 1817 3289 aeae
1838 3235 1911 3301 ipsis
1929 3235 2090 3288 materiatis
2105 3249 2164 3304 poe-

473 3319 596 3387 eabitur,
623 3320 679 3372 aiii
703 3329 782 3374 eruat
801 3323 843 3373 ad
861 3322 999 3390 deutrum,
1026 3321 1080 3374 alii
1098 3323 1139 3373 ad
1155 3322 1308 3390 sinistram,
1335 3343 1408 3381 uara.
1444 3324 1668 3393 Respondemus:
1698 3322 1791 3392 ignem
1816 3319 1915 3374 inferni
1938 3319 2112 3375 materialem
2128 3319 2164 3372 iu·

472 3424 528 3461 aaa
551 3407 618 3461 noui
645 3407 729 3460 ulirrd
752 3414 803 3462 etc.
834 3407 880 3461 lib.
902 3414 923 3462 1.
942 3408 977 3462 de
994 3409 1062 3479 orig.
1082 3426 1125 3463 an.
1145 3425 1168 3465 e.
1189 3415 1219 3464 9:
1244 3412 1307 3463 Non
1334 3419 1426 3465 turum
1453 3410 1562 3464 facilius
1591 3409 1647 3462 dici
1676 3412 1769 3478 potest
1791 3424 1874 3478 quam
1899 3407 2028 3477 probari,
2056 3423 2117 3461 curn
2136 3421 2163 3459 eo

474 3493 623 3562 baptizatas
646 3495 779 3563 paruulis
810 3512 888 3547 neruo
910 3496 1060 3563 promittat
1091 3497 1164 3548 inter
1190 3499 1308 3549 dremne·
1336 3497 1418 3551 etiam
1442 3498 1590 3551 daemones
1609 3500 1800 3565 torqueantur.
1836 3492 1896 3549 Nec
1916 3492 2059 3564 sequitur:
2084 3492 2125 3546 inf
2155 3522 2163 3530 ·

473 3580 576 3633 tionem
606 3598 775 3650 repetamque
805 3582 947 3635 coelorum
973 3583 1072 3650 quietis
1094 3582 1137 3634 ael
1159 3582 1309 3645 felicitatis
1335 3591 1376 3637 tes
1399 3582 1551 3637 infidelium
1578 3576 1701 3637 damnati
1726 3580 1816 3634 nullos
1844 3578 1964 3634 sentient
1982 3596 2089 3634 morsus
2106 3595 2176 3632 con—

473 3666 623 3735 aujuslibet
642 3675 725 3737 atqua
742 3669 856 3722 ubilibet
881 3669 964 3738 quasi
986 3669 1107 3723 irredium
1132 3671 1236 3737 locum,
1257 3671 1310 3724 boo
1335 3670 1467 3724 scientiae
1496 3673 1610 3738 propter
1640 3672 1756 3739 peccata
1783 3664 1906 3720 actualia
1931 3665 2075 3736 graviora,
2104 3680 2182 3733 ergo

474 3753 548 3805 euim
561 3753 601 3806 ais
615 3753 739 3808 haeresis
750 3756 911 3823 Pelopiaua
921 3757 1062 3825 promisit.
1090 3755 1136 3810 lib.
1152 3763 1175 3811 5.
1188 3756 1308 3828 hypog:
1330 3755 1418 3825 'plane
1436 3754 1513 3808 nulla
1532 3755 1653 3809 sentient
1670 3760 1820 3817 tormenta,
1836 3768 1900 3807 cum
1918 3750 2044 3806 infernus
2063 3752 2180 3805 matur

474 3839 603 3893 Primam
622 3841 713 3894 locam
726 3844 797 3907 fides
810 3842 949 3896 catholica
963 3843 1310 3897 diaiaaaactoritatecre-
1335 3843 1411 3894 locus
1442 3847 1647 3896 tormentorum.
1697 3839 1870 3910 Opponimus
1899 3837 1986 3908 igitur
2015 3838 2174 3911 generalem

474 3927 551 3979 didit
569 3943 626 3979 esse
644 3927 800 3996 coeloram,
826 3931 914 3996 anule,
937 3936 966 3980 ut
985 3929 1059 3993 disi,
1079 3947 1135 3981 nou
1154 3931 1310 3998 baptisatus
1337 3928 1412 3981 illam
1439 3927 1603 3982 sententiam
1633 3925 1735 3981 Christi
1759 3925 1858 3981 Matth.
1878 3930 1925 3991 25,
1946 3943 1971 3980 r.
1992 3930 2041 3980 tl:
2075 3926 2115 3977 Ite
2135 3923 2170 3973 iu

473 4013 632 4082 eremitam
650 4015 802 4066 sacrandum
820 4015 981 4082 pebeuaam,
999 4016 1049 4067 rabi
1067 4017 1157 4067 omnis
1177 4023 1310 4083 apostata
1336 4015 1427 4081 ipsam
1456 4022 1607 4066 aeternam.
1655 4011 1807 4083 Augustini
1837 4029 1916 4067 serm.
1943 4017 1982 4067 14.
2018 4011 2054 4066 de
2079 4008 2162 4063 verbis

472 4100 516 4153 eal
539 4118 558 4153 a
584 4098 692 4153 Christi
709 4101 771 4169 fide
798 4100 908 4152 alienus
934 4108 1050 4154 aeterna
1070 4102 1213 4171 supplicia
1231 4119 1310 4171 eape-
1336 4106 1436 4169 apost:
1462 4101 1568 4152 Nullus
1585 4100 1700 4152 relictus
1719 4099 1828 4151 aradius
1847 4098 1939 4162 lamas,
1957 4097 2008 4150 abi
2021 4115 2110 4166 porrus
2125 4096 2160 4146 in·

435 4187 438 4194 '
473 4186 578 4249 riatur,·
598 4187 711 4239 tertiam
726 4187 839 4255 penitus
858 4187 1032 4254 ipsoraruus,
1057 4188 1111 4241 imo
1130 4206 1185 4240 nou
1205 4205 1263 4242 esse
1281 4190 1310 4241 in
1336 4188 1447 4252 fautes;
1471 4188 1506 4238 de
1527 4186 1596 4239 niuis
1624 4193 1650 4237 et
1672 4184 1789 4239 mortuis
1800 4183 1997 4253 judicabitur,
2022 4184 2076 4237 alii
2091 4186 2156 4234 eruat

476 4271 634 4340 Scripturis
661 4274 767 4326 sanctis
796 4274 949 4326 invenimus
976 4280 1026 4328 etc.
1074 4275 1114 4331 Ut
1144 4291 1211 4345 ergo
1240 4276 1311 4330 inter
1337 4275 1377 4325 ad
1397 4274 1531 4338 dextram,
1551 4272 1606 4325 aiii
1624 4273 1665 4323 ud
1683 4270 1836 4337 sinistram,
1855 4287 1911 4322 nou
1927 4270 1996 4322 noui
2013 4271 2101 4323 aliud.
2130 4263 2154 4316 St'

473 4357 617 4412 credentes
635 4364 663 4413 et
681 4359 853 4426 incredulos,
880 4359 951 4413 inter
969 4360 1029 4430 pios
1049 4368 1078 4416 et
1098 4361 1212 4430 impios,
1239 4363 1310 4416 inter
1338 4377 1403 4426 erpo
1428 4361 1529 4411 deutra
1553 4358 1606 4410 erit
1623 4365 1649 4409 et
1669 4357 1800 4425 sinistra,
1819 4364 1845 4409 et
1861 4356 1972 4409 unllam
1990 4353 2151 4409 mediantis
2185 4366 2187 4371 ’

474 4444 598 4499 membra
616 4444 718 4498 Christi
742 4451 769 4499 et
800 4444 904 4500 diaboli
928 4464 983 4500 non
1009 4447 1093 4501 datur
1119 4447 1245 4515 tertium,
1271 4447 1311 4502 ita
1337 4465 1397 4498 erum
1422 4446 1451 4498 ia
1475 4444 1619 4512 eauapelio
1639 4443 1777 4511 nouimus,
1805 4460 1866 4496 eece
1886 4442 1915 4494 ia
1935 4445 2039 4496 deutra
2056 4455 2150 4511 requam

474 4545 527 4583 nec
550 4530 622 4583 inter
648 4547 763 4601 regnum
786 4531 924 4585 coelorum
955 4538 982 4586 et
1007 4532 1158 4602 infernum3
1193 4534 1310 4605 proinde
1336 4533 1477 4587 coetorum
1496 4540 1549 4592 est,·
1564 4531 1713 4600 porcipite,
1732 4530 1831 4598 inquit,
1849 4546 1983 4596 repam,-
2003 4529 2149 4598 quiibims

474 4615 538 4669 talis
556 4616 669 4685 quidam
697 4616 773 4671 locus
793 4633 826 4670 er
848 4617 956 4686 judicio
973 4617 1110 4673 humanae
1128 4619 1243 4673 rationis
1260 4638 1309 4689 pro
1338 4628 1390 4685 eet,
1417 4620 1447 4670 iu
1470 4618 1589 4670 sinistra
1610 4624 1666 4685 est‚·
1694 4616 1764 4685 quid
1786 4615 1840 4669 erit
1862 4616 1891 4668 in
1909 4616 2053 4670 sinistra!
2079 4616 2116 4668 Ita
2131 4610 2149 4661 iu

474 4700 627 4757 infantibus
652 4719 705 4757 non
733 4703 882 4773 baptizatis
904 4704 1121 4775 haudquaquam
1151 4707 1309 4777 excogitan·
1337 4707 1428 4774 ipram
1445 4713 1598 4758 aeteruum.
1634 4701 1772 4755 Addimus
1791 4707 2001 4772 argumentum:
2026 4701 2055 4757 Si
2073 4713 2148 4772 petet·

475 4788 541 4852 dus,
571 4787 600 4841 in
625 4805 679 4858 quo
703 4807 754 4845 nec
778 4789 862 4858 bene,
894 4807 945 4845 nec
968 4791 1040 4845 male
1068 4791 1135 4861 ipsis
1162 4793 1211 4860 sit,
1243 4794 1310 4863 quid
1337 4798 1395 4845 turn
1421 4790 1535 4862 originis
1559 4797 1601 4843 est
1624 4795 1738 4844 vereat
1762 4788 1873 4859 proprie
1891 4788 1999 4843 dictum
2018 4794 2149 4860 peccatum,

475 4874 569 4931 enim?
599 4890 636 4928 an
660 4891 715 4928 non
740 4876 813 4931 male
840 4876 907 4946 ipsis
936 4876 1020 4940 foret,
1049 4876 1072 4929 si
1097 4878 1237 4933 avisione
1256 4879 1310 4935 Dei
1337 4879 1432 4949 utique
1456 4894 1548 4947 poena
1573 4877 1633 4945 ejus
1652 4876 1704 4929 erit
1721 4892 1784 4931 vere
1803 4883 1831 4930 et
1848 4875 1960 4945 proprie
1979 4875 2056 4930 dicta
2073 4884 2148 4945 poem

475 4968 504 5017 et
526 4961 658 5017 societate
682 4963 843 5033 angelorum
861 4968 946 5033 atque
965 4963 1086 5017 omnium
1105 4971 1261 5020 sauctorum
1281 4985 1311 5021 se
1337 4968 1362 5017 3.
1383 4966 1484 5017 Patres
1500 4970 1602 5032 erepant
1622 4962 1725 5014 ustibus
1744 4962 1900 5029 infantibus
1924 4979 2045 5031 poariam
2063 4973 2146 5014 renat·

474 5048 585 5121 penitus
603 5048 632 5102 in
650 5054 793 5103 aeternum
811 5050 935 5104 exclusos
954 5050 1160 5120 intelligerent?
1336 5050 1560 5120 Respondemus:
1600 5064 1737 5101 summurn
1774 5047 1892 5119 gradum
1923 5064 2088 5117 poenarum,
2109 5057 2146 5096 nun

346 5139 462 5232 egnum,
510 5141 569 5191 242.
592 5134 661 5205 Cap.
673 5140 698 5190 l.
717 5135 900 5190 Bellarminus
910 5143 1024 5191 conatur
1035 5137 1231 5202 demonstrare,
1243 5156 1310 5206 par·
1337 5145 1429 5192 autem
1448 5152 1557 5189 omnem
1576 5134 1685 5189 omnino
1702 5149 1821 5206 poenam
1840 5140 1952 5204 negant.
1977 5133 2091 5189 Fatetur
2104 5131 2145 5198 ipse

347 5243 461 5292 tuumne
475 5223 555 5276 aulae
569 5223 629 5276 siue
646 5223 782 5290 baptismo
799 5225 962 5277 decedentes
981 5242 1037 5277 aon
1047 5224 1208 5292 prruieados
1216 5242 1310 5292 poena
1337 5222 1529 5285 bellarminus,
1540 5220 1712 5287 sententiam,
1723 5236 1795 5290 quae
1804 5218 1927 5288 parvulis
1939 5224 2058 5290 poeham
2071 5226 2143 5271 sensus

348 5293 462 5335 ueremn-
476 5327 572 5363 seusus
584 5310 640 5363 siae
654 5309 728 5378 ipsis
740 5309 889 5364 sensibilia.
908 5309 1024 5364 Fatetur
1033 5317 1134 5376 autem,
1144 5310 1310 5365 contrariam
1337 5312 1393 5364 sive
1418 5308 1490 5380 ignis
1512 5306 1650 5363 sensibilis
1672 5305 1852 5377 infligendam
1870 5305 1985 5374 statuit,
2011 5322 2064 5360 non
2081 5294 2143 5356 rideri

347 5348 437 5490 3²:¹3&
476 5396 656 5461 renuntiem,
682 5395 757 5467 quod
780 5394 885 5449 sufficet
902 5395 1010 5464 parvuli
1031 5396 1089 5450 sine
1107 5396 1246 5466 baptismo
1265 5397 1311 5474 de·
1337 5396 1372 5450 ab
1390 5395 1509 5450 ecclesia
1524 5393 1663 5448 catholica
1679 5392 1862 5463 reprobatam.
1898 5395 1923 5446 t.
1945 5392 2092 5446 Peccatum
2108 5382 2144 5438 ori·

347 5511 422 5550 poene
475 5484 605 5539 cedentes
624 5482 697 5536 omni
713 5497 815 5554 genere
829 5497 942 5550 poenae,
961 5488 1020 5536 tum
1040 5483 1133 5536 damni
1150 5490 1210 5537 tum
1227 5483 1311 5537 etiam
1337 5483 1412 5552 pinis
1449 5500 1504 5535 uon
1537 5481 1612 5534 tollit
1642 5481 1671 5532 in
1702 5479 1811 5533 bomine
1842 5478 1974 5531 ordinem
2005 5473 2143 5531 nemrot&
2191 5484 2199 5539 g

347 5561 437 5593 '‘⁰⁸⁰''
476 5586 573 5625 sensus
596 5575 624 5623 et
647 5569 675 5622 in
701 5568 792 5622 animo
819 5573 848 5621 et
872 5582 985 5637 corpore
1003 5569 1136 5637 puniendi
1156 5570 1228 5638 sint,
1255 5587 1310 5623 non
1336 5571 1387 5621 sed
1423 5567 1685 5637 supernaturalem,
1723 5565 1929 5619 conuersiauem
1963 5564 2091 5618 ridelr'cet
2117 5551 2144 5606 «1d

475 5654 564 5710 videri
583 5661 677 5725 aperte
698 5654 734 5709 ab
758 5652 875 5709 ecclesia
895 5653 1085 5723 reprobatam,
1114 5657 1191 5727 rejici
1217 5662 1311 5710 tamen
1338 5658 1445 5722 Dauus,
1469 5671 1525 5723 per
1553 5655 1656 5706 donum
1683 5652 1794 5721 pratiae
1820 5651 2046 5720 supernaturale.
2088 5645 2142 5735 litet
2182 5678 2194 5697 ..

475 5742 579 5815 passim
596 5742 624 5797 iu
643 5741 744 5798 scholis
762 5749 790 5798 et
805 5738 985 5812 sequentibus
1003 5744 1174 5814 argumentis
1186 5743 1310 5799 refutari.
1338 5759 1457 5811 aequam
1476 5749 1525 5809 ast,
1544 5748 1574 5793 at
1584 5756 1681 5810 poena
1696 5738 1810 5808 peccati
1824 5737 1976 5806 oripiaalie
1993 5737 2032 5792 ait
2044 5734 2142 5806 primm
