4800 6659
899 513 914 564 3·
952 502 1404 566 vitmmol’mmr
1963 517 2007 578 Μ

320 660 418 717 rum.
440 663 504 725 tre,
522 663 554 715 ὴ.
576 664 619 716 ro=
645 660 918 731 creatu-proper
941 664 1020 731 quos
1042 661 1150 716 neam
1213 666 1255 718 sa
1274 664 1418 719 eruca.
1434 638 1634 736 retransit:
1654 664 1751 721 rare
1762 657 2149 760 mmmmm·

318 766 384 802 nm.
420 752 446 805 2.
465 745 527 803 Cor.
545 752 576 815 4,
599 763 624 803 r.
646 750 690 803 ta:
715 747 856 802 Habentes
868 750 997 801 ‘eandm
1018 747 1149 817 spirim
1175 748 1239 816 Μ’,
1251 750 1542 820 possidetspurctum
1557 753 1635 807 cobis
1649 769 1767 821 raporum
1778 770 1798 807 s
1814 751 2009 809 amantem
2022 764 2107 805 annor

314 835 386 904 fido
407 842 436 887 εἰ
459 852 511 889 ⁹¹⁰⁸
534 834 690 903 sonmo,
712 842 832 903 propre·
857 836 935 904 evod
956 841 983 887 rt
1000 833 1149 902 optma.
1176 836 1283 889 memo.
1318 837 1437 891 Εωήυι·
1459 838 1532 891 aare
1555 845 1582 891 es
1608 839 1727 893 auro
1749 838 1821 895 marr
1836 841 2008 894 menan
2021 816 2137 911 {tm

320 927 341 976 5.
368 919 569 988 concedimus,
601 935 658 974 non
688 935 748 974 esse
772 936 867 976 veram
896 925 924 976 et
956 919 1094 992 integrm
1120 919 1150 974 in
1175 926 1228 977 etc.
1245 922 1294 975 sbi
1310 923 1387 976 ratio
1400 924 1670 978 additamento
1688 927 1818 984 ostendit.
1837 928 2009 995 bonnopsm

319 1006 401 1062 corde
424 1005 521 1074 fidem,
544 1005 567 1059 si
592 1022 649 1060 non
672 1005 787 1060 accedat
813 1005 947 1061 confessio
968 1012 1081 1061 externa
1098 1005 1150 1071 (vr
1176 1024 1236 1061 esse
1249 1009 1346 1077 aliquo
1357 1011 1441 1063 modo
1453 1013 1826 1067 cmucmartemassulutis.
1849 1011 2011 1084 Responde·

319 1093 417 1149 delicet
448 1091 477 1145 in
510 1090 612 1145 adultis
639 1097 669 1146 et
693 1091 803 1162 qnando
828 1092 917 1164 gloria
940 1091 996 1147 Dei
1024 1098 1051 1147 et
1074 1091 1149 1147 salus
1177 1110 1251 1151 mus:
1273 1095 1388 1161 1.Quod
1400 1095 1459 1151 vita
1475 1102 1589 1152 aeterna
1608 1097 1689 1151 detur
1701 1097 1796 1153 electis
1809 1112 1867 1153 non
1877 1104 2011 1169 tanquam

319 1178 433 1253 proximi
459 1193 521 1232 cem
543 1176 655 1248 exigit),
682 1178 731 1233 scd
757 1196 791 1234 er
812 1196 844 1235 eo
870 1180 995 1234 nondum
1016 1179 1149 1250 sequitur.
1177 1197 1291 1251 opernm
1307 1181 1442 1237 bonorum
1460 1182 1602 1250 meritum,
1627 1183 1730 1238 ibidem
1755 1184 1900 1241 manifeste
1919 1191 2010 1240 osten-

318 1267 392 1339 Ergo
413 1263 549 1320 confessio
568 1263 716 1335 requiritur
743 1265 779 1319 ad
805 1266 1017 1338 acquirendam,
1045 1281 1150 1337 prome·
1177 1266 1259 1321 ditur.
1294 1266 1388 1323 Primo
1414 1269 1487 1324 enirn
1508 1269 1639 1323 dicuntur
1659 1271 1807 1334 insedisti,
1832 1270 1963 1325 videlicet
1980 1267 2010 1324 in

319 1352 433 1409 rendam
450 1350 495 1405 vel
515 1350 731 1405 conservandam
750 1351 883 1418 sulutem3
901 1351 950 1406 sed
969 1351 1023 1407 boc
1041 1358 1151 1406 tantum
1177 1353 1324 1409 benedicto
1347 1355 1395 1409 illo
1417 1357 1537 1423 semine,
1562 1356 1592 1411 in
1610 1355 1721 1412 Christo
1747 1357 1896 1428 perfidem
1914 1372 2011 1427 appr*

319 1438 457 1510 sequitur,
476 1437 550 1509 qnod
567 1436 724 1507 requiratur
743 1437 781 1491 ad
797 1437 1006 1494 contestandum
1023 1437 1107 1493 fldem
1124 1445 1152 1493 et
1178 1439 1278 1504 hensc,
1301 1459 1358 1496 non
1381 1447 1474 1496 autem
1502 1442 1697 1499 benedicentes
1715 1461 1745 1499 se
1762 1445 1791 1499 in
1809 1444 1867 1499 suis
1883 1444 2013 1515 operibus

320 1526 450 1592 salntem,
480 1540 551 1595 quae
578 1540 628 1594 per
657 1521 740 1579 fidem
769 1524 798 1578 in
827 1524 968 1580 Christum
1001 1525 1150 1582 obtinetur.
1178 1534 1263 1596 atque
1286 1526 1388 1582 inillis
1405 1528 1581 1585 confidenoes.
1619 1529 1714 1584 Galat
1733 1537 1766 1596 ³,
1793 1547 1819 1587 v.
1840 1536 1870 1586 8:
1894 1531 2013 1585 Prasm-

319 1613 403 1667 Fides
438 1612 512 1667 enim
545 1626 596 1681 per
622 1610 821 1667 confessionem
850 1628 909 1667 sese
934 1612 1037 1667 exserit
1066 1629 1151 1683 seque
1180 1615 1250 1666 dens
1269 1614 1427 1683 Scriprturn
1442 1615 1510 1683 qrrio
1526 1616 1775 1685 esytdsjmtfflsat
1787 1626 1881 1686 portu
1893 1617 2013 1683 DEUS,

320 1715 412 1755 seram
432 1715 494 1753 esse
514 1701 543 1752 et
563 1697 681 1752 salutem
705 1697 735 1751 in
760 1696 869 1751 Christo
891 1696 1018 1753 obtinere
1041 1698 1152 1753 demen-
1174 1702 1430 1769 promanpsliscos't
1447 1701 1599 1770 Abrabae,
1623 1702 1691 1771 quta
1712 1704 1908 1757 benedicentes·
1932 1703 1963 1755 s‘a
1986 1710 2013 1755 ts
2133 1705 2138 1714 '

321 1791 396 1840 strat
433 1789 458 1839 6.
476 1783 590 1839 Phrasia
613 1783 700 1856 igitur
724 1784 773 1838 ills
790 1784 832 1837 cd
847 1783 967 1836 rnirrtem
983 1800 1038 1838 non
1058 1783 1152 1856 siguli·
1178 1803 1273 1841 omnes
1290 1796 1400 1856 perum
1422 1805 1448 1842 r.
1468 1793 1500 1844 9:
1526 1788 1615 1857 ipitrsr·
1632 1789 1682 1857 qui
1699 1806 1732 1843 aa
1740 1789 1812 1858 side
1830 1797 1908 1854 suot,
1934 1791 2010 1845 bene

320 1879 364 1927 cst
383 1887 505 1939 causam,
522 1876 636 1941 propter
653 1887 736 1941 qnam
753 1869 836 1924 detur
853 1868 936 1933 adua,
959 1870 1009 1923 sed
1026 1869 1151 1925 ordinem
1179 1873 1385 1944 dicenturnam
1396 1873 1491 1940 fideli
1506 1874 1660 1928 Abrabam.
1696 1874 1806 1930 Deinde
1823 1875 1883 1929 vita
1900 1880 2012 1930 aeterne

323 1959 387 2027 Dei,
409 1957 511 2029 quibus
538 1956 644 2011 scilicet
661 1956 795 2029 gradibus
814 1956 931 2012 salutem
950 1961 1072 2011 noemam
1090 1973 1151 2027 per·
1178 1959 1262 2014 datur
1281 1959 1321 2015 eis
1340 1967 1372 2014 ut
1389 1961 1543 2023 tarditas,
1565 1978 1632 2034 ergo
1651 1979 1706 2017 non
1720 1967 1753 2016 ut
1764 1961 1901 2025 meritum,
1917 1963 2013 2034 alnoo

321 2045 409 2109 ficiat,
432 2043 470 2099 sd
493 2041 577 2099 finem
594 2042 671 2098 illum
690 2041 818 2097 ultimum
834 2041 978 2112 perducat,
997 2042 1068 2098 sieut
1080 2044 1151 2112 finis
1179 2044 1324 2119 νομήσατε,
1343 2046 1497 2103 hereditate
1510 2048 1636 2119 accipite,
1648 2054 1797 2118 paternum
1809 2049 1922 2112 bonnm,
1931 2046 2010 2102 robis

322 2130 549 2195 soscdfieatr'om'r
572 2130 677 2184 dicitur
697 2130 756 2182 vita
778 2137 894 2183 cama
909 2129 991 2185 Rom.
1011 2135 1039 2197 t,
1063 2146 1089 2185 v.
1110 2135 1152 2186 22.
1179 2137 1211 2185 ut
1225 2131 1289 2186 filiis
1303 2132 1369 2201 jure
1388 2132 1546 2202 adoptionis
1561 2127 1692 2202 dandum,
1706 2134 1768 2205 jam
1785 2152 1851 2192 vero
1868 2135 2012 2207 perfidem

322 2219 399 2283 Qnso
422 2223 517 2272 tamen
544 2222 585 2271 est
610 2222 638 2271 et
662 2221 755 2272 manet
776 2213 903 2290 χάρισμα
931 2234 957 2272 r.
984 2220 1025 2271 23.
1070 2215 1154 2272 Unde
1180 2217 1318 2289 contingit
1338 2220 1481 2287 υἱοθεσία,
1507 2220 1606 2291 utique
1630 2227 1748 2292 ergoet
1774 2220 1913 2277 hereditas
1933 2220 2013 2292 regni

323 2304 434 2377 quidam
458 2307 613 2375 ugncscunt
635 2301 821 2358 hebraismum
842 2301 871 2356 in
896 2301 948 2357 hac
967 2301 1077 2372 phrasi:
1107 2318 1153 2357 ore
1179 2304 1315 2359 coelestis.
1351 2303 1442 2360 Galat.
1467 2311 1498 2373 ³,
1520 2323 1545 2362 v.
1571 2311 1618 2362 26:
1645 2310 1747 2361 Omnes
1769 2308 1835 2372 filis·
1860 2307 1920 2360 Dss‘
1947 2306 2014 2360 ntis

323 2391 354 2446 dt
378 2389 515 2446 confessio
542 2388 577 2443 ad
604 2388 736 2457 salutem,
760 2388 858 2446 idest
884 2388 1021 2445 confessio
1048 2390 1153 2445 salutis
1177 2407 1233 2460 par
1253 2391 1348 2457 fidon
1371 2392 1401 2444 in
1426 2392 1546 2449 C'lra‘rto.
1580 2392 1661 2448 Rom.
1687 2398 1716 2460 8,
1737 2410 1762 2446 v.
1790 2398 1837 2448 tir
1865 2393 1898 2446 ss·
1921 2400 2014 2446 coum

325 2484 347 2532 t.
364 2476 413 2532 Sin
441 2493 507 2534 vero
531 2473 717 2532 Bellarminus
743 2472 797 2530 boc
826 2492 909 2531 sensu
938 2475 1047 2545 asserit,
1072 2475 1154 2531 tidem
1173 2477 1250 2546 filii,
1268 2478 1363 2547 ntique
1379 2478 1462 2530 etiam
1481 2478 1607 2532 heroda.
1643 2478 1792 2534 Prwtcree
1809 2496 1926 2550 regnum
1944 2478 2013 2533 illud

325 2579 416 2618 reram
433 2567 462 2617 et
480 2563 616 2635 integrum
635 2561 663 2616 in
681 2560 765 2616 corde
780 2578 841 2617 esee
857 2578 912 2615 non
929 2577 1019 2631 posse,
1038 2561 1092 2617 nisi
1107 2578 1153 2617 ac·
1180 2562 1284 2617 dicitur
1308 2562 1403 2618 electis
1427 2572 1564 2633 paratum
1581 2583 1601 2617 a
1619 2565 1814 2619 commotione
1831 2565 1944 2632 masidi,
1971 2562 2014 2618 ni-

325 2650 406 2705 cedat
426 2649 544 2705 exterior
562 2646 710 2711 confessio,
732 2647 807 2719 quod
823 2647 893 2703 tides
913 2646 1004 2702 cordis
1020 2664 1070 2719 per
1088 2664 1153 2703 ccn·
1180 2650 1279 2704 mirum
1299 2649 1365 2721 quis
1382 2651 1463 2704 desti
1479 2659 1544 2704 sunt
1561 2652 1592 2705 in
1607 2651 1719 2706 cbristo
1737 2661 1803 2705 ame
1818 2652 1899 2719 iactu
1914 2651 2014 2703 mandi

325 2737 469 2794 sessionem
487 2734 543 2790 oris
560 2734 692 2789 formetur
717 2738 745 2789 et
767 2733 847 2806 quasi
872 2733 1010 2789 animetur
1031 2750 1065 2789 ac
1092 2752 1153 2805 pro·
1172 2737 1374 2805 fundamenta,
1392 2735 1465 2806 Eph.
1479 2742 1500 2805 1,
1518 2753 1545 2791 v.
1566 2743 1590 2794 t.
1615 2739 1774 2807 Antequam
1786 2736 2015 2807 qnidprnmboss'

325 2824 385 2878 inde
402 2823 459 2877 vim
477 2821 603 2877 salvandi
622 2838 640 2876 a
660 2820 832 2877 confessione
850 2826 1000 2891 mutuetur,
1018 2822 1062 2877 vel
1080 2828 1153 2877 certe
1179 2823 1294 2877 oelmcls‘
1303 2823 1451 2892 fromn,
1469 2823 1548 2878 Rom.
1561 2830 1586 2891 9,
1603 2840 1630 2877 v.
1643 2830 1683 2880 11.
1716 2823 1861 2889 Quomodo
1879 2839 1945 2895 ergo
1962 2839 2012 2893 po

325 2926 384 2965 cnm
414 2927 448 2965 ca
476 2924 647 2963 communem
672 2906 788 2975 habeut,
817 2923 964 2980 negemus,
994 2908 1046 2963 boc
1070 2927 1153 2966 sensu
1179 2915 1293 2964 tuerunt
1318 2909 1387 2963 illud
1410 2910 1468 2965 suis
1485 2909 1617 2981 operrbus
1634 2910 1804 2981 promereri?
1829 2909 2009 2980 Praepm

325 2996 404 3053 tidem
432 2994 491 3050 sine
511 2995 683 3051 confessione
707 3002 819 3052 externa
842 3014 897 3051 non
922 3012 982 3052 esse
1005 2997 1151 3070 integrum,
1179 2994 1229 3049 ills
1250 2995 1329 3066 regni
1350 2994 1421 3051 nihil
1444 2995 1522 3050 alind
1544 3002 1586 3051 est
1611 3013 1695 3067 qnam
1714 2995 1855 3051 bominum
1872 2995 1910 3050 ad
1926 2995 2012 3050 vitam

326 3082 371 3138 sed
393 3081 478 3137 telem
499 3080 572 3137 inter
595 3081 678 3138 iidem
695 3087 725 3137 et
742 3082 942 3139 confessionem
960 3084 1153 3140 constiterimus
1179 3087 1320 3136 aeterum
1341 3081 1565 3152 praedestinatio.
1600 3082 1665 3138 Jam
1684 3099 1751 3139 vero
1768 3082 1943 3154 praeparatio
1961 3082 2012 3136 illa

326 3168 493 3238 relationem,
512 3166 601 3241 qualis
619 3175 663 3223 est
679 3167 752 3224 inter
769 3184 882 3224 causam
893 3176 922 3225 et
932 3170 1075 3243 proprium
1088 3170 1153 3226 effe·
1178 3184 1235 3222 nou
1252 3173 1295 3222 cst
1310 3166 1387 3223 taeta
1401 3172 1514 3238 propter
1531 3173 1624 3239 opera,
1643 3173 1675 3222 ut
1686 3183 1742 3223 :suo
1758 3167 2010 3224 loccostendimns.

326 3262 413 3323 ctum3
442 3260 474 3310 ut
504 3254 577 3309 enim
604 3257 675 3319 fides
699 3256 805 3326 effisos
831 3264 871 3309 ast
893 3273 947 3326 per
975 3257 1153 3312 ddectimm
1178 3252 1254 3326 Ergo
1284 3270 1335 3312 nec
1363 3251 1426 3325 ipss
1451 3253 1588 3325 pomereio
1615 3260 1735 3325 propter·
1756 3268 1842 3324 opera
1866 3253 2011 3326 contingit

327 3342 385 3398 eu.
406 3349 436 3403 5,
459 3360 486 3397 v.
507 3347 530 3396 6.
565 3342 605 3397 ite
624 3359 734 3416 quoque
757 3342 856 3398 efficax
877 3349 921 3399 est
937 3359 988 3416 per
1005 3343 1153 3399 confessio·
1178 3340 1307 3412 Denique
1323 3341 1483 3396 immensam
1500 3340 1680 3411 praeminetis
1694 3340 1854 3412 largitam
1870 3339 1951 3396 eiecti
1960 3340 2010 3394 ml·

327 3446 394 3485 nem,
430 3434 454 3485 8.
473 3427 622 3499 Perpetem
646 3428 734 3500 igitur
758 3445 790 3485 er
813 3429 866 3485 boc
889 3430 950 3484 loco
968 3428 1153 3486 Bellurminus
1179 3433 1289 3495 rantur,
1313 3443 1347 3483 ac
1365 3426 1419 3481 hoc
1435 3426 1497 3496 ipso
1516 3426 1766 3497 declamo-quod
1782 3426 1900 3497 simplici
1919 3426 2010 3495 eorde,

325 3516 443 3588 colligit,
465 3514 549 3571 fidem
571 3532 627 3570 non
650 3514 777 3571 sufficere
799 3516 836 3571 ed
860 3515 985 3571 salutem.
1022 3517 1153 3583 Quemvis
1180 3530 1236 3568 non
1260 3520 1354 3569 autem
1380 3513 1514 3569 mercedis
1533 3514 1636 3569 intuitu
1654 3513 1855 3581 benefecerint,
1882 3512 2011 3584 quodque

325 3604 395 3660 enim
422 3619 490 3658 vera
514 3601 583 3657 fides
607 3618 663 3656 non
690 3602 728 3656 sit
749 3602 809 3657 sine
835 3608 949 3658 externe
971 3601 1153 3668 confessione,
1180 3616 1265 3671 opera
1282 3616 1334 3654 sua
1352 3615 1407 3654 non
1425 3605 1578 3671 agnoscant
1594 3604 1675 3655 tanta
1687 3600 1906 3655 renumeratione
1917 3599 2011 3671 digna

325 3683 416 3745 tamen
434 3690 497 3760 ipss
513 3689 649 3744 confessio
665 3704 721 3744 non
739 3688 895 3761 ingreditur
912 3688 979 3744 fidei
999 3691 1153 3761 escendam,
1180 3686 1271 3742 Gloss.
1296 3687 1354 3743 ord.
1379 3686 1432 3742 hoc
1457 3687 1532 3743 loeo:
1559 3690 1668 3743 Dicunt
1685 3688 1754 3743 dccc
1772 3706 1829 3743 son
1845 3689 2011 3757 diffidentes

324 3793 412 3849 neque
440 3790 497 3830 uns
527 3791 590 3830 eum
618 3774 673 3831 fide
699 3775 837 3845 justificet
862 3780 890 3830 et
912 3776 1017 3845 salvat,
1045 3776 1093 3831 sed
1120 3794 1153 3832 ex
1180 3777 1216 3828 de
1240 3774 1332 3828 verbis
1349 3774 1481 3841 Domini,
1507 3774 1560 3827 aad
1579 3775 1624 3828 oei
1646 3780 1787 3843 sospem
1798 3791 1856 3844 pro
1872 3774 2010 3844 moneta·

324 3880 388 3919 sera
405 3862 462 3918 fide
480 3863 582 3931 oritur3
600 3861 649 3916 ubi
669 3879 737 3932 ergo
754 3860 889 3917 confessio
909 3862 995 3929 abest,
1014 3862 1053 3917 ibi
1070 3863 1153 3920 fidem
1181 3860 1247 3914 diae
1265 3860 1423 3929 majestatis
1440 3860 1530 3928 repis,
1553 3861 1598 3913 ool
1617 3859 1685 3928 quob
1700 3877 1803 3929 porum
1820 3859 1882 3913 illis
1900 3860 2011 3914 sidocus·

325 3950 429 4018 abesse,
445 3949 489 4003 vel
507 3955 581 4004 certe
599 3965 654 4002 non
674 3964 734 4002 esse
750 3964 844 4003 veram
861 3953 890 4002 et
904 3938 1096 4005 vivam'fidem
1112 3951 1154 4006 in·
1180 3962 1259 4001 omao
1282 3963 1351 4015 opus
1379 3946 1496 4014 mam,
1523 3947 1601 4015 prod
1615 3948 1753 4010 fecerant.
1788 3945 1894 4010 Quodsi
1913 3946 1943 4003 in
1959 3944 2011 4000 bas

324 4035 466 4107 telligitur.
498 4040 521 4090 9.
538 4033 598 4089 Nec
614 4032 764 4104 improbari
783 4038 875 4103 potest
893 4048 988 4088 eorum
999 4035 1153 4107 explicatio,
1179 4033 1239 4086 rita
1256 4047 1340 4103 opera
1357 4047 1410 4087 sna
1422 4031 1497 4087 vitas
1514 4035 1644 4088 aeternae
1660 4048 1695 4087 ex
1715 4030 1854 4103 condigno
1871 4031 2012 4087 meritoris

326 4122 372 4195 qni
389 4120 506 4177 verbum
523 4119 725 4194 ὁμολογεῖσθαι
747 4120 776 4174 in
803 4123 881 4175 tortu
898 4120 1049 4191 apostolico
1071 4122 1154 4177 inter·
1179 4136 1241 4175 cese
1262 4118 1442 4174 credidissent
1465 4136 1499 4174 ac
1522 4118 1578 4174 fine
1601 4125 1631 4172 et
1653 4117 1806 4174 intentione
1822 4117 1930 4173 coelum
1947 4135 2011 4189 pro

240 4218 313 4259 [nus
326 4213 470 4281 pretiantur
487 4206 522 4262 de
540 4206 688 4276 praeconio
706 4211 734 4261 et
751 4197 929 4261 meditatione
945 4207 1081 4280 evangelii
1096 4207 1153 4263 sire
1179 4204 1303 4260 merendi
1326 4204 1423 4260 eadem
1446 4204 1591 4271 fecissent,
1614 4220 1790 4275 nequaqnam
1810 4204 1840 4258 in
1863 4204 1939 4258 illam
1962 4204 2011 4259 sd-

324 4295 390 4351 illud
407 4291 593 4365 publicequis
606 4293 711 4361 doceat,
725 4293 784 4347 sive
798 4291 1154 4366 privatimseoumrepetat,
1180 4291 1351 4347 mirationem
1381 4296 1597 4363 prorumperent.
1645 4290 1763 4355 Quando
1792 4289 1939 4345 intentioni
1968 4306 2010 4347 re-

324 4397 473 4454 quosensu
487 4378 625 4450 accipitur
634 4377 720 4435 liebr.
730 4385 753 4446 3,
764 4396 789 4433 v.
803 4385 824 4435 1.
839 4396 862 4434 c.
872 4384 897 4447 4,
906 4397 932 4434 v.
945 4385 985 4436 14.
995 4397 1020 4437 c.
1035 4386 1104 4449 10‚v.
1112 4387 1152 4437 23.
1179 4378 1297 4450 spondet
1318 4377 1396 4443 tinia,
1433 4378 1462 4432 id
1495 4384 1569 4433 certe
1591 4395 1650 4433 non
1673 4376 1812 4448 contingit
1835 4383 1945 4447 praeter
1965 4393 2011 4433 ex·

324 4468 444 4540 loquitur
453 4465 524 4522 enirn
534 4466 675 4536 apostolus
683 4464 719 4520 de
728 4464 812 4520 verbo
821 4465 1153 4538 gretiaeenicorrespon·
1179 4465 1386 4537 spectationem.
1421 4463 1486 4519 Huc
1507 4464 1684 4520 referendum
1708 4470 1764 4533 est,
1790 4464 1864 4535 quod
1881 4462 2012 4535 analogia

324 4554 455 4622 detfides,
468 4552 663 4627 quodverbum
675 4570 760 4607 nnum
769 4552 899 4625 idemque
907 4557 952 4607 est
959 4558 1018 4608 turn
1028 4553 1057 4608 in
1070 4554 1153 4610 corde
1178 4550 1244 4607 fidei
1261 4550 1375 4618 doceat,
1392 4551 1479 4604 sitnm
1496 4559 1639 4609 comm
1656 4567 1715 4605 esse
1730 4549 1866 4623 χάρισμα,
1885 4550 1965 4606 Rom.
1984 4556 2010 4612 t,

325 4640 467 4707 credentis,
486 4644 545 4694 tum
565 4639 594 4693 in
613 4655 661 4695 ore
678 4638 842 4707 confitentis,
862 4656 961 4711 nempe
981 4640 1016 4695 de
1035 4630 1153 4696 Domino
1178 4655 1204 4692 r.
1229 4642 1271 4692 23.
1308 4636 1413 4691 Gratia
1430 4653 1483 4690 nos
1500 4637 1627 4691 tabutas
1650 4652 1724 4704 esse,
1745 4653 1802 4692 non
1820 4653 1855 4691 sc
1872 4637 2010 4706 operim

324 4730 415 4781 nostro
434 4724 504 4781 Jesu
525 4724 636 4779 christo
661 4730 774 4796 propter
796 4731 911 4796 peccata
934 4731 1027 4780 nostra
1046 4733 1153 4783 mortno
1177 4742 1213 4779 as
1236 4724 1300 4794 ortis
1323 4723 1476 4793 obrimus,
1497 4721 1600 4794 Ephes.
1619 4729 1650 4791 2,
1673 4739 1701 4777 v.
1718 4729 1742 4779 9.
1778 4711 1916 4778 Addimus
1933 4736 2010 4794 egre·

324 4816 351 4866 et
366 4815 481 4883 propter
495 4811 632 4882 justitium
650 4817 772 4865 nostram
792 4827 824 4867 ex
842 4812 957 4866 mortuis
971 4813 1152 4867 resuscitato:
1178 4809 1255 4882 gium
1277 4809 1367 4864 locum
1393 4825 1426 4863 er
1451 4814 1475 4863 2.
1497 4807 1617 4864 Timotb.
1638 4815 1665 4877 1,
1686 4825 1713 4865 r.
1736 4814 1776 4864 16.
1796 4814 1834 4864 1⁷.
1857 4815 1887 4864 et
1903 4814 1943 4865 18.
1960 4807 2010 4863 ubi

324 4913 403 4969 quarn
421 4897 632 4967 explicationem
650 4904 678 4954 et
695 4914 778 4969 scopo
794 4903 823 4952 et
834 4896 973 4952 contextui
986 4897 1152 4956 conformem
1177 4895 1320 4968 apostolus
1337 4896 1377 4950 ile
1395 4901 1538 4966 precatur:
1557 4898 1615 4949 Det
1631 4896 1858 4950 mttericcrdiom
1868 4896 2010 4950 Domine

323 5001 381 5040 esse
398 4982 483 5040 facile
502 4983 609 5040 csend
624 4989 724 5053 potest.
759 4984 857 5054 Neque
878 4982 950 5038 enim
968 4983 1083 5039 dubium
1101 4990 1152 5054 est,
1180 4983 1349 5052 θηοείρήοη·
1367 4982 1513 5048 samium,
1541 4982 1673 5052 quoniam
1695 4997 1779 5052 saepo
1798 4998 1842 5035 ms
1862 4979 2010 5046 rescratio-

324 5070 477 5143 apostolum
492 5070 585 5125 stilum
605 5085 684 5124 suum
697 5069 880 5125 conformasse
892 5069 928 5124 ad
940 5070 1043 5126 dictum
1052 5070 1152 5125 Mosai-
1177 5071 1217 5123 sit
1239 5068 1380 5137 (condenti
1403 5067 1481 5122 dedit
1507 5068 1602 5134 edere,
1634 5066 1739 5123 sitienti
1763 5065 1860 5123 bibere
1882 5069 1947 5134 etc.)
1982 5073 2008 5120 st

324 5174 383 5213 cunr
402 5158 487 5214 Deut
505 5161 547 5212 30.
567 5155 615 5210 ubi
634 5172 696 5210 cum
714 5163 742 5211 et
759 5156 849 5212 cordis
861 5160 890 5211 et
903 5157 957 5212 oris
970 5156 1046 5210 facta
1054 5156 1153 5211 fuisset
1178 5163 1277 5209 catena
1297 5171 1361 5208 msc
1384 5171 1441 5207 oon
1466 5153 1574 5207 nubsit
1598 5152 1637 5221 (in
1660 5169 1771 5208 carcme
1789 5167 1865 5208 eram
1884 5157 1913 5207 et
1930 5151 2008 5207 venit

324 5244 448 5311 mentio,
461 5242 580 5298 retinere
596 5242 672 5297 illam
693 5242 857 5299 locutionem
877 5242 912 5298 D.
933 5242 1038 5298 Paulus
1057 5243 1153 5312 voluit,
1178 5242 1215 5295 ad
1244 5243 1298 5308 me)
1327 5241 1375 5293 det
1401 5241 1430 5293 ss'
1454 5241 1609 5306 Domimss,
1641 5246 1672 5292 at
1701 5239 1825 5293 incenia
1852 5237 2008 5292 nouem

324 5332 400 5403 qussi
419 5320 503 5393 dicet,
524 5328 678 5384 doctrinam
700 5328 837 5399 evangelii
853 5330 882 5383 in
900 5335 1030 5401 promptu
1048 5344 1108 5384 esse
1125 5304 1167 5389 etl
1178 5329 1257 5381 diam
1274 5328 1355 5396 opud
1368 5326 1521 5380 Dominum
1532 5327 1563 5378 in
1582 5326 1634 5380 illo
1651 5327 1707 5395 dic,
1727 5333 1754 5379 st
1770 5326 1801 5379 sir
1815 5340 1899 5393 quum
1912 5324 2008 5378 multia

324 5433 420 5472 sonare
433 5416 463 5470 in
482 5415 565 5471 corde
579 5420 672 5470 nostro
688 5413 794 5469 sincera
810 5413 880 5479 fide3
906 5430 961 5468 non
979 5414 1065 5485 igitur
1083 5431 1153 5485 opus
1179 5414 1288 5485 Ephesi
1316 5412 1529 5482 mommoreto,
1564 5412 1665 5465 nrelirss
1694 5420 1724 5465 trs
1755 5410 1896 5465 Timotheo
1923 5412 2006 5465 nosti

324 5503 357 5557 ad
380 5502 458 5557 illam
481 5500 641 5556 discendam
659 5499 705 5555 vel
729 5499 758 5553 in
781 5501 887 5555 eoelum
908 5501 1044 5555 adscensu
1062 5501 1107 5556 vel
1124 5502 1152 5556 in
1178 5499 1254 5571 Ergo
1277 5498 1325 5571 qui
1347 5515 1431 5569 opera
1454 5498 1656 5554 misericordiae
1680 5514 1698 5551 a
1714 5496 1823 5553 cbristo
1848 5503 2009 5553 enumerata

324 5589 454 5661 abyssum
474 5587 616 5654 descensu,
633 5586 763 5642 relultra
775 5601 850 5640 marc
863 5586 1047 5657 navigatione.
1079 5586 1152 5643 Vide
1179 5592 1372 5653 exercuerunt,
1406 5584 1548 5640 invenient
1573 5590 1602 5639 et
1627 5583 1681 5655 ipsi
1708 5581 1922 5638 misericordiam
1950 5583 2008 5639 sire

324 5674 451 5747 analysin
469 5674 552 5746 hujus
570 5673 670 5728 decimi
687 5672 786 5744 capitis
798 5673 928 5728 traditam
941 5673 1002 5730 sD.
1012 5674 1152 5729 Mentaero
1179 5672 1298 5744 gratiam
1313 5672 1343 5725 in
1359 5669 1409 5725 illc
1426 5671 1488 5739 die,
1510 5670 1586 5741 quod
1603 5670 1627 5724 si
1649 5685 1704 5740 ρον
1719 5668 1841 5737 oration
1858 5670 2008 5738 salventur,

323 5777 355 5817 se
371 5768 438 5818 torn
461 5766 483 5817 t.
502 5760 582 5831 Disp.
601 5758 673 5816 Giss.
692 5759 874 5830 subjunctam.
1173 5760 1239 5828 jons
1251 5775 1308 5812 ooo
1324 5774 1357 5811 se
1373 5756 1512 5826 optritae,
1543 5755 1622 5811 Rom.
1635 5760 1681 5820 tt,
1697 5769 1723 5808 r.
1742 5760 1768 5809 t.
1801 5759 1824 5815 t.
1842 5754 1924 5811 Hace
1940 5769 2008 5830 ergo
