4800 6659
530 590 587 651 115
812 647 816 657 ,
1117 578 1240 640 rocus
1260 574 1634 637 usonmssurrmus

529 736 604 795 Gru
621 735 735 792 Amesio
755 735 784 789 in
801 736 931 793 Coronid.
952 736 994 793 ad.
1005 736 1055 792 illa
1071 755 1098 809 p.
1114 737 1184 805 356.)
1210 734 1274 791 talis
1290 731 1362 790 exci·
1392 734 1512 805 quodam
1531 735 1585 791 Dei
1605 736 1718 791 decreto
1737 734 1823 806 (quod
1833 734 1942 790 faciunt
1952 731 2004 801 illi,
2021 730 2071 804 qni
2082 729 2197 787 curus

530 825 624 880 dentia
642 840 698 879 non
717 821 746 877 in
765 822 818 878 hac
835 824 900 889 vita,
917 825 967 879 sed
986 820 1364 895 posteamlocumhabebit3
1391 820 1435 875 hic
1462 828 1628 894 sequuntur,
1656 824 1786 895 quodque
1812 825 1922 895 πρῶτον
1946 820 2054 889 ψεῦδος
2070 826 2116 874 est
2132 835 2197 874 error

528 910 666 983 posterius
685 911 720 963 cic
739 917 816 974 octo,
844 911 918 980 quod
936 928 991 965 non
1013 927 1121 979 omnes,
1149 908 1196 979 qui
1215 907 1365 962 amiserunt
1392 907 1420 961 in
1437 907 1490 963 hac
1510 910 1690 981 quaestione),
1709 910 1758 966 sed
1776 928 1794 965 a
1812 908 1965 981 posteriori,
1986 908 2041 963 hoc
2059 912 2104 963 eat
2120 923 2138 961 a
2152 905 2197 962 tina

528 996 647 1068 gratiam
673 994 740 1059 Dei,
771 1001 950 1068 recuperent,
980 996 1009 1052 id
1034 995 1108 1066 quod
1134 994 1168 1048 de
1199 992 1364 1064 quibusdam
1391 997 1596 1064 perseverantia
1619 997 1647 1051 in
1676 1014 1741 1053 rera
1757 996 1811 1050 Dei
1835 996 1991 1067 agnitione,
2017 992 2076 1049 tide
2091 997 2122 1049 et
2137 992 2197 1047 stud

529 1082 633 1137 renatis
657 1099 690 1139 ex
715 1088 816 1139 eventu
837 1083 940 1137 scimus
966 1087 994 1137 et
1019 1082 1154 1137 hactenus
1177 1079 1363 1140 admittimus:
1392 1083 1557 1141 sanctitatis.
1599 1084 1726 1140 Breviter
1742 1089 1852 1139 renatos
1876 1087 1905 1138 et
1921 1080 2046 1136 totaliter
2064 1086 2096 1136 et
2110 1078 2197 1135 finalit

529 1177 579 1224 aut
589 1176 719 1241 respectu
732 1172 845 1225 termini
861 1190 880 1224 o
902 1188 964 1241 quo,
983 1169 1059 1241 quod
1071 1168 1103 1236 is,
1122 1168 1170 1240 qui
1183 1168 1243 1239 jam
1255 1166 1366 1237 penitus
1392 1185 1442 1238 per
1479 1177 1594 1240 peccata
1627 1170 1755 1225 mortalia
1783 1169 1874 1241 gratia
1905 1168 1959 1225 Dei
1989 1166 2120 1230 excidere
2147 1182 2197 1237 poa

530 1256 699 1325 nonhabet,
717 1257 806 1328 possit
823 1256 925 1313 habere
942 1257 1042 1312 iterum
1062 1260 1163 1324 totam,
1186 1254 1217 1309 id
1236 1253 1310 1324 quod
1330 1252 1365 1306 de
1393 1253 1526 1323 dicimus3
1566 1256 1667 1313 electos
1701 1256 1835 1322 totaliter,
1878 1273 1933 1311 non
1969 1261 2065 1310 autem
2102 1252 2197 1309 finalite

531 1344 670 1399 nonnullis
694 1344 796 1400 renatis
819 1350 848 1399 et
873 1344 908 1400 de
934 1344 1061 1400 omnibus
1086 1342 1181 1399 electis
1206 1340 1367 1407 statuimus3
1394 1346 1419 1397 9.
1438 1340 1594 1397 Discrimen
1621 1359 1680 1399 esse
1707 1343 1778 1398 inter
1802 1348 1918 1414 peccata
1941 1339 2112 1397 infirmitatis
2140 1347 2197 1396 ets

531 1430 667 1502 siquidem
689 1428 719 1485 hi
743 1430 853 1485 omnino
877 1436 942 1486 ante
960 1429 1043 1485 finem
1068 1429 1141 1484 vitae
1158 1446 1209 1500 per
1226 1427 1366 1498 poeniten·
1394 1444 1466 1499 qnae
1492 1436 1588 1483 contre
1610 1429 1805 1485 conscientiam
1833 1430 2052 1483 committuntur.
2099 1426 2197 1491 oum

531 1516 599 1573 tiam
619 1516 718 1571 seriam
736 1517 773 1572 ad
785 1516 896 1574 DEUM
915 1517 1045 1586 rudem,
1066 1516 1093 1570 ri
1103 1514 1258 1586 penituaiu
1273 1510 1367 1584 phrasi
1395 1515 1466 1571 enim
1493 1516 1586 1571 omnia
1612 1521 1728 1587 peccata
1750 1533 1800 1570 sua
1825 1522 1926 1570 natura
1952 1516 2007 1570 sint
2034 1514 2197 1578 mortalium

533 1604 662 1674 (pertitus
683 1605 811 1658 accidere
832 1604 891 1658 Dca’
907 1603 1021 1672 pratia)
1046 1602 1091 1658 rel
1108 1605 1188 1657 notat
1201 1599 1367 1655 totalitatem
1395 1602 1565 1657 ostendimus
1588 1602 1617 1656 in
1642 1608 1751 1657 tractat.
1770 1602 1805 1658 de
1824 1601 1947 1672 peccatis
1969 1601 2128 1656 actualibus
2144 1604 2165 1666 t.
2180 1606 2197 1658 i

534 1689 574 1745 rei
591 1706 744 1762 possessae,
762 1689 809 1745 vel
827 1689 992 1745 totalitatem
1012 1687 1136 1760 adjuncti
1155 1684 1295 1756 temporis.
1322 1684 1368 1740 Sic
1395 1688 1424 1743 in
1442 1688 1545 1744 renatis
1562 1695 1654 1743 tamen
1674 1689 1810 1760 quaedam
1838 1688 1968 1744 dicuntur
1990 1689 2129 1758 venialia,
2153 1687 2197 1741 rid

535 1776 557 1830 si
578 1775 706 1832 Salomon
732 1776 769 1831 ad
792 1776 893 1830 bonam
919 1775 1027 1848 frugem
1054 1774 1152 1839 rediit,
1181 1779 1240 1827 tum
1259 1771 1368 1843 penitus
1396 1774 1462 1830 licet
1485 1793 1587 1845 pravae
1612 1776 1865 1846 concupiscentiae,
1891 1776 1928 1831 ad
1952 1792 2022 1846 quas
2046 1794 2104 1831 non
2121 1774 2197 1831 acted

535 1882 590 1919 non
612 1863 716 1918 excidit
741 1864 832 1936 gratia
849 1861 904 1916 Dei
930 1868 959 1917 et
986 1859 1040 1917 fide
1063 1858 1235 1931 justificante
1263 1858 1369 1913 scilicet
1396 1861 1564 1918 deliberatus
1592 1880 1755 1931 consensus,
1780 1863 1874 1933 lapsus
1900 1861 2069 1918 infirmitatis
2095 1870 2144 1918 etc.
2169 1878 2197 1917 nt

535 1948 672 2005 totalitate
690 1949 830 2021 temporis,
851 1947 916 2021 quia
935 1947 1029 2019 aliquo
1046 1952 1170 2016 tempore
1186 1962 1286 2016 nempe
1305 1949 1369 1998 ante
1397 1948 1472 2020 qnod
1495 1949 1524 2003 in
1547 1967 1576 2005 se
1605 1954 1634 2005 et
1662 1966 1695 2003 ex
1721 1967 1749 2005 se
1774 1950 1829 2004 sint
1851 1950 1933 2004 venia
1954 1949 2054 2022 digna,
2080 1950 2130 2005 sed
2152 1966 2197 2020 quc

535 2042 650 2092 mortem
676 2035 730 2090 fuit
761 2035 797 2090 ad
826 2035 918 2090 Deum
944 2051 1082 2097 reversus,
1116 2032 1225 2088 interim
1253 2030 1369 2103 patratis
1395 2036 1472 2091 Deus
1497 2036 1674 2091 credentibus
1700 2037 1730 2091 in
1749 2034 1889 2090 Christum
1915 2052 1949 2090 ea
1967 2054 2024 2091 non
2047 2034 2197 2106 imputet,1

535 2122 649 2195 flagitiis
680 2122 843 2178 mortalibus
871 2122 983 2193 penitus
1010 2120 1113 2175 excidit
1142 2119 1233 2192 gratia
1261 2119 1315 2173 Dei
1341 2124 1369 2173 et
1395 2121 1463 2178 haec
1480 2124 1553 2178 mala
1571 2129 1739 2194 agnoscant,
1758 2123 1828 2179 serio
1846 2123 1881 2177 de
1901 2121 1957 2177 illis
1976 2122 2106 2191 doleant,
2132 2122 2197 2177 merit

534 2215 620 2265 totam
649 2209 679 2264 iu
700 2208 791 2264 Deum
821 2208 933 2264 filialem
959 2208 1088 2263 fiduciam
1119 2206 1213 2261 amisit
1240 2205 1370 2261 videlicet
1396 2209 1554 2264 mediatoris
1591 2210 1666 2266 velut
1702 2209 1865 2265 umbraculo
1902 2226 1935 2264 ea
1972 2209 2032 2282 tegi
2070 2214 2162 2280 petant
2188 2224 2197 2264 e

534 2295 674 2352 totalitate
695 2295 736 2350 rei
758 2312 916 2366 possessae,
939 2294 991 2350 hoc
1019 2301 1062 2350 est
1088 2292 1157 2349 nihil
1175 2291 1285 2367 omnino
1303 2290 1368 2346 fidei
1396 2297 1522 2365 credant,
1542 2296 1661 2367 denique
1679 2297 1771 2352 frenos
1788 2297 1828 2353 eis
1847 2310 2024 2369 nequaqnam
2044 2297 2148 2364 laxent,
2171 2312 2197 2352 re

535 2381 675 2439 salvificae
699 2400 749 2439 seu
771 2382 865 2439 filialis
888 2381 1008 2437 fiduciae
1037 2389 1103 2437 tnnc
1121 2380 1243 2437 retinuit.
1278 2378 1369 2433 Homo
1396 2382 1494 2454 spiriru
1517 2383 1557 2438 cis
1579 2384 1709 2439 roeismnt
1733 2383 1925 2456 crucifigentes
1955 2399 2069 2440 onmem
2087 2402 2146 2440 cum
2160 2400 2197 2438 orn

530 2467 701 2541 justificatus
725 2473 818 2541 potest
841 2469 882 2525 vel
902 2468 1013 2523 omnino
1037 2468 1081 2523 val
1100 2468 1136 2522 ad
1153 2473 1261 2538 tempus
1279 2464 1370 2536 patio
1395 2470 1572 2540 cupiscentiis
1595 2470 1659 2526 suis.
1702 2472 1818 2542 Proprie
1843 2488 1910 2542 ergo
1931 2470 1977 2525 hic
2005 2470 2145 2542 qnaemtnr
2166 2485 2197 2525 nu

535 2556 676 2620 excidere,
708 2562 791 2627 prout
820 2555 928 2610 scilicet
954 2556 1050 2626 lapsus
1078 2554 1106 2609 in
1132 2559 1249 2626 peccata
1274 2551 1370 2625 gravia
1395 2556 1429 2611 de
1454 2557 1575 2627 peccatis
1597 2558 1765 2622 venialibus,
1789 2558 1838 2613 sed
1864 2558 1899 2613 de
1919 2557 2097 2623 mortalibus,
2115 2556 2162 2612 hoc
2177 2571 2197 2611 ss

536 2650 633 2699 contra
653 2642 849 2699 conscientiam
866 2641 910 2698 vel
927 2643 1067 2710 haereses,
1088 2642 1132 2696 vel
1148 2657 1255 2697 errores
1273 2646 1371 2695 contra
1395 2642 1576 2712 regnantibus
1596 2650 1624 2697 et
1644 2645 1841 2701 conscientiam
1860 2645 2044 2709 vastantibus,
2071 2662 2106 2699 an
2125 2642 2197 2699 seta

536 2730 746 2788 fundamentum
772 2728 837 2783 fidei
861 2728 962 2784 autin
990 2727 1092 2783 eisdem
1118 2728 1177 2782 sine
1199 2727 1370 2799 poenitentia
1396 2744 1445 2799 por
1470 2746 1504 2783 ea
1526 2729 1595 2784 fides
1613 2736 1641 2785 et
1658 2730 1711 2785 Dei
1731 2732 1822 2802 gutia
1846 2731 2005 2800 amittatur,
2033 2731 2108 2803 quod
2126 2731 2197 2785 dictu

536 2816 697 2882 immoritur,
717 2820 767 2869 aut
783 2830 816 2870 er
835 2814 868 2869 iis
889 2821 987 2886 postea
1003 2832 1053 2885 per
1079 2814 1278 2885 poenitentiam
1298 2814 1369 2868 salu·
1396 2814 1574 2870 affirmamus.
1610 2816 1804 2872 describemus
1821 2816 1876 2871 buc
1894 2818 1985 2872 locum
2004 2835 2038 2873 ex
2056 2815 2197 2888 Aepinohh

535 2911 623 2959 tarem
649 2901 779 2972 resurgit
823 2901 885 2955 Hoc
918 2902 1123 2955 interstitionem
1146 2901 1372 2970 justificationis,
1397 2902 1432 2957 de
1451 2901 1542 2971 justif.
1567 2922 1594 2974 p.
1621 2907 1677 2958 152.
1702 2903 1749 2974 qui
1777 2910 1863 2958 totam
1880 2903 1953 2957 hanc
1970 2921 2029 2959 rem
2048 2902 2197 2975 pulcherrirl

536 2988 606 3045 illud
629 2989 805 3042 omissionem
831 2993 913 3043 vocat
931 2986 1071 3041 Thomson
1097 2988 1126 3042 in
1148 2986 1265 3042 diatribe
1294 3004 1318 3041 o.
1347 2994 1369 3043 2.
1397 2987 1532 3043 illustrat:
1558 2989 1608 3042 Pii
1624 2989 1738 3060 (inquit)
1760 2990 1916 3058 aliquando
1939 2987 2037 3043 cornis
2054 2992 2197 3061 manure«

535 3098 563 3151 p.
582 3082 605 3133 5.
620 3083 644 3131 l.
666 3075 834 3130 Vorumdici
854 3074 1013 3146 tripliciter:
1041 3076 1179 3132 1.me
1198 3075 1255 3129 κατ’
1272 3073 1371 3129 criotnu
1393 3075 1511 3143 pictatis
1537 3094 1633 3130 umore
1660 3084 1685 3128 ct
1713 3075 1808 3130 atridio
1834 3077 1945 3146 abrepti
1972 3074 2197 3148 delinquentes&

537 3162 714 3222 Scholasticis
731 3180 826 3218 rerum
845 3163 981 3219 essentiae
998 3163 1042 3220 vel
1060 3162 1231 3226 existentiae,
1248 3179 1309 3217 cum
1328 3179 1370 3216 res
1398 3163 1498 3216 huntur
1523 3162 1617 3231 potius
1645 3181 1728 3231 quom
1747 3164 1880 3233 peccant,
1904 3182 1966 3217 cum
1984 3164 2063 3218 alios
2080 3163 2197 3218 secunda

535 3251 622 3308 habet
646 3249 779 3321 quioquid
806 3249 842 3306 ud
872 3249 1018 3305 &sentiam
1043 3267 1120 3305 suam
1140 3249 1261 3320 pertinet
1282 3255 1370 3303 actus·
1397 3249 1527 3317 spiritum
1550 3250 1625 3301 iustus
1654 3252 1776 3303 ardeant
1794 3266 1889 3302 amore
1902 3250 2024 3319 pictatis
2044 3259 2069 3306 et
2085 3251 2147 3305 odio
2158 3261 2197 3319 μ

537 3356 592 3411 que
608 3337 736 3410 proprios
757 3353 883 3392 exercere
894 3342 1007 3408 ›potest3
1025 3336 1089 3392 buic
1101 3336 1251 3409 opponitur
1263 3335 1372 3401 falsum,
1399 3336 1462 3403 coti,
1477 3343 1615 3404 perpetuo
1633 3336 1754 3388 serstiont
1773 3343 1862 3389 moure
1874 3337 1969 3389 eornm
1987 3344 2014 3389 ct
2031 3336 2197 3407 spiriaci*

536 3425 646 3493 fictum,
671 3439 809 3494 apparens
829 3429 878 3477 aut
893 3423 1058 3493 putativum.
1096 3430 1119 3478 2.
1138 3422 1249 3477 Dicitur
1265 3422 1371 3494 aliquid
1398 3438 1427 3475 sc
1452 3423 1487 3474 cic
1511 3421 1628 3491 irnperio
1648 3432 1806 3492 pupnontcs
1827 3431 1854 3475 et
1871 3430 2053 3476 cucerontur
2066 3426 2197 3493 perpetret

536 3528 632 3567 rerum
651 3509 710 3565 κατ’
730 3509 867 3583 ἐπιμονὴν
885 3516 912 3564 et
930 3512 1065 3572 intrauere
1084 3511 1142 3565 sive
1161 3517 1288 3580 respectu
1300 3507 1371 3578 finis,
1399 3508 1518 3575 delium·
1539 3510 1636 3562 horum
1656 3510 1761 3563 delicto
1779 3510 1877 3581 lapsus
1895 3519 1977 3579 sunt,
2004 3527 2076 3580 qrsos
2092 3509 2197 3563 morin

538 3598 649 3672 quando
673 3596 804 3652 videlicet
827 3595 909 3651 finem
935 3614 1028 3661 suum,
1055 3597 1090 3651 ad
1116 3614 1197 3667 quem
1222 3596 1372 3663 ordinatur,
1399 3598 1501 3665 destant
1520 3604 1546 3648 ct
1565 3598 1722 3666 amendant,
1741 3598 1812 3651 tolca
1831 3598 1929 3666 inperce
1948 3598 2146 3651 oaonmuaor
2159 3611 2197 3651 na

538 3694 602 3744 actu
629 3682 819 3755 consequitur,
857 3687 1000 3755 utcunque
1022 3682 1133 3737 interim
1160 3684 1187 3737 in
1216 3700 1298 3737 cursu
1322 3700 1372 3736 sno
1399 3685 1511 3738 omnino
1538 3684 1632 3737 alicui.
1675 3685 1750 3737 Nom
1774 3685 1803 3739 in
1831 3685 1885 3738 hoc
1908 3686 1967 3738 uita
1991 3702 2043 3739 nec
2067 3703 2085 3738 o
2106 3685 2197 3739 Soloe·

537 3771 687 3847 aliquando
711 3771 941 3840 interrumpatur,
965 3769 1130 3841 quibusdam
1157 3769 1259 3824 dieitur
1277 3786 1371 3824 verum
1400 3770 1527 3838 insidiis,
1553 3788 1602 3822 nce
1621 3788 1639 3823 o
1658 3772 1754 3823 carnis
1770 3770 1849 3835 nitio,
1874 3789 1924 3824 noc
1942 3790 1959 3824 o
1983 3772 2085 3826 mundi
2100 3768 2197 3842 improli

537 3857 743 3933 permanentiae
760 3856 866 3912 scilicet
883 3856 1120 3927 perseverantiam
1141 3856 1206 3910 huic
1224 3856 1373 3926 opponitur
1398 3865 1454 3910 totc
1473 3865 1537 3910 sunt
1557 3858 1696 3913 inrmuncr.
1723 3859 1765 3910 Hi
1781 3860 1872 3912 horter
1892 3878 1954 3913 cum
1970 3867 2081 3913 sanctos
2098 3861 2197 3929 impu

537 3949 737 4010 frustraneum,
752 3961 862 3999 <vanum
887 3950 971 4013 atque
994 3942 1099 3997 inutile.
1142 3948 1166 3999 3.
1185 3941 1290 3997 Verum
1315 3941 1369 3996 κατ’
1398 3944 1482 4005 snare,
1502 3961 1698 4013 nonnrrnquom
1717 3945 1752 3996 dc
1769 3943 1920 4015 improuiso
1941 3948 2056 4009 audeant,
2074 3948 2125 4000 scd
2137 3957 2197 3998 rsa

538 4037 673 4096 intruere,
699 4048 794 4087 verum
826 4029 964 4099 tenaciae,
995 4028 1165 4098 solitudinis,
1194 4028 1371 4083 firmitudinis
1397 4040 1483 4097 punt,·
1507 4038 1533 4083 ct
1559 4031 1661 4083 deinde
1679 4039 1776 4083 curent
1792 4032 1848 4084 eidi
1863 4033 1977 4097 ecclesio,
1999 4051 2036 4086 nc
2053 4040 2147 4088 oontm
2160 4045 2197 4084 ror

538 4123 625 4191 fixae,
642 4119 707 4174 huic
720 4118 869 4190 opponitur
879 4116 1016 4171 infirmum
1031 4133 1063 4169 ae
1074 4115 1252 4170 imbecillum.
1279 4115 1370 4179 Quan-
1397 4118 1529 4171 scientior
1552 4135 1650 4169 rurarss
1678 4125 1769 4172 rurant.
1813 4119 1905 4187 Lopai
1921 4136 1985 4172 uero
1997 4136 2054 4188 per
2071 4118 2197 4190 imputa

540 4208 576 4263 do
587 4224 653 4279 ergo
666 4204 816 4277 quaeritur,
831 4220 946 4258 anucro
960 4205 1032 4266 rides
1044 4202 1171 4257 excidere
1181 4201 1275 4272 possit,
1289 4220 1371 4273 quae·
1398 4205 1466 4258 tium
1494 4212 1519 4257 ct
1545 4203 1762 4257 imbecillitatem
1794 4204 1945 4273 deplorant
1979 4222 2034 4259 suo
2057 4211 2197 4276 procuret

538 4295 592 4349 stio
617 4291 781 4363 accipienda
803 4296 846 4346 est
871 4289 906 4345 de
929 4289 1031 4359 prima,
1057 4307 1114 4344 non
1137 4288 1171 4343 de
1196 4289 1319 4344 secunda
1345 4296 1372 4343 et
1399 4291 1508 4359 cripunt
1533 4308 1563 4342 cc
1584 4308 1695 4343 rursum
1708 4291 1819 4360 fictricis
1840 4290 2055 4346 misericor-dioc
2074 4293 2131 4347 Dei
2148 4287 2197 4346 nott

539 4380 622 4437 tertia
637 4377 881 4451 significatione.**
916 4374 1042 4431 Observa
1060 4381 1165 4429 autem:
1184 4380 1208 4431 8.
1225 4375 1371 4432 discrimen
1399 4379 1427 4432 in
1446 4376 1555 4430 Christo
1579 4379 1747 4446 promissae.
1788 4379 1853 4432 Hoc
1872 4381 1934 4447 fide
1959 4380 2045 4434 crecti
2065 4382 2197 4450 rursusq'

412 4476 487 4517 surus
539 4485 598 4525 esse
625 4466 697 4521 inter
715 4469 824 4519 renatos
842 4462 997 4518 etelectus.
1038 4454 1170 4525 Quiamvis
1189 4462 1372 4519 enimomnes
1394 4466 1574 4534 pretendunt
1591 4472 1618 4517 ct
1637 4474 1840 4534 condeprecantur
1856 4466 1966 4519 veniam
1979 4457 2197 4537 cornmiarilcpd

410 4529 526 4621 3¹:⁰⁸⁰*
539 4553 620 4611 electi
646 4552 729 4608 etiam
755 4548 809 4604 sint
836 4548 939 4616 renati,
975 4554 1068 4602 tamen
1091 4565 1147 4601 non
1167 4566 1262 4603 omnes
1284 4550 1371 4603 renati
1400 4560 1423 4603 ct
1448 4552 1602 4605 immoritur
1627 4571 1646 4604 a
1673 4552 1801 4620 pcccatis
1827 4560 1852 4605 ct
1876 4569 1971 4607 comm
1995 4555 2105 4607 meritae
2124 4547 2197 4624 ped

538 4646 604 4697 sunt
616 4638 704 4695 electi.
729 4635 860 4691 Calvinus
878 4640 907 4690 et
924 4634 971 4707 qui
983 4652 1046 4688 eum
1063 4642 1224 4705 sequuntur,
1242 4636 1372 4691 terminos
1398 4637 1435 4691 Et
1448 4643 1557 4707 postea:
1576 4638 1672 4692 Foede
1688 4638 1907 4706 hallucinantur,
1927 4640 1977 4709 pui
1987 4648 2102 4709 prount,
2118 4633 2197 4711 part

538 4731 620 4784 hosce
648 4725 752 4780 habent
780 4740 831 4794 pro
850 4720 1090 4789 convertibilibus,
1125 4722 1174 4776 sed
1205 4724 1371 4778 contrarium
1393 4732 1514 4793 peccato
1531 4741 1593 4777 curn
1606 4726 1669 4791 ficia
1682 4724 1856 4793 justificante
1873 4726 2022 4780 rubeuterc
2040 4735 2068 4780 ct
2087 4715 2197 4795 senui

538 4811 684 4886 apparebit
703 4828 737 4866 ex
754 4807 938 4881 argumentis,
966 4824 1036 4879 quae
1054 4825 1104 4877 pro
1122 4815 1216 4862 nostra
1235 4811 1372 4864 sententia
1398 4810 1543 4879 ctificotoa,
1567 4811 1618 4863 loc
1641 4819 1682 4863 cst
1704 4828 1750 4863 eos
1777 4811 1826 4880 qui
1848 4812 1905 4874 fide
1925 4807 2197 4881 apprehenderat!

405 4907 466 4949 rm.
481 4905 526 4950 171.
538 4901 623 4973 paulo
641 4902 704 4969 post
722 4896 904 4951 adducentur.
934 4893 1049 4965 Proprie
1067 4911 1133 4966 ergo
1152 4893 1197 4948 hic
1215 4896 1251 4948 de
1270 4896 1372 4950 renatis
1397 4896 1504 4948 stiriam
1524 4897 1554 4949 in
1568 4894 1676 4949 Christo
1689 4904 1713 4949 ct
1727 4897 2017 4966 innovari-coeperunt
2025 4916 2084 4968 per
2095 4883 2197 4974 Spurii

540 4985 690 5061 quaeritur,
709 4999 745 5037 an
757 4999 807 5052 per
824 4986 941 5053 peccata
954 4986 1050 5034 contra
1063 4980 1260 5038 conscientiam
1273 4983 1372 5037 iterum
1397 4991 1537 5046 sanctum,
1556 5001 1606 5036 nec
1616 4985 1714 5052 fidens,
1733 5002 1783 5037 nec
1802 4982 1940 5052 Spiritum
1958 4993 2102 5055 comm,
2119 4981 2197 5056 aee}

538 5073 647 5147 possint
670 5069 796 5124 excidere
822 5066 914 5139 mutia
938 5066 1007 5131 Dei,
1035 5075 1063 5123 et
1083 5067 1136 5121 hac
1160 5069 1266 5123 ratione
1289 5068 1371 5125 fidem
1397 5071 1590 5140 ctificotionam
1616 5089 1715 5123 rursua
1738 5071 1864 5123 omittere
1884 5088 1976 5139 poree.
2021 5072 2106 5129 Solos
2126 5075 2197 5146 ιαμ

538 5170 566 5217 et
579 5160 663 5214 vitam
677 5163 818 5211 aeternam
833 5154 966 5218 amittere,
986 5156 1060 5225 quod
1079 5155 1179 5210 diserte
1194 5155 1370 5212 affirmamus.
1398 5174 1467 5225 puros
1488 5157 1612 5225 reperitur
1633 5174 1697 5209 nero
1714 5156 1902 5226 poenitentia,
1934 5160 1969 5212 dc
1995 5159 2097 5229 quam
2111 5160 2169 5229 inas

538 5248 566 5304 Si
588 5246 625 5300 ad
643 5244 745 5299 electos
765 5243 890 5313 quaestio
909 5241 1105 5312 transferatur,
1126 5242 1250 5307 dicimus,
1270 5244 1372 5298 electos
1398 5252 1468 5296 ctum
1486 5252 1535 5311 cst,
1557 5243 1680 5311 Spiritus
1700 5244 1838 5312 Deisert,
1862 5246 1938 5314 fides
1955 5246 2075 5300 mstinct
2091 5254 2118 5301 ct
2128 5151 2197 5379 4

537 5329 656 5387 finaliter
676 5329 787 5399 quidem
804 5346 858 5383 non
879 5344 1040 5400 permanere
1063 5328 1231 5399 inpeccatis
1250 5330 1371 5384 mortali·
1397 5331 1471 5383 cotio
1494 5330 1651 5382 toleratae
1675 5331 1777 5399 ospitat.
1828 5329 1896 5383 thur
1919 5340 1999 5400 noto,
2023 5319 2197 5390 voluntario,

537 5419 600 5485 bus,
617 5433 669 5472 noc
688 5416 808 5471 finaliter
824 5422 901 5471 extra
913 5415 966 5471 Dei
986 5416 1103 5486 gratiam
1121 5416 1285 5471 constitutos
1304 5389 1529 5486 esse,irepncntc
1548 5425 1665 5486 parcoto
1692 5435 1742 5471 nec
1763 5416 1887 5487 Spiritus
1907 5420 1982 5489 Dei,
2003 5434 2057 5474 nec
2072 5403 2197 5491 βόαξ]

538 5504 618 5573 (alias
630 5503 702 5559 enim
714 5503 848 5573 perirent3
863 5503 923 5572 jam
935 5518 1000 5556 vero
1016 5502 1108 5555 nullus
1132 5502 1279 5557 electorum
1293 5503 1371 5572 perit,
1385 5488 1388 5558 i
1392 5505 1507 5573 jrmtitio
1527 5504 1674 5557 cohabitat,
1717 5498 1805 5558 mess
1828 5505 2026 5559 conscientiam
2041 5505 2197 5586 morafie}

538 5596 569 5644 ut
587 5609 637 5645 suo
657 5590 717 5646 loco
735 5589 924 5655 ostendimus),
944 5588 1053 5643 interim
1066 5595 1158 5644 tamen
1179 5589 1244 5660 quia
1256 5561 1523 5688 peccataiproseom
1551 5592 1580 5644 in
1608 5590 1717 5644 Christo
1737 5591 1860 5644 arrideret
1878 5600 1904 5645 rt
1921 5594 2093 5649 certitudine
2115 5594 2197 5668 profi

537 5678 665 5734 mortalia
679 5682 838 5748 perpetrare
855 5680 984 5746 possunt,
1006 5674 1068 5730 ideo
1092 5675 1127 5729 ad
1153 5680 1262 5746 tempus
1281 5677 1371 5748 gratia
1384 5713 1386 5730 .
1397 5679 1485 5730 rionis
1498 5680 1533 5730 cle
1545 5679 1706 5732 remissione
1714 5683 1893 5747 pcccatorum
1903 5679 2046 5748 afflictum
2059 5699 2075 5735 c

538 5764 590 5819 Dei
610 5764 692 5819 etiam
710 5762 833 5818 totaliter
850 5779 898 5816 eos
915 5761 1040 5818 excidere
1057 5779 1139 5835 posse
1158 5762 1284 5819 dicimus.
1315 5763 1371 5818 De·
1398 5773 1530 5818 moestam
1558 5765 1698 5818 cetriurot
1717 5773 1743 5818 et
1768 5765 1933 5833 impeditam
1958 5675 2197 5842 malcum

538 5849 683 5905 scribimus
713 5854 812 5905 autem
829 5848 931 5904 eleetos
953 5865 1009 5903 non
1035 5863 1052 5903 a
1078 5848 1164 5921 priori
1191 5848 1228 5905 ab
1244 5850 1370 5907 absoluto
1398 5860 1424 5906 ct
1449 5852 1584 5922 prromdiu
1608 5852 1746 5920 lomincc,
1772 5851 1822 5922 pur*
1836 5868 1867 5905 rc
1885 5859 1960 5906 recte
1979 5854 2099 5909 credere
2122 5835 2197 5922 cca}
