4800 6659
416 580 475 638 mr
1003 535 1507 627 nosusna'cnmsocrnvus

414 719 575 781 Bellarmini
591 718 725 780 rationem
739 725 792 780 niti
809 724 882 781 falsa
897 722 1058 795 hypothesi,
1082 720 1157 793 quod
1171 720 1243 775 scih·
1272 719 1403 776 damenta
1418 725 1621 793 proponantur,
1641 724 1763 775 umnam
1779 719 1856 792 prius
1874 717 2043 775 metentium
2060 732 2105 773 ex·

415 819 459 866 cet
480 818 651 867 sacramenta
669 810 703 866 V.
724 811 755 868 Τ.
780 829 837 867 non
861 809 1009 866 habuerint
1030 824 1165 863 annexam
1181 822 1244 879 pro·
1270 823 1402 878 ponemus
1432 813 1461 862 et
1488 805 1584 861 fulcris
1615 813 1841 878 argumentorum
1872 804 2104 861 confirmabimus.

415 897 570 954 missionem
594 898 709 970 gratiae.
763 904 787 954 2.
807 897 903 953 Retio:
938 897 996 951 Lea
1018 914 1074 949 non
1088 894 1244 964 justificat.
1271 892 1413 963 Expositio
1441 890 1599 949 sententiae
1613 899 1725 949 noshae
1743 892 1892 965 requiritur
1911 891 2024 949 uberior
2043 907 2105 961 pro-

414 985 494 1052 Erpo
511 1002 560 1037 nec
576 992 755 1038 sacramenta
774 978 874 1038 ueteris
893 983 964 1052 lepis
983 983 1158 1052 justificant.
1191 979 1245 1034 Re·
1270 983 1333 1048 pter
1357 977 1564 1036 Bellarminum.
1599 977 1628 1032 Is
1646 979 1720 1034 enim
1740 977 1789 1037 lib.
1806 985 1830 1034 2.
1849 978 1885 1033 do
1902 995 2020 1034 sacrm
2040 994 2064 1030 c.
2080 982 2152 1032 2⁸⁸⁸

414 1071 593 1138 spondemus:
617 1070 801 1125 Bellarminus
824 1070 884 1141 ipse
902 1068 1062 1140 subjungit:
1086 1069 1123 1122 In
1139 1067 1246 1122 sanctis
1271 1062 1342 1119 hanc
1376 1067 1540 1121 sententiam
1571 1065 1650 1120 nobis
1682 1065 1793 1133 tribuit,
1831 1064 1907 1136 qnod
1940 1039 2152 1131 stemmatii:

418 1156 448 1209 V.
472 1157 503 1210 T.
521 1157 618 1210 itidem
634 1157 726 1221 fussee
741 1157 975 1225 justificationem
994 1174 1013 1209 a
1026 1154 1164 1226 peccatis,
1190 1169 1245 1205 non
1271 1160 1447 1206 sacramenta
1472 1170 1528 1207 non
1559 1152 1658 1206 lolem
1686 1151 1845 1206 immediate
1867 1150 1960 1206 mam
1983 1142 2152 1220 efficies-‘¹¹

415 1243 524 1312 quidem
543 1259 598 1312 per
623 1243 654 1295 T.
683 1242 712 1296 V.
740 1250 788 1296 aut
813 1243 875 1311 ejus
900 1249 1093 1309 sacramenta,
1121 1240 1172 1294 sed
1189 1253 1247 1308 per
1271 1238 1341 1291 tiam
1358 1247 1485 1308 respectu
1502 1239 1628 1308 gratiae,
1645 1240 1698 1292 sed
1716 1255 1774 1293 esse
1793 1239 1871 1292 nuda
1888 1238 1990 1306 signa;
2014 1243 2108 1290 tamea

418 1331 450 1385 T.
471 1331 508 1382 N.
532 1331 573 1382 ad
598 1330 674 1399 quod
692 1329 739 1383 illi
758 1330 937 1399 pertinebant
954 1337 979 1383 et
997 1330 1037 1382 ad
1054 1328 1134 1396 cujus
1151 1324 1247 1395 parti·
1272 1325 1394 1380 mediate
1410 1326 1526 1395 aliquid
1542 1327 1663 1396 efficere,
1682 1333 1819 1397 protenus
1836 1324 1970 1378 videlicet
1988 1323 2109 1377 enaiim

282 1429 341 1471 vm.
355 1427 401 1470 tat.
415 1417 581 1485 cipationem
603 1418 668 1481 fide
692 1434 727 1468 ae
752 1417 894 1470 desiderio
912 1416 1116 1486 pertingebant.
1151 1407 1246 1482 Agno-
1272 1412 1316 1466 uel
1340 1412 1419 1466 alunt
1432 1413 1544 1482 fidem,
1569 1431 1626 1484 qua
1643 1414 1767 1468 homines
1784 1413 2004 1482 justificantur,
2033 1409 2110 1478 quod

415 1510 476 1556 scat
499 1502 599 1573 igitur,
625 1502 773 1557 discrimen
793 1519 852 1556 esse
871 1502 944 1557 inter
959 1501 1029 1556 ritus
1049 1516 1123 1554 mere
1142 1498 1247 1570 legales
1272 1506 1364 1553 tamen
1386 1500 1491 1569 ipsum,
1520 1499 1553 1553 id
1579 1507 1620 1554 cet
1644 1500 1765 1555 essitare
1783 1498 1883 1568 sidem
1907 1516 1964 1553 non
1981 1497 2110 1566 faciunt,

415 1594 443 1644 et
461 1589 531 1643 inter
548 1596 726 1658 sacramenta,
743 1587 843 1660 quibus
862 1587 1006 1660 promissio
1021 1586 1127 1658 gratiae
1140 1599 1248 1640 annexa
1273 1586 1331 1638 nisi
1351 1588 1597 1662 repraesentando.
1634 1586 1695 1651 Quo
1717 1585 1803 1642 refert
1826 1585 1912 1641 verba
1936 1582 2056 1639 Lutheri
2080 1582 2110 1636 iu

415 1673 481 1744 fuit,
500 1692 652 1746 quaecum
670 1674 775 1731 suerint
792 1676 937 1747 signacula
951 1674 1078 1745 justitiae
1090 1672 1165 1739 fidei,
1183 1671 1247 1725 hac·
1273 1671 1320 1726 lib.
1338 1672 1463 1742 decept
1481 1672 1584 1744 Babyl.
1602 1689 1662 1744 cap.
1682 1673 1716 1729 de
1734 1672 1823 1743 bapt:
1839 1671 2006 1741 Baptismus
2022 1669 2109 1722 nemi·

415 1767 495 1816 tenus
522 1768 551 1817 et
575 1761 627 1816 hoc
656 1768 785 1833 respectu
809 1763 846 1816 ad
873 1762 963 1834 legem
994 1759 1125 1816 moralem
1151 1758 1246 1814 referri
1273 1776 1334 1813 nem
1349 1759 1507 1830 iustificat,
1533 1778 1583 1816 nec
1607 1762 1663 1816 ulli
1679 1762 1811 1832 prodest,
1834 1761 1887 1815 sed
1902 1759 1983 1825 fides
1999 1757 2031 1810 in
2048 1772 2108 1809 oer-

415 1865 471 1903 non
488 1854 612 1920 possunt.
648 1850 677 1905 Si
693 1849 732 1920 pii
750 1849 785 1906 V.
803 1847 836 1905 T.
855 1849 951 1903 itidem
970 1847 1083 1903 fuerunt
1093 1845 1149 1901 fide
1165 1845 1246 1914 justi·
1274 1845 1337 1899 lrum
1351 1847 1559 1916 promissionis.
1594 1847 1628 1901 In
1650 1858 1745 1903 essert
1770 1851 1822 1900 art
1844 1851 1871 1901 1:
1897 1829 2109 1909 Nos'dicimus,

414 1935 504 2000 ficati,
523 1936 619 2007 utique
638 1935 707 1989 fides
728 1935 850 2006 ipsorum
869 1934 968 1989 habuit
984 1941 1090 1989 cadum
1107 1933 1247 2005 quoddam
1274 1950 1330 1984 non
1346 1942 1537 2004 armamenta,
1563 1935 1616 1988 sed
1631 1934 1722 1987 solam
1739 1932 1831 1997 sidem
1840 1931 2018 2001 justificare.
2055 1927 2109 1984 Re-

415 2023 570 2092 objectum,
588 2022 719 2077 videlicet
735 2008 944 2092 promissionem
963 2020 1085 2092 gratiae,
1102 2019 1167 2074 huic
1185 2036 1247 2090 pro·
1273 2018 1452 2088 spondemus:
1471 2019 1597 2075 absolute
1614 2020 1754 2092 loquendo
1771 2018 1855 2074 fidem
1872 2034 1928 2072 non
1941 2015 2110 2088 opponimus

415 2109 538 2164 missioni
557 2108 653 2163 itidem
671 2114 702 2162 ut
720 2107 749 2162 in
768 2107 802 2164 N.
820 2107 854 2163 T.
872 2107 961 2161 additi
973 2108 1086 2163 fuerunt
1097 2106 1165 2162 certi
1178 2107 1248 2160 ritus
1274 2107 1452 2162 sacramentis
1464 2113 1492 2163 et
1504 2123 1597 2162 comm
1609 2106 1759 2174 efficacias,
1771 2123 1834 2162 cum
1845 2105 1902 2160 sint
1912 2104 2032 2159 invicem
2041 2100 2108 2156 suh·

414 2195 575 2251 excitandae
604 2201 632 2250 et
663 2193 868 2249 confirmandae
897 2192 963 2248 fidei
1001 2210 1086 2249 causa
1119 2191 1248 2248 instituti.
1275 2193 1408 2248 ordinata.
1438 2193 1616 2250 Sacramenta
1634 2199 1700 2248 sunt
1718 2192 1809 2248 media
1826 2190 1971 2248 offerentis
1989 2194 2018 2244 et
2032 2187 2107 2245 exhi·

415 2288 438 2337 3.
465 2281 563 2336 Ratio:
598 2281 806 2336 Promissionos
833 2298 958 2335 anemae
985 2282 1122 2336 onomius
1151 2297 1248 2334 sacra
1274 2279 1368 2334 bentia
1385 2286 1510 2350 exparte
1521 2279 1584 2347 Dei,
1602 2280 1671 2335 fides
1687 2287 1731 2335 est
1742 2278 1861 2336 medium
1870 2277 2006 2348 recipiens
2017 2283 2047 2333 et
2058 2292 2107 2346 ap

414 2370 514 2422 mentis
533 2368 729 2437 implebantur,
748 2367 858 2422 etiamsi
875 2369 999 2422 aomina
1017 2387 1073 2422 non
1092 2367 1247 2420 crederent.
1273 2366 1446 2435 prehendens
1455 2384 1489 2422 ex
1496 2374 1575 2437 parte
1584 2375 1686 2422 nostra
1708 2364 1947 2434 Quemadmodum
1955 2362 2042 2435 igitur
2050 2379 2108 2417 ma·

414 2454 637 2526 Respondemus:
669 2453 770 2508 salsum
794 2453 846 2509 hoc
871 2460 912 2508 est
936 2453 972 2509 de
990 2451 1168 2508 sacramentis
1186 2469 1248 2522 pro·
1273 2471 1325 2506 nus
1337 2453 1443 2508 donans
1458 2461 1486 2508 et
1497 2470 1595 2508 manns
1608 2453 1745 2524 recipiens
1756 2470 1810 2509 non
1822 2451 2035 2522 suntopposita,
2055 2448 2106 2504 sed

414 2542 474 2611 pris
492 2540 531 2594 sic
550 2541 639 2594 dictis.
675 2539 752 2606 Quae
768 2538 952 2594 Bellarminus
970 2557 1021 2610 pro
1040 2537 1249 2593 confirmatione
1273 2540 1360 2594 relata
1378 2539 1605 2608 etsubordinata,
1623 2539 1664 2596 ita
1681 2556 1792 2612 quoqne
1808 2527 2105 2595 sacramentaetfides

414 2627 499 2699 hujus
518 2627 632 2682 rationis
650 2626 773 2696 adducit,
793 2627 917 2698 exposita
935 2632 1000 2680 sunt
1020 2627 1155 2697 superius.
1190 2624 1247 2680 Cir·
1273 2642 1328 2680 non
1355 2634 1420 2683 eunt
1439 2627 1494 2681 sibi
1516 2627 1633 2683 invicem
1657 2627 1827 2698 opponenda
1864 2615 1982 2690 Quando
2011 2630 2108 2678 autem

415 2714 575 2770 cumcisioni
593 2731 648 2767 non
667 2713 753 2766 solnm
774 2728 882 2767 annexa
901 2711 955 2766 fuit
972 2711 1116 2782 promissio
1128 2712 1163 2766 de
1174 2718 1249 2766 terra
1273 2712 1412 2768 Lutherns
1432 2723 1605 2771 sacramenta
1623 2721 1652 2770 et
1667 2713 1752 2769 fidem
1763 2727 1902 2783 opponere
1914 2711 2032 2774 ridetur,
2052 2725 2109 2764 non

416 2800 530 2856 Canaan
547 2806 575 2855 et
591 2799 820 2870 multiplicatione
838 2798 956 2869 generis,
976 2799 1025 2855 sed
1040 2800 1122 2855 etiam
1136 2799 1170 2854 de
1184 2815 1248 2870 gra·
1273 2807 1488 2865 sacramentum,
1515 2801 1564 2857 sed
1582 2800 1666 2856 fidem
1683 2799 1847 2856 sacramenti
1861 2795 2018 2869 justificare
2033 2812 2108 2852 asse

415 2888 455 2942 tia
474 2886 527 2942 Dei
545 2893 573 2941 et
590 2886 689 2942 salute.
725 2884 867 2950 Sacrificio
885 2903 940 2939 non
958 2885 1047 2939 solum
1061 2885 1174 2940 inerunt
1184 2884 1247 2956 typi
1272 2901 1351 2954 rens,
1376 2886 1499 2957 loquitur
1522 2894 1681 2958 comparate
1697 2892 1825 2958 respectu
1843 2884 1938 2940 habito
1956 2883 1993 2938 ad
2012 2882 2109 2952 dispu-

415 2974 510 3028 mortis
534 2979 569 3026 et=
583 2971 720 3044 passionis
744 2971 859 3041 Christi,
887 2971 936 3027 scd
960 2972 1044 3026 etiam
1067 2972 1171 3041 media,
1196 2988 1247 3042 per
1273 2972 1391 3027 tationes
1411 2973 1659 3043 Scholasticornm,
1677 2975 1753 3045 quod
1770 2978 1943 3028 aucmenta
1954 2968 2064 3039 prosint
2074 2974 2152 3045 exuvl

416 3075 487 3131 quae
510 3058 587 3113 Deus
609 3057 639 3112 in
666 3057 789 3113 futurum
806 3057 925 3113 Messias
949 3058 1116 3113 sacrificinm
1141 3063 1248 3113 mentes
1274 3075 1356 3129 opere
1375 3067 1502 3132 operato,
1520 3061 1580 3117 sine
1596 3059 1652 3115 fide
1670 3067 1699 3116 et
1715 3059 1788 3115 bono
1807 3066 1884 3113 motu
1900 3056 2021 3124 utentis,
2042 3055 2110 3110 inde

415 3145 538 3201 fidelium
558 3151 719 3200 convertens
734 3144 817 3200 fidem
837 3162 931 3201 eorum
953 3144 1134 3200 confirmabat
1144 3152 1173 3200 et
1184 3163 1247 3215 pec·
1274 3145 1303 3200 in
1325 3146 1462 3202 catechesi
1481 3155 1684 3202 sacramentnm
1704 3145 1833 3217 baptismi
1855 3152 1884 3201 et
1901 3143 1986 3198 tidem
2003 3142 2111 3198 Luthe-

415 3240 539 3287 catorum
574 3231 762 3287 remissionem
798 3249 849 3302 per
884 3229 969 3286 fidem
998 3231 1053 3286 illis
1079 3231 1247 3287 conferebat.
1273 3249 1320 3286 rus
1345 3233 1491 3305 conjungit
1516 3233 1559 3288 his
1578 3233 1689 3289 uerbis:
1720 3233 1884 3302 Baptismus
1909 3237 2047 3300 oporatur
2066 3245 2120 3302 re-⁸

416 3325 441 3376 4.
459 3318 557 3373 Ratio:
593 3319 701 3372 Nostra
718 3327 895 3372 sacramento
912 3320 1045 3372 dicuntur
1063 3319 1185 3385 salvare,
1206 3336 1248 3372 re·
1274 3320 1433 3373 missionem
1451 3327 1647 3389 peccatorum,
1673 3320 1776 3374 liberm
1801 3336 1821 3371 a
1840 3325 1926 3371 morte
1945 3324 1972 3372 st
1991 3315 2112 3371 amodo

415 3421 565 3473 generare,
575 3406 744 3474 justificare
749 3425 761 3474 ;
781 3407 817 3458 de
835 3406 1021 3458 sacramentis
1036 3406 1173 3459 ueteribus
1191 3406 1249 3459 tale
1274 3424 1309 3460 ac
1336 3408 1423 3460 donat
1446 3414 1590 3460 aeternam
1608 3406 1728 3460 salutem
1755 3405 1880 3460 omnihus
1899 3405 1952 3458 loc
1970 3402 2112 3457 medemi-

418 3492 488 3560 quid
515 3492 645 3558 nuspiam
672 3491 783 3558 legitur.
826 3488 1049 3561 Respondemus:
1077 3498 1250 3547 sacramenta
1275 3493 1337 3561 dus,
1362 3500 1392 3546 nt
1417 3493 1501 3546 cerba
1526 3500 1552 3545 et
1571 3493 1779 3562 promissiones
1803 3493 1864 3546 Dei
1887 3498 2005 3559 sonant,·
2032 3497 2062 3545 et
2079 3487 2111 3543 in

418 3576 453 3632 V.
471 3576 505 3632 T.
529 3583 708 3647 regenerant,
728 3574 895 3646 justificant,
915 3576 1024 3630 salvant
1041 3593 1097 3631 non
1115 3595 1147 3632 ex
1166 3594 1249 3648 opere
1274 3577 1394 3633 homiliis
1423 3578 1458 3634 de
1485 3577 1623 3649 baptismo
1649 3579 1754 3649 passim
1781 3577 1899 3648 repetit:
1929 3577 2111 3646 Baptismum

418 3669 531 3733 operato
557 3663 616 3717 sine
644 3661 699 3716 fide
724 3661 842 3725 utentis,
871 3662 921 3717 sed
950 3662 1016 3732 quia
1037 3669 1102 3716 sunt
1125 3663 1251 3719 efficacia
1275 3667 1391 3736 operari
1416 3667 1654 3733 regenerationem
1682 3684 1717 3720 ac
1742 3667 1962 3733 renovationem,
1993 3664 2110 3717 abiam

420 3750 511 3804 media
537 3747 712 3814 excitandae,
738 3748 899 3821 augendae,
924 3747 1128 3805 confirmandae
1153 3757 1182 3807 et
1201 3750 1249 3806 ob
1271 3760 1400 3823 peccata,
1419 3749 1526 3807 donare
1544 3760 1689 3807 adanam
1705 3753 1871 3807 mundiciam
1886 3759 1913 3806 et
1925 3751 2046 3806 salutem
2057 3754 2111 3805 ete

419 3835 571 3907 signandae
589 3834 668 3904 fidei,
687 3835 717 3888 id
735 3837 809 3906 qnod
826 3836 934 3907 patebit
951 3852 985 3891 ex
1004 3836 1191 3908 sequentibus.
1276 3839 1375 3911 Neque
1396 3838 1449 3894 hac
1470 3840 1501 3893 in
1519 3845 1600 3911 parte
1621 3839 1703 3895 aliter
1722 3839 1806 3896 sensit
1824 3837 1995 3910 argumentis
2012 3837 2111 3893 adrer-

293 3938 326 3978 sn
340 3949 376 3977 sn·
454 3927 495 3978 78.
525 3922 693 3977 Accedimus
718 3922 804 3994 igitur
826 3923 862 3977 ad
882 3922 1073 3994 gravissimam
1092 3929 1121 3979 et
1140 3924 1251 3980 intrica-
1276 3926 1410 3980 sariorum
1437 3943 1549 3981 snorum
1571 3926 1714 3981 convictas
1734 3931 1776 3993 (ut
1792 3923 1960 3981 Bellarmino
1979 3923 2112 3992 videtur),

292 3992 407 4082 {uqsue
419 4009 553 4064 tissimam
570 4008 646 4063 illam
664 4009 891 4076 controversiam,
910 4028 948 4063 an
966 4018 1144 4065 rasamenta
1159 4013 1196 4066 N.
1219 4013 1251 4065 Τ.
1277 4012 1416 4068 sedidem
1436 4013 1511 4085 quod
1530 4011 1606 4085 prius
1624 4019 1756 4084 senserat,
1775 4012 1938 4084 explicatius
1956 4008 2112 4083 proposuit.

293 4093 369 4133 ⁰⁰¹¹i0·
419 4098 569 4157 confcrant
586 4097 709 4164 qratiam
727 4113 760 4149 ec
778 4112 861 4165 opere
879 4105 1007 4165 operato,
1031 4098 1105 4169 quod
1131 4116 1181 4153 nos
1204 4114 1251 4153 ne·
1277 4099 1323 4156 Sic
1342 4099 1415 4154 enim
1433 4098 1572 4154 Luthems
1591 4114 1624 4154 eo
1641 4100 1701 4170 ipso
1718 4099 1748 4154 in
1767 4099 1841 4168 loco,
1866 4115 1950 4169 quera
1966 4093 2113 4152 Bellarmi-

293 4151 387 4244 {linirem
419 4198 530 4253 gamus,
556 4181 694 4236 Pontifieii
716 4199 781 4238 vero
799 4181 947 4238 affirmant
982 4184 1166 4256 Nequaquam
1184 4185 1251 4240 dici·
1277 4202 1329 4240 nus
1354 4183 1473 4257 allegat,
1494 4184 1624 4240 videlicet
1648 4185 1677 4240 in
1697 4183 1759 4242 libr.
1779 4185 1814 4241 de
1832 4183 1955 4255 captivit
1971 4182 2112 4254 Babylon.

293 4258 406 4349 ἕζοξξῑῗο
420 4286 494 4334 mus,
525 4275 697 4324 sacramenta
720 4268 755 4325 N.
777 4268 809 4322 T.
839 4285 900 4324 esse
929 4270 1005 4324 nuda
1032 4278 1140 4326 tantum
1171 4273 1253 4344 signa
1278 4289 1338 4343 cap.
1367 4272 1402 4327 de
1429 4271 1521 4342 bapt:
1553 4271 1747 4327 decrementis
1775 4271 1863 4325 inesse
1887 4271 1943 4323 uim
1963 4271 2113 4335 efficacem

419 4355 598 4425 (contrarium
628 4355 702 4410 enim
731 4353 858 4426 superins
885 4361 982 4411 contra
1008 4357 1253 4430 μυστηριομάχους
1271 4359 1494 4428 justificationis
1519 4375 1569 4412 seu
1594 4374 1652 4412 esse
1676 4375 1709 4412 ea
1735 4359 1817 4426 signa
1843 4357 1974 4423 efficacia
1999 4355 2112 4426 pretias

420 4442 575 4511 evicimus),
599 4441 649 4495 sed
674 4445 734 4495 toto
757 4441 839 4495 corde
865 4441 1017 4513 oredimus,
1041 4444 1205 4500 confitemur
1224 4451 1252 4500 et
1279 4444 1383 4499 diodur
1402 4443 1432 4498 in
1450 4444 1597 4513 jacturam
1617 4444 1696 4510 fidei
1712 4461 1745 4498 cs
1765 4443 1927 4512 ipsorantia
1944 4442 2112 4512 pemissio·

419 4544 641 4600 propugnamus,
668 4533 840 4581 sacramenta
859 4545 892 4582 ex
909 4528 1082 4585 ordinatione
1099 4536 1127 4586 et
1144 4530 1252 4586 institu·
1277 4532 1322 4585 nis
1344 4531 1465 4595 diuinae,
1482 4530 1540 4584 nisi
1554 4531 1606 4584 loc
1625 4532 1708 4585 modo
1726 4531 1859 4597 efficacia
1876 4529 1990 4594 diceris,
2009 4528 2115 4599 quodsi

419 4615 493 4669 tione
517 4614 572 4668 Dei
598 4630 657 4668 esse
681 4613 774 4668 media
798 4622 883 4686 etque
907 4631 1014 4686 organa
1037 4615 1176 4690 efficacia,
1202 4635 1253 4688 per
1278 4619 1355 4672 adsit
1383 4618 1462 4683 fides
1484 4617 1657 4687 indubitata,
1682 4616 1832 4672 certissime
1862 4624 1888 4670 et
1914 4615 2114 4686 efficacissime

421 4718 492 4771 quae
509 4700 587 4755 Dens
610 4700 728 4772 gratiam
752 4717 844 4770 suam,
867 4701 1054 4757 remissionem
1075 4709 1252 4774 peccatorum
1277 4704 1401 4772 qratiam
1427 4705 1584 4766 conferant.
1624 4705 1664 4758 At
1687 4721 1740 4757 non
1765 4704 1816 4758 lsoc
1842 4704 1925 4756 modo
1951 4704 2114 4767 efficaciam

421 4795 449 4841 et
475 4788 591 4841 salntem
614 4804 669 4841 non
694 4787 782 4841 solum
808 4786 922 4852 offerat,
946 4788 995 4843 sed
1017 4788 1101 4843 etiam
1119 4790 1251 4859 conferat,
1279 4791 1340 4844 illis
1363 4789 1451 4843 tribui
1464 4790 1581 4860 probat,
1605 4792 1683 4860 qnod
1700 4807 1736 4844 ea
1751 4781 1889 4860 prodesse
1907 4790 2007 4843 debent
2026 4790 2114 4844 omni·

421 4873 543 4944 applicet
561 4879 645 4943 atque
665 4873 806 4944 obsignet3
834 4874 943 4929 interim
964 4879 1056 4930 tamen
1074 4876 1201 4931 addimus
1219 4895 1252 4932 ex
1279 4878 1328 4930 bus
1356 4876 1440 4930 diam
1462 4876 1558 4945 impiis
1583 4884 1610 4929 et
1636 4877 1808 4946 incredulis,
1830 4878 1913 4930 modo
1930 4893 1987 4929 non
2003 4884 2115 4946 ponant

420 4969 498 5029 perte
517 4965 623 5027 nostra,
642 4959 678 5012 ad
696 4960 844 5015 salutarem
862 4968 1095 5018 sacramentorum
1113 4980 1193 5017 usum
1211 4980 1252 5018 re·
1279 4964 1396 5030 ollem,
1416 4963 1500 5030 quasi
1514 4961 1580 5032 apsa
1595 4963 1783 5018 incredulitas
1799 4980 1854 5017 non
1871 4963 1909 5016 sit
1927 4963 2052 5017 ornssium
2068 4963 2114 5019 oh

420 5047 491 5118 quiri
511 5045 595 5101 iidem
613 5062 663 5100 seu
687 5062 733 5100 cor
752 5044 846 5115 fidele,
876 5047 952 5118 quod
977 5053 1020 5103 est
1038 5047 1159 5121 ὄργανον
1178 5048 1253 5104 ἀντι·
1278 5049 1476 5102 stinasasr'mur
1499 5056 1525 5100 et
1548 5048 1749 5103 hostilissimns
1773 5050 1838 5103 obes
1856 5049 1968 5117 pratiae
1985 5056 2041 5105 etc.
2077 5048 2115 5105 Et

421 5133 565 5203 ληπτικόν,
594 5151 649 5206 quo
673 5134 765 5204 gratia
789 5135 817 5189 in
843 5136 1022 5191 sacramentis
1042 5135 1138 5192 oblata
1154 5154 1253 5209 appre·
1279 5142 1388 5204 postea:
1405 5134 1564 5204 Ubicunque
1580 5135 2115 5206 estproms'ssiodioino,ibirequiritar

420 5219 567 5275 hendenda
590 5226 632 5276 est
651 5227 679 5274 et
695 5221 880 5291 acceptanda,
911 5222 985 5277 unde
1005 5227 1096 5276 ortum
1116 5230 1158 5279 est
1178 5223 1253 5278 axio·
1276 5222 1358 5289 fides.
1383 5222 1489 5289 Estque
1500 5229 1644 5290 utrumque
1657 5231 1715 5277 tam
1729 5223 2115 5289 maerensmaerens»

421 5325 478 5362 ma:
513 5308 696 5362 Samamenta
715 5308 775 5360 sine
795 5308 859 5368 side
876 5326 931 5361 non
958 5317 1079 5378 prosunt
1107 5310 1252 5366 utentibus.
1279 5307 1339 5360 eine
1352 5306 1441 5359 altero
1454 5307 1739 5376 efficacessepossit.
1768 5309 1951 5378 Nemaeenim
1962 5309 2116 5379 credipot-

421 5393 494 5449 Huic
531 5393 684 5451 sententiae
719 5398 831 5447 nostrae
865 5395 1008 5465 oppositus
1036 5401 1079 5451 est
1106 5412 1196 5450 canon
1228 5368 1327 5469 tien,
1343 5393 1400 5446 nisi
1412 5394 1488 5447 adsit
1494 5395 1656 5463 promissio,
1670 5413 1721 5450 nec
1728 5395 1882 5465 promere
1895 5394 2118 5464 stabilitanaisi

422 5496 486 5534 sess.
504 5487 528 5535 7.
553 5480 651 5534 concil.
671 5478 811 5533 Trident:
839 5478 873 5532 Si
897 5481 959 5548 quis
977 5481 1096 5549 dmerit,
1115 5498 1171 5550 per
1189 5482 1253 5551 s'psa
1280 5481 1431 5550 medetur,-
1450 5481 1548 5534 ambae
1566 5497 1632 5535 oero
1649 5482 1677 5535 si
1689 5481 1875 5545 mutuaesint,
1886 5482 2008 5548 faciunt
2019 5498 2116 5536 mam

420 5582 509 5619 novae
531 5567 602 5636 lepis
626 5573 806 5619 sumomonte
829 5582 861 5617 ex
880 5582 962 5634 opere
981 5576 1098 5637 operato
1116 5586 1172 5621 non
1189 5587 1253 5622 oon·
1280 5574 1306 5620 et
1328 5566 1512 5619 certissimam
1539 5567 1701 5634 efficaciam
1723 5568 1920 5636 armamentis,
1944 5585 2035 5638 qssare
2052 5568 2117 5636 efti⁴

420 5653 498 5716 ferri
514 5653 651 5722 gratiam,
670 5654 723 5706 sed
738 5652 829 5706 solam
840 5650 938 5719 fidem
957 5654 1071 5707 diurnae
1085 5656 1252 5724 promissio·
1280 5653 1388 5706 cociam
1423 5655 1595 5707 sacramenti
1625 5655 1699 5708 citra
1725 5654 1943 5725 promisionem
1974 5661 2001 5707 et
2030 5655 2117 5719 rideas

420 5739 465 5791 nis
484 5739 525 5791 ad
545 5739 667 5806 prolium
687 5740 909 5809 consequendam
929 5741 1075 5810 sufficere,
1101 5742 1252 5796 anatliema
1280 5755 1413 5810 quaerere
1441 5747 1481 5793 est
1497 5741 1616 5809 frustra
1640 5741 1694 5795 niti
1712 5750 1738 5795 et
1756 5740 1966 5795 damnationem
1982 5740 2117 5797 moesia

420 5823 465 5881 sit.
499 5824 658 5896 Antequam
677 5843 741 5882 vero
759 5825 843 5898 hujus
861 5824 974 5881 monis
990 5826 1128 5882 senmntia
1145 5834 1174 5884 et
1188 5827 1252 5884 fun·
1280 5828 1359 5885 Haec
1390 5826 1484 5882 omnia
1510 5827 1662 5897 Lutherus,
1693 5844 1728 5884 ex
1751 5827 1854 5911 quihus
1877 5827 1935 5883 sols
1961 5826 2118 5887 meridiam
