<?xml version="1.0" encoding="UTF-8"?>
<!DOCTYPE html PUBLIC "-//W3C//DTD XHTML 1.0 Transitional//EN"
    "http://www.w3.org/TR/xhtml1/DTD/xhtml1-transitional.dtd">
<html xmlns="http://www.w3.org/1999/xhtml" xml:lang="en" lang="en">
 <head>
  <title>
</title>
<meta http-equiv="Content-Type" content="text/html;charset=utf-8" />
  <meta name='ocr-system' content='tesseract 3.04.00' />
  <meta name='ocr-capabilities' content='ocr_page ocr_carea ocr_par ocr_line ocrx_word'/>
</head>
<body>
  <div class='ocr_page' id='page_1' title='image "./locitheologicit02gerhgoog/locitheologicit02gerhgoog_0192.png"; bbox 0 0 4800 6659; ppageno 0'>
   <div class='ocr_carea' id='block_1_1' title="bbox 964 675 2076 743">
    <p class='ocr_par' dir='ltr' id='par_1_1' title="bbox 964 675 2076 743">
     <span class='ocr_line' id='line_1_1' title="bbox 964 675 2076 743; baseline 0.008 -10"><span class='ocrx_word' id='word_1_1' title='bbox 964 679 1016 734; x_wconf 85' lang='lat' dir='ltr'><strong><em>DE</em></strong></span> <span class='ocrx_word' id='word_1_2' title='bbox 1035 675 1307 734; x_wconf 75' lang='lat' dir='ltr'><strong><em>eacuhrhuuula</em></strong></span> <span class='ocrx_word' id='word_1_3' title='bbox 1920 682 1977 743; x_wconf 78' lang='lat' dir='ltr'><strong><em>tet</em></strong></span> <span class='ocrx_word' id='word_1_4' title='bbox 2069 692 2076 705; x_wconf 95' lang='lat'><em>&#39;</em></span> 
     </span>
    </p>
   </div>
   <div class='ocr_carea' id='block_1_2' title="bbox 212 831 2115 6017">
    <p class='ocr_par' dir='ltr' id='par_1_2' title="bbox 212 831 2115 6017">
     <span class='ocr_line' id='line_1_2' title="bbox 285 831 1979 924; baseline -0.003 -36"><span class='ocrx_word' id='word_1_5' title='bbox 285 835 386 890; x_wconf 89' lang='lat' dir='ltr'><strong><em>fuerint</em></strong></span> <span class='ocrx_word' id='word_1_6' title='bbox 409 836 543 891; x_wconf 79' lang='lat' dir='ltr'><strong><em>Israiilitis</em></strong></span> <span class='ocrx_word' id='word_1_7' title='bbox 567 838 709 908; x_wconf 80' lang='lat' dir='ltr'>propositi.</span> <span class='ocrx_word' id='word_1_8' title='bbox 748 835 899 907; x_wconf 88' lang='lat' dir='ltr'><strong><em>(Lutherus</em></strong></span> <span class='ocrx_word' id='word_1_9' title='bbox 923 835 963 889; x_wconf 88' lang='lat' dir='ltr'><strong><em>in&#39;</em></strong></span> <span class='ocrx_word' id='word_1_10' title='bbox 976 852 1000 891; x_wconf 89' lang='lat' dir='ltr'><strong><em>c.</em></strong></span> <span class='ocrx_word' id='word_1_11' title='bbox 1019 840 1044 890; x_wconf 80' lang='lat' dir='ltr'><strong><em>d.</em></strong></span> <span class='ocrx_word' id='word_1_12' title='bbox 1062 831 1170 924; x_wconf 63' lang='lat' dir='ltr'><strong><em>Geloi</em></strong></span> <span class='ocrx_word' id='word_1_13' title='bbox 1196 835 1316 887; x_wconf 82' lang='lat' dir='ltr'><strong><em>eundem</em></strong></span> <span class='ocrx_word' id='word_1_14' title='bbox 1342 833 1483 887; x_wconf 82' lang='lat' dir='ltr'><strong><em>Christum</em></strong></span> <span class='ocrx_word' id='word_1_15' title='bbox 1507 833 1539 885; x_wconf 90' lang='lat' dir='ltr'><strong><em>in</em></strong></span> <span class='ocrx_word' id='word_1_16' title='bbox 1563 835 1645 886; x_wconf 86' lang='lat' dir='ltr'><strong><em>uerbo</em></strong></span> <span class='ocrx_word' id='word_1_17' title='bbox 1666 832 1866 901; x_wconf 69' lang='lat' dir='ltr'><strong><em>promissionis</em></strong></span> <span class='ocrx_word' id='word_1_18' title='bbox 1884 848 1979 885; x_wconf 83' lang='lat' dir='ltr'><strong><em>sacra·</em></strong></span> 
     </span>
     <span class='ocr_line' id='line_1_3' title="bbox 285 919 1981 989; baseline -0.003 -14"><span class='ocrx_word' id='word_1_19' title='bbox 285 939 353 976; x_wconf 80' lang='lat' dir='ltr'><strong><em>usa:</em></strong></span> <span class='ocrx_word' id='word_1_20' title='bbox 371 923 475 975; x_wconf 83' lang='lat' dir='ltr'><strong><em>Facies</em></strong></span> <span class='ocrx_word' id='word_1_21' title='bbox 489 923 609 976; x_wconf 81' lang='lat' dir='ltr'><strong><em>Domini</em></strong></span> <span class='ocrx_word' id='word_1_22' title='bbox 625 925 654 977; x_wconf 88' lang='lat' dir='ltr'><strong><em>in</em></strong></span> <span class='ocrx_word' id='word_1_23' title='bbox 674 925 701 976; x_wconf 88' lang='lat' dir='ltr'><strong><em>V.</em></strong></span> <span class='ocrx_word' id='word_1_24' title='bbox 718 924 748 976; x_wconf 91' lang='lat' dir='ltr'><strong><em>T.</em></strong></span> <span class='ocrx_word' id='word_1_25' title='bbox 766 926 883 987; x_wconf 79' lang='lat' dir='ltr'><strong><em>fuerunt</em></strong></span> <span class='ocrx_word' id='word_1_26' title='bbox 894 922 1023 977; x_wconf 88' lang='lat' dir='ltr'><strong><em>columna</em></strong></span> <span class='ocrx_word' id='word_1_27' title='bbox 1035 919 1116 988; x_wconf 58' lang='lat' dir='ltr'><strong><em>iqnsa</em></strong></span> <span class='ocrx_word' id='word_1_28' title='bbox 1141 920 1242 972; x_wconf 89' lang='lat' dir='ltr'><strong><em>mentis</em></strong></span> <span class='ocrx_word' id='word_1_29' title='bbox 1259 919 1321 973; x_wconf 81' lang='lat' dir='ltr'><strong><em>iliis</em></strong></span> <span class='ocrx_word' id='word_1_30' title='bbox 1339 936 1448 973; x_wconf 82' lang='lat' dir='ltr'><strong><em>auneco</em></strong></span> <span class='ocrx_word' id='word_1_31' title='bbox 1460 920 1637 973; x_wconf 67' lang='lat' dir='ltr'><strong><em>medentibus</em></strong></span> <span class='ocrx_word' id='word_1_32' title='bbox 1645 928 1862 989; x_wconf 79' lang='lat' dir='ltr'><strong><em>preposuerunt,</em></strong></span> <span class='ocrx_word' id='word_1_33' title='bbox 1880 920 1981 972; x_wconf 83' lang='lat' dir='ltr'><strong><em>eadem</em></strong></span> 
     </span>
     <span class='ocr_line' id='line_1_4' title="bbox 285 1004 1980 1079; baseline -0.002 -18"><span class='ocrx_word' id='word_1_34' title='bbox 285 1008 379 1073; x_wconf 88' lang='lat' dir='ltr'><strong><em>nubes,</em></strong></span> <span class='ocrx_word' id='word_1_35' title='bbox 400 1008 650 1078; x_wconf 64' lang='lat' dir='ltr'><strong><em>propitiatorium</em></strong></span> <span class='ocrx_word' id='word_1_36' title='bbox 677 1010 708 1062; x_wconf 85' lang='lat' dir='ltr'><strong><em>in</em></strong></span> <span class='ocrx_word' id='word_1_37' title='bbox 725 1012 761 1063; x_wconf 89' lang='lat' dir='ltr'><strong><em>N.</em></strong></span> <span class='ocrx_word' id='word_1_38' title='bbox 783 1011 815 1066; x_wconf 93' lang='lat' dir='ltr'><strong><em>T.</em></strong></span> <span class='ocrx_word' id='word_1_39' title='bbox 841 1010 1007 1079; x_wconf 83' lang='lat' dir='ltr'><strong><em>baptismus,</em></strong></span> <span class='ocrx_word' id='word_1_40' title='bbox 1031 1022 1116 1060; x_wconf 85' lang='lat' dir='ltr'><strong><em>coena</em></strong></span> <span class='ocrx_word' id='word_1_41' title='bbox 1141 1006 1199 1068; x_wconf 74' lang='lat' dir='ltr'><strong><em>suit</em></strong></span> <span class='ocrx_word' id='word_1_42' title='bbox 1218 1006 1303 1069; x_wconf 79' lang='lat' dir='ltr'><strong><em>fides,</em></strong></span> <span class='ocrx_word' id='word_1_43' title='bbox 1329 1021 1403 1073; x_wconf 90' lang='lat' dir='ltr'><strong><em>quae</em></strong></span> <span class='ocrx_word' id='word_1_44' title='bbox 1426 1012 1453 1058; x_wconf 88' lang='lat' dir='ltr'><strong><em>et</em></strong></span> <span class='ocrx_word' id='word_1_45' title='bbox 1469 1006 1509 1058; x_wconf 85' lang='lat' dir='ltr'><strong><em>in</em></strong></span> <span class='ocrx_word' id='word_1_46' title='bbox 1527 1006 1609 1059; x_wconf 83' lang='lat' dir='ltr'><strong><em>uerbo</em></strong></span> <span class='ocrx_word' id='word_1_47' title='bbox 1623 1006 1821 1075; x_wconf 82' lang='lat' dir='ltr'><strong><em>promissionis</em></strong></span> <span class='ocrx_word' id='word_1_48' title='bbox 1837 1004 1867 1057; x_wconf 86' lang='lat' dir='ltr'><strong><em>in</em></strong></span> <span class='ocrx_word' id='word_1_49' title='bbox 1884 1021 1980 1058; x_wconf 76' lang='lat' dir='ltr'><strong><em>sacra</em></strong></span> 
     </span>
     <span class='ocr_line' id='line_1_5' title="bbox 284 1092 1980 1162; baseline -0.002 -15"><span class='ocrx_word' id='word_1_50' title='bbox 284 1094 415 1161; x_wconf 81' lang='lat' dir='ltr'><strong><em>Domini,</em></strong></span> <span class='ocrx_word' id='word_1_51' title='bbox 447 1095 631 1147; x_wconf 80' lang='lat' dir='ltr'><strong><em>ministerium</em></strong></span> <span class='ocrx_word' id='word_1_52' title='bbox 656 1096 734 1148; x_wconf 84' lang='lat' dir='ltr'><strong><em>uerbi</em></strong></span> <span class='ocrx_word' id='word_1_53' title='bbox 757 1103 784 1149; x_wconf 82' lang='lat' dir='ltr'><strong><em>et</em></strong></span> <span class='ocrx_word' id='word_1_54' title='bbox 808 1095 924 1151; x_wconf 89' lang='lat' dir='ltr'><strong><em>similia.</em></strong></span> <span class='ocrx_word' id='word_1_55' title='bbox 968 1094 1024 1148; x_wconf 86' lang='lat' dir='ltr'><strong><em>His</em></strong></span> <span class='ocrx_word' id='word_1_56' title='bbox 1042 1093 1116 1145; x_wconf 84' lang='lat' dir='ltr'><strong><em>enim</em></strong></span> <span class='ocrx_word' id='word_1_57' title='bbox 1141 1092 1249 1158; x_wconf 86' lang='lat' dir='ltr'><strong><em>mentis,</em></strong></span> <span class='ocrx_word' id='word_1_58' title='bbox 1269 1107 1341 1160; x_wconf 84' lang='lat' dir='ltr'><strong><em>quae</em></strong></span> <span class='ocrx_word' id='word_1_59' title='bbox 1355 1092 1543 1162; x_wconf 70' lang='lat' dir='ltr'><strong><em>promissioni</em></strong></span> <span class='ocrx_word' id='word_1_60' title='bbox 1561 1093 1674 1160; x_wconf 85' lang='lat' dir='ltr'><strong><em>qratiae</em></strong></span> <span class='ocrx_word' id='word_1_61' title='bbox 1686 1109 1795 1145; x_wconf 81' lang='lat' dir='ltr'><strong><em>anneaa</em></strong></span> <span class='ocrx_word' id='word_1_62' title='bbox 1809 1098 1896 1157; x_wconf 71' lang='lat' dir='ltr'><strong><em>eraru,</em></strong></span> <span class='ocrx_word' id='word_1_63' title='bbox 1916 1108 1980 1143; x_wconf 72' lang='lat' dir='ltr'><strong><em>ean-</em></strong></span> 
     </span>
     <span class='ocr_line' id='line_1_6' title="bbox 284 1178 1981 1251; baseline -0.003 -16"><span class='ocrx_word' id='word_1_64' title='bbox 284 1181 360 1235; x_wconf 81' lang='lat' dir='ltr'><strong><em>ncbis</em></strong></span> <span class='ocrx_word' id='word_1_65' title='bbox 376 1198 406 1233; x_wconf 88' lang='lat' dir='ltr'><strong><em>se</em></strong></span> <span class='ocrx_word' id='word_1_66' title='bbox 424 1182 546 1235; x_wconf 84' lang='lat' dir='ltr'><strong><em>ostendit</em></strong></span> <span class='ocrx_word' id='word_1_67' title='bbox 564 1183 644 1236; x_wconf 88' lang='lat' dir='ltr'><strong><em>Deus</em></strong></span> <span class='ocrx_word' id='word_1_68' title='bbox 662 1189 795 1251; x_wconf 77' lang='lat' dir='ltr'><strong><em>tanquam</em></strong></span> <span class='ocrx_word' id='word_1_69' title='bbox 812 1184 892 1249; x_wconf 84' lang='lat' dir='ltr'><strong><em>siquo</em></strong></span> <span class='ocrx_word' id='word_1_70' title='bbox 909 1180 1022 1247; x_wconf 70' lang='lat' dir='ltr'><strong><em>nubili,</em></strong></span> <span class='ocrx_word' id='word_1_71' title='bbox 1042 1179 1117 1248; x_wconf 85' lang='lat' dir='ltr'><strong><em>quod</em></strong></span> <span class='ocrx_word' id='word_1_72' title='bbox 1142 1180 1206 1231; x_wconf 80' lang='lat' dir='ltr'><strong><em>dan</em></strong></span> <span class='ocrx_word' id='word_1_73' title='bbox 1232 1179 1372 1245; x_wconf 82' lang='lat' dir='ltr'><strong><em>qratiam,</em></strong></span> <span class='ocrx_word' id='word_1_74' title='bbox 1395 1178 1553 1246; x_wconf 86' lang='lat' dir='ltr'><strong><em>justitiam,</em></strong></span> <span class='ocrx_word' id='word_1_75' title='bbox 1584 1178 1774 1232; x_wconf 73' lang='lat' dir='ltr'><strong><em>remissionem</em></strong></span> <span class='ocrx_word' id='word_1_76' title='bbox 1792 1185 1981 1247; x_wconf 82' lang='lat' dir='ltr'><strong><em>peccatorum.</em></strong></span> 
     </span>
     <span class='ocr_line' id='line_1_7' title="bbox 283 1263 1981 1338; baseline -0.001 -19"><span class='ocrx_word' id='word_1_77' title='bbox 283 1268 317 1319; x_wconf 89' lang='lat' dir='ltr'><strong><em>sit</em></strong></span> <span class='ocrx_word' id='word_1_78' title='bbox 339 1268 496 1333; x_wconf 70' lang='lat' dir='ltr'><strong><em>nobiscum,</em></strong></span> <span class='ocrx_word' id='word_1_79' title='bbox 519 1271 597 1337; x_wconf 86' lang='lat' dir='ltr'><strong><em>quod</em></strong></span> <span class='ocrx_word' id='word_1_80' title='bbox 621 1286 671 1322; x_wconf 92' lang='lat' dir='ltr'><strong><em>nos</em></strong></span> <span class='ocrx_word' id='word_1_81' title='bbox 689 1277 777 1335; x_wconf 88' lang='lat' dir='ltr'><strong><em>curet,</em></strong></span> <span class='ocrx_word' id='word_1_82' title='bbox 803 1270 881 1338; x_wconf 83' lang='lat' dir='ltr'><strong><em>quad</em></strong></span> <span class='ocrx_word' id='word_1_83' title='bbox 895 1268 993 1330; x_wconf 79' lang='lat' dir='ltr'><strong><em>faveat</em></strong></span> <span class='ocrx_word' id='word_1_84' title='bbox 1010 1263 1116 1332; x_wconf 66' lang='lat' dir='ltr'><strong><em>nohis.)</em></strong></span> <span class='ocrx_word' id='word_1_85' title='bbox 1141 1265 1261 1317; x_wconf 85' lang='lat' dir='ltr'><strong><em>salutem</em></strong></span> <span class='ocrx_word' id='word_1_86' title='bbox 1285 1272 1312 1318; x_wconf 91' lang='lat' dir='ltr'><strong><em>st</em></strong></span> <span class='ocrx_word' id='word_1_87' title='bbox 1335 1266 1420 1318; x_wconf 83' lang='lat' dir='ltr'><strong><em>sitam</em></strong></span> <span class='ocrx_word' id='word_1_88' title='bbox 1444 1274 1589 1319; x_wconf 87' lang='lat' dir='ltr'><strong><em>aeternam</em></strong></span> <span class='ocrx_word' id='word_1_89' title='bbox 1609 1265 1747 1334; x_wconf 82' lang='lat' dir='ltr'><strong><em>quaesiuit</em></strong></span> <span class='ocrx_word' id='word_1_90' title='bbox 1765 1272 1791 1318; x_wconf 91' lang='lat' dir='ltr'><strong><em>et</em></strong></span> <span class='ocrx_word' id='word_1_91' title='bbox 1808 1264 1927 1334; x_wconf 83' lang='lat' dir='ltr'><strong><em>accepit,</em></strong></span> <span class='ocrx_word' id='word_1_92' title='bbox 1944 1263 1981 1316; x_wconf 90' lang='lat' dir='ltr'><strong><em>si·</em></strong></span> 
     </span>
     <span class='ocr_line' id='line_1_8' title="bbox 283 1349 1982 1419; baseline -0.003 -11"><span class='ocrx_word' id='word_1_93' title='bbox 283 1352 396 1408; x_wconf 80' lang='lat' dir='ltr'><strong><em>Referas</em></strong></span> <span class='ocrx_word' id='word_1_94' title='bbox 432 1354 515 1408; x_wconf 85' lang='lat' dir='ltr'><strong><em>etiam</em></strong></span> <span class='ocrx_word' id='word_1_95' title='bbox 548 1354 603 1409; x_wconf 89' lang='lat' dir='ltr'><strong><em>huc</em></strong></span> <span class='ocrx_word' id='word_1_96' title='bbox 632 1354 786 1410; x_wconf 88' lang='lat' dir='ltr'><strong><em>mirabilem</em></strong></span> <span class='ocrx_word' id='word_1_97' title='bbox 816 1360 878 1411; x_wconf 86' lang='lat' dir='ltr'><strong><em>octo</em></strong></span> <span class='ocrx_word' id='word_1_98' title='bbox 905 1354 1058 1408; x_wconf 90' lang='lat' dir='ltr'><strong><em>animarum</em></strong></span> <span class='ocrx_word' id='word_1_99' title='bbox 1087 1349 1116 1404; x_wconf 90' lang='lat' dir='ltr'><strong><em>in</em></strong></span> <span class='ocrx_word' id='word_1_100' title='bbox 1142 1358 1188 1405; x_wconf 85' lang='lat' dir='ltr'><strong><em>cat</em></strong></span> <span class='ocrx_word' id='word_1_101' title='bbox 1216 1369 1290 1405; x_wconf 77' lang='lat' dir='ltr'><strong><em>irinc</em></strong></span> <span class='ocrx_word' id='word_1_102' title='bbox 1313 1353 1344 1405; x_wconf 86' lang='lat' dir='ltr'><strong><em>in</em></strong></span> <span class='ocrx_word' id='word_1_103' title='bbox 1367 1354 1405 1409; x_wconf 89' lang='lat' dir='ltr'><strong><em>N.</em></strong></span> <span class='ocrx_word' id='word_1_104' title='bbox 1426 1354 1459 1409; x_wconf 91' lang='lat' dir='ltr'><strong><em>T.</em></strong></span> <span class='ocrx_word' id='word_1_105' title='bbox 1496 1353 1600 1407; x_wconf 90' lang='lat' dir='ltr'><strong><em>Postea</em></strong></span> <span class='ocrx_word' id='word_1_106' title='bbox 1622 1351 1716 1406; x_wconf 89' lang='lat' dir='ltr'><strong><em>addit:</em></strong></span> <span class='ocrx_word' id='word_1_107' title='bbox 1743 1352 1982 1419; x_wconf 84' lang='lat' dir='ltr'><strong><em>Distinqusudum</em></strong></span> 
     </span>
     <span class='ocr_line' id='line_1_9' title="bbox 284 1436 1982 1511; baseline -0.001 -18"><span class='ocrx_word' id='word_1_108' title='bbox 284 1455 347 1493; x_wconf 85' lang='lat' dir='ltr'><strong><em>arca</em></strong></span> <span class='ocrx_word' id='word_1_109' title='bbox 370 1441 607 1496; x_wconf 87' lang='lat' dir='ltr'><strong><em>conservationem</em></strong></span> <span class='ocrx_word' id='word_1_110' title='bbox 632 1447 756 1511; x_wconf 90' lang='lat' dir='ltr'><strong><em>tempore</em></strong></span> <span class='ocrx_word' id='word_1_111' title='bbox 774 1440 937 1495; x_wconf 85' lang='lat' dir='ltr'><strong><em>universalis</em></strong></span> <span class='ocrx_word' id='word_1_112' title='bbox 957 1436 1117 1509; x_wconf 78' lang='lat' dir='ltr'><strong><em>cataclysmi</em></strong></span> <span class='ocrx_word' id='word_1_113' title='bbox 1143 1455 1202 1492; x_wconf 87' lang='lat' dir='ltr'><strong><em>esse</em></strong></span> <span class='ocrx_word' id='word_1_114' title='bbox 1219 1438 1291 1491; x_wconf 87' lang='lat' dir='ltr'><strong><em>inter</em></strong></span> <span class='ocrx_word' id='word_1_115' title='bbox 1314 1440 1407 1508; x_wconf 82' lang='lat' dir='ltr'><strong><em>ipsam</em></strong></span> <span class='ocrx_word' id='word_1_116' title='bbox 1424 1441 1649 1495; x_wconf 78' lang='lat' dir='ltr'><strong><em>incarnationem</em></strong></span> <span class='ocrx_word' id='word_1_117' title='bbox 1668 1447 1694 1495; x_wconf 88' lang='lat' dir='ltr'><strong><em>ct</em></strong></span> <span class='ocrx_word' id='word_1_118' title='bbox 1712 1440 1925 1504; x_wconf 65' lang='lat' dir='ltr'><strong><em>redentionem</em></strong></span> <span class='ocrx_word' id='word_1_119' title='bbox 1940 1445 1982 1491; x_wconf 89' lang='lat' dir='ltr'><strong><em>at-</em></strong></span> 
     </span>
     <span class='ocr_line' id='line_1_10' title="bbox 283 1523 1982 1598; baseline -0.001 -17"><span class='ocrx_word' id='word_1_120' title='bbox 283 1525 382 1584; x_wconf 84' lang='lat' dir='ltr'><strong><em>Genes.</em></strong></span> <span class='ocrx_word' id='word_1_121' title='bbox 402 1533 427 1591; x_wconf 78' lang='lat' dir='ltr'><strong><em>t,</em></strong></span> <span class='ocrx_word' id='word_1_122' title='bbox 444 1543 469 1582; x_wconf 77' lang='lat' dir='ltr'><strong><em>v,</em></strong></span> <span class='ocrx_word' id='word_1_123' title='bbox 489 1533 513 1581; x_wconf 88' lang='lat'><strong><em>6.</em></strong></span> <span class='ocrx_word' id='word_1_124' title='bbox 541 1544 624 1598; x_wconf 89' lang='lat' dir='ltr'><strong><em>quam</em></strong></span> <span class='ocrx_word' id='word_1_125' title='bbox 642 1527 743 1583; x_wconf 90' lang='lat' dir='ltr'><strong><em>Petrus</em></strong></span> <span class='ocrx_word' id='word_1_126' title='bbox 767 1526 863 1582; x_wconf 89' lang='lat' dir='ltr'><strong><em>itidem</em></strong></span> <span class='ocrx_word' id='word_1_127' title='bbox 887 1543 951 1580; x_wconf 90' lang='lat' dir='ltr'><strong><em>cum</em></strong></span> <span class='ocrx_word' id='word_1_128' title='bbox 977 1523 1116 1593; x_wconf 89' lang='lat' dir='ltr'><strong><em>baptismo</em></strong></span> <span class='ocrx_word' id='word_1_129' title='bbox 1143 1541 1196 1593; x_wconf 88' lang='lat' dir='ltr'><strong><em>que</em></strong></span> <span class='ocrx_word' id='word_1_130' title='bbox 1219 1526 1293 1578; x_wconf 88' lang='lat' dir='ltr'><strong><em>inter</em></strong></span> <span class='ocrx_word' id='word_1_131' title='bbox 1317 1527 1447 1579; x_wconf 85' lang='lat' dir='ltr'><strong><em>uirtutem</em></strong></span> <span class='ocrx_word' id='word_1_132' title='bbox 1463 1544 1512 1581; x_wconf 88' lang='lat' dir='ltr'><strong><em>seu</em></strong></span> <span class='ocrx_word' id='word_1_133' title='bbox 1529 1529 1653 1597; x_wconf 82' lang='lat' dir='ltr'><strong><em>qratiam</em></strong></span> <span class='ocrx_word' id='word_1_134' title='bbox 1672 1527 1891 1594; x_wconf 85' lang='lat' dir='ltr'><strong><em>iucarnationis,</em></strong></span> <span class='ocrx_word' id='word_1_135' title='bbox 1911 1540 1982 1594; x_wconf 76' lang='lat' dir='ltr'><strong><em>qreae</em></strong></span> 
     </span>
     <span class='ocr_line' id='line_1_11' title="bbox 283 1610 1983 1683; baseline 0.001 -18"><span class='ocrx_word' id='word_1_136' title='bbox 283 1611 355 1667; x_wconf 90' lang='lat' dir='ltr'><strong><em>illins</em></strong></span> <span class='ocrx_word' id='word_1_137' title='bbox 374 1610 513 1681; x_wconf 74' lang='lat' dir='ltr'><strong><em>cinicino</em></strong></span> <span class='ocrx_word' id='word_1_138' title='bbox 530 1613 652 1681; x_wconf 81' lang='lat' dir='ltr'><strong><em>confert,</em></strong></span> <span class='ocrx_word' id='word_1_139' title='bbox 692 1619 714 1669; x_wconf 89' lang='lat' dir='ltr'><strong><em>l.</em></strong></span> <span class='ocrx_word' id='word_1_140' title='bbox 733 1613 812 1682; x_wconf 87' lang='lat' dir='ltr'><strong><em>epist</em></strong></span> <span class='ocrx_word' id='word_1_141' title='bbox 832 1619 860 1677; x_wconf 87' lang='grc'><strong><em>3,</em></strong></span> <span class='ocrx_word' id='word_1_142' title='bbox 886 1631 912 1667; x_wconf 85' lang='lat' dir='ltr'><strong><em>v.</em></strong></span> <span class='ocrx_word' id='word_1_143' title='bbox 933 1616 975 1666; x_wconf 84' lang='lat'><strong><em>21.</em></strong></span> <span class='ocrx_word' id='word_1_144' title='bbox 996 1611 1116 1679; x_wconf 79' lang='lat' dir='ltr'><strong><em>itemque</em></strong></span> <span class='ocrx_word' id='word_1_145' title='bbox 1143 1613 1244 1664; x_wconf 82' lang='lat' dir='ltr'><strong><em>sudem</em></strong></span> <span class='ocrx_word' id='word_1_146' title='bbox 1267 1613 1358 1664; x_wconf 89' lang='lat' dir='ltr'><strong><em>estin</em></strong></span> <span class='ocrx_word' id='word_1_147' title='bbox 1383 1612 1414 1666; x_wconf 89' lang='lat' dir='ltr'><strong><em>V.</em></strong></span> <span class='ocrx_word' id='word_1_148' title='bbox 1444 1622 1470 1666; x_wconf 85' lang='lat' dir='ltr'><strong><em>st</em></strong></span> <span class='ocrx_word' id='word_1_149' title='bbox 1490 1615 1527 1669; x_wconf 93' lang='lat' dir='ltr'><strong><em>N.</em></strong></span> <span class='ocrx_word' id='word_1_150' title='bbox 1550 1616 1581 1667; x_wconf 88' lang='lat' dir='ltr'><strong><em>T.</em></strong></span> <span class='ocrx_word' id='word_1_151' title='bbox 1609 1614 1690 1682; x_wconf 86' lang='lat' dir='ltr'><strong><em>cujus</em></strong></span> <span class='ocrx_word' id='word_1_152' title='bbox 1714 1612 1897 1667; x_wconf 87' lang='lat' dir='ltr'><strong><em>distinctionis</em></strong></span> <span class='ocrx_word' id='word_1_153' title='bbox 1916 1627 1983 1683; x_wconf 77' lang='lat' dir='ltr'><strong><em>neg·</em></strong></span> 
     </span>
     <span class='ocr_line' id='line_1_12' title="bbox 255 1692 1983 1770; baseline 0 -19"><span class='ocrx_word' id='word_1_154' title='bbox 255 1692 257 1696; x_wconf 74' lang='grc'><strong>’</strong></span> <span class='ocrx_word' id='word_1_155' title='bbox 282 1715 371 1752; x_wconf 90' lang='lat' dir='ltr'><strong><em>rorem</em></strong></span> <span class='ocrx_word' id='word_1_156' title='bbox 396 1698 426 1753; x_wconf 90' lang='lat' dir='ltr'><strong><em>in</em></strong></span> <span class='ocrx_word' id='word_1_157' title='bbox 449 1699 549 1753; x_wconf 84' lang='lat' dir='ltr'><strong><em>vellere</em></strong></span> <span class='ocrx_word' id='word_1_158' title='bbox 568 1697 715 1766; x_wconf 87' lang='lat' dir='ltr'><strong><em>Gideonis,</em></strong></span> <span class='ocrx_word' id='word_1_159' title='bbox 739 1698 833 1754; x_wconf 84' lang='lat' dir='ltr'><strong><em>Judic.</em></strong></span> <span class='ocrx_word' id='word_1_160' title='bbox 861 1704 885 1754; x_wconf 86' lang='grc'><strong><em>6.</em></strong></span> <span class='ocrx_word' id='word_1_161' title='bbox 905 1697 1031 1752; x_wconf 88' lang='lat' dir='ltr'><strong><em>umbram</em></strong></span> <span class='ocrx_word' id='word_1_162' title='bbox 1051 1694 1117 1749; x_wconf 89' lang='lat' dir='ltr'><strong><em>solis</em></strong></span> <span class='ocrx_word' id='word_1_163' title='bbox 1144 1697 1218 1752; x_wconf 88' lang='lat' dir='ltr'><strong><em>lectu</em></strong></span> <span class='ocrx_word' id='word_1_164' title='bbox 1233 1696 1419 1753; x_wconf 87' lang='lat' dir='ltr'><strong><em>Scholasticos</em></strong></span> <span class='ocrx_word' id='word_1_165' title='bbox 1440 1699 1570 1770; x_wconf 85' lang='lat' dir='ltr'><strong><em>deceptos</em></strong></span> <span class='ocrx_word' id='word_1_166' title='bbox 1590 1699 1676 1754; x_wconf 86' lang='lat' dir='ltr'><strong><em>fuisse</em></strong></span> <span class='ocrx_word' id='word_1_167' title='bbox 1695 1705 1771 1754; x_wconf 89' lang='lat' dir='ltr'><strong><em>recte</em></strong></span> <span class='ocrx_word' id='word_1_168' title='bbox 1789 1704 1890 1753; x_wconf 83' lang='lat' dir='ltr'><strong><em>monet</em></strong></span> <span class='ocrx_word' id='word_1_169' title='bbox 1927 1697 1983 1751; x_wconf 91' lang='lat' dir='ltr'><strong><em>De·</em></strong></span> 
     </span>
     <span class='ocr_line' id='line_1_13' title="bbox 283 1781 1983 1857; baseline 0.001 -20"><span class='ocrx_word' id='word_1_170' title='bbox 283 1786 311 1839; x_wconf 89' lang='lat' dir='ltr'><strong><em>in</em></strong></span> <span class='ocrx_word' id='word_1_171' title='bbox 326 1783 470 1857; x_wconf 80' lang='lat' dir='ltr'><strong><em>horologio</em></strong></span> <span class='ocrx_word' id='word_1_172' title='bbox 480 1786 574 1841; x_wconf 82' lang='lat' dir='ltr'><strong><em>Achae</em></strong></span> <span class='ocrx_word' id='word_1_173' title='bbox 591 1787 782 1857; x_wconf 76' lang='lat' dir='ltr'><strong><em>retrogradam</em></strong></span> <span class='ocrx_word' id='word_1_174' title='bbox 799 1786 864 1841; x_wconf 84' lang='lat' dir='ltr'><strong><em>Esa</em></strong></span> <span class='ocrx_word' id='word_1_175' title='bbox 883 1791 925 1841; x_wconf 84' lang='grc'><strong><em>38.</em></strong></span> <span class='ocrx_word' id='word_1_176' title='bbox 940 1800 1011 1855; x_wconf 89' lang='lat' dir='ltr'><strong><em>quae</em></strong></span> <span class='ocrx_word' id='word_1_177' title='bbox 1024 1781 1117 1837; x_wconf 88' lang='lat' dir='ltr'><strong><em>omnia</em></strong></span> <span class='ocrx_word' id='word_1_178' title='bbox 1144 1783 1228 1853; x_wconf 89' lang='lat' dir='ltr'><strong><em>nique</em></strong></span> <span class='ocrx_word' id='word_1_179' title='bbox 1251 1784 1335 1838; x_wconf 87' lang='lat' dir='ltr'><strong><em>etiam</em></strong></span> <span class='ocrx_word' id='word_1_180' title='bbox 1357 1784 1524 1841; x_wconf 86' lang='lat' dir='ltr'><strong><em>efficientiae</em></strong></span> <span class='ocrx_word' id='word_1_181' title='bbox 1546 1787 1653 1840; x_wconf 89' lang='lat' dir='ltr'><strong><em>ratione</em></strong></span> <span class='ocrx_word' id='word_1_182' title='bbox 1673 1786 1820 1840; x_wconf 80' lang='lat' dir='ltr'><strong><em>discrimen</em></strong></span> <span class='ocrx_word' id='word_1_183' title='bbox 1844 1785 1983 1855; x_wconf 84' lang='lat' dir='ltr'><strong><em>quoddam</em></strong></span> 
     </span>
     <span class='ocr_line' id='line_1_14' title="bbox 284 1868 1983 1944; baseline 0 -20"><span class='ocrx_word' id='word_1_184' title='bbox 284 1870 419 1926; x_wconf 84' lang='lat' dir='ltr'><strong><em>haetenus</em></strong></span> <span class='ocrx_word' id='word_1_185' title='bbox 437 1874 605 1927; x_wconf 89' lang='lat' dir='ltr'><strong><em>conveniunt</em></strong></span> <span class='ocrx_word' id='word_1_186' title='bbox 621 1890 685 1928; x_wconf 91' lang='lat' dir='ltr'><strong><em>cum</em></strong></span> <span class='ocrx_word' id='word_1_187' title='bbox 702 1872 897 1941; x_wconf 71' lang='lat' dir='ltr'><strong><em>sacramentis,</em></strong></span> <span class='ocrx_word' id='word_1_188' title='bbox 924 1871 999 1943; x_wconf 93' lang='lat' dir='ltr'><strong><em>quod</em></strong></span> <span class='ocrx_word' id='word_1_189' title='bbox 1015 1868 1118 1924; x_wconf 83' lang='lat' dir='ltr'><strong><em>fuerint</em></strong></span> <span class='ocrx_word' id='word_1_190' title='bbox 1144 1870 1324 1924; x_wconf 86' lang='lat' dir='ltr'><strong><em>sacramentis</em></strong></span> <span class='ocrx_word' id='word_1_191' title='bbox 1351 1871 1386 1928; x_wconf 91' lang='lat' dir='ltr'><strong><em>V.</em></strong></span> <span class='ocrx_word' id='word_1_192' title='bbox 1412 1877 1442 1927; x_wconf 86' lang='lat' dir='ltr'><strong><em>ct</em></strong></span> <span class='ocrx_word' id='word_1_193' title='bbox 1464 1873 1499 1930; x_wconf 90' lang='lat' dir='ltr'><strong><em>N</em></strong></span> <span class='ocrx_word' id='word_1_194' title='bbox 1524 1873 1694 1929; x_wconf 82' lang='lat' dir='ltr'><strong><em>intercedere</em></strong></span> <span class='ocrx_word' id='word_1_195' title='bbox 1716 1870 1874 1944; x_wconf 78' lang='lat' dir='ltr'><strong><em>subjungit:</em></strong></span> <span class='ocrx_word' id='word_1_196' title='bbox 1905 1871 1983 1925; x_wconf 82' lang='lat' dir='ltr'><strong><em>Sicut</em></strong></span> 
     </span>
     <span class='ocr_line' id='line_1_15' title="bbox 283 1954 1982 2030; baseline 0 -19"><span class='ocrx_word' id='word_1_197' title='bbox 283 1957 489 2013; x_wconf 85' lang='lat' dir='ltr'><strong><em>confirmandae</em></strong></span> <span class='ocrx_word' id='word_1_198' title='bbox 515 1958 580 2013; x_wconf 86' lang='lat' dir='ltr'><strong><em>fidei</em></strong></span> <span class='ocrx_word' id='word_1_199' title='bbox 603 1967 632 2015; x_wconf 91' lang='lat' dir='ltr'><strong><em>et</em></strong></span> <span class='ocrx_word' id='word_1_200' title='bbox 654 1960 866 2030; x_wconf 84' lang='lat' dir='ltr'><strong><em>promissionum</em></strong></span> <span class='ocrx_word' id='word_1_201' title='bbox 891 1958 1047 2012; x_wconf 82' lang='lat' dir='ltr'><strong><em>divinarum</em></strong></span> <span class='ocrx_word' id='word_1_202' title='bbox 1071 1954 1118 2007; x_wconf 92' lang='lat' dir='ltr'><strong><em>ob·</em></strong></span> <span class='ocrx_word' id='word_1_203' title='bbox 1145 1957 1246 2009; x_wconf 84' lang='lat' dir='ltr'><strong><em>modus</em></strong></span> <span class='ocrx_word' id='word_1_204' title='bbox 1269 1958 1449 2012; x_wconf 81' lang='lat' dir='ltr'><strong><em>revelationis</em></strong></span> <span class='ocrx_word' id='word_1_205' title='bbox 1475 1957 1587 2030; x_wconf 82' lang='lat' dir='ltr'><strong><em>(inquit)</em></strong></span> <span class='ocrx_word' id='word_1_206' title='bbox 1608 1960 1638 2012; x_wconf 88' lang='lat' dir='ltr'><strong><em>in</em></strong></span> <span class='ocrx_word' id='word_1_207' title='bbox 1657 1961 1695 2013; x_wconf 89' lang='lat' dir='ltr'><strong><em>N.</em></strong></span> <span class='ocrx_word' id='word_1_208' title='bbox 1716 1960 1748 2014; x_wconf 89' lang='grc' dir='ltr'><strong><em>Τ.</em></strong></span> <span class='ocrx_word' id='word_1_209' title='bbox 1770 1958 1912 2013; x_wconf 77' lang='lat' dir='ltr'><strong><em>illustrior</em></strong></span> <span class='ocrx_word' id='word_1_210' title='bbox 1933 1965 1982 2024; x_wconf 85' lang='lat' dir='ltr'><strong><em>est,</em></strong></span> 
     </span>
     <span class='ocr_line' id='line_1_16' title="bbox 283 2041 1984 2116; baseline 0 -19"><span class='ocrx_word' id='word_1_211' title='bbox 283 2044 484 2114; x_wconf 79' lang='lat' dir='ltr'><strong><em>signandamm</em></strong></span> <span class='ocrx_word' id='word_1_212' title='bbox 508 2046 643 2099; x_wconf 88' lang='lat' dir='ltr'><strong><em>salutaria</em></strong></span> <span class='ocrx_word' id='word_1_213' title='bbox 665 2046 768 2113; x_wconf 90' lang='lat' dir='ltr'><strong><em>media,</em></strong></span> <span class='ocrx_word' id='word_1_214' title='bbox 791 2045 915 2116; x_wconf 87' lang='lat' dir='ltr'><strong><em>quamvis</em></strong></span> <span class='ocrx_word' id='word_1_215' title='bbox 941 2044 970 2097; x_wconf 92' lang='lat' dir='ltr'><strong><em>in</em></strong></span> <span class='ocrx_word' id='word_1_216' title='bbox 989 2059 1022 2097; x_wconf 94' lang='lat' dir='ltr'><strong><em>eo</em></strong></span> <span class='ocrx_word' id='word_1_217' title='bbox 1041 2058 1059 2095; x_wconf 85' lang='lat' dir='ltr'><strong><em>a</em></strong></span> <span class='ocrx_word' id='word_1_218' title='bbox 1076 2057 1118 2094; x_wconf 85' lang='lat' dir='ltr'><strong><em>sa·</em></strong></span> <span class='ocrx_word' id='word_1_219' title='bbox 1146 2041 1194 2094; x_wconf 85' lang='lat' dir='ltr'><strong><em>lun</em></strong></span> <span class='ocrx_word' id='word_1_220' title='bbox 1221 2043 1301 2108; x_wconf 77' lang='lat' dir='ltr'><strong><em>fidei</em></strong></span> <span class='ocrx_word' id='word_1_221' title='bbox 1328 2044 1423 2112; x_wconf 86' lang='lat' dir='ltr'><strong><em>major</em></strong></span> <span class='ocrx_word' id='word_1_222' title='bbox 1449 2052 1475 2098; x_wconf 87' lang='lat' dir='ltr'><strong><em>et</em></strong></span> <span class='ocrx_word' id='word_1_223' title='bbox 1499 2062 1632 2099; x_wconf 87' lang='lat' dir='ltr'><strong><em>mensura</em></strong></span> <span class='ocrx_word' id='word_1_224' title='bbox 1652 2047 1763 2113; x_wconf 82' lang='lat' dir='ltr'><strong><em>qratias</em></strong></span> <span class='ocrx_word' id='word_1_225' title='bbox 1789 2045 1918 2112; x_wconf 55' lang='lat' dir='ltr'><strong><em>abaciam</em></strong></span> <span class='ocrx_word' id='word_1_226' title='bbox 1941 2044 1984 2097; x_wconf 87' lang='lat' dir='ltr'><strong><em>ita</em></strong></span> 
     </span>
     <span class='ocr_line' id='line_1_17' title="bbox 284 2127 1983 2201; baseline -0.002 -15"><span class='ocrx_word' id='word_1_227' title='bbox 284 2131 432 2186; x_wconf 70' lang='lat' dir='ltr'><strong><em>mentis</em></strong></span> <span class='ocrx_word' id='word_1_228' title='bbox 457 2132 568 2201; x_wconf 89' lang='lat' dir='ltr'><strong><em>proprie</em></strong></span> <span class='ocrx_word' id='word_1_229' title='bbox 592 2133 631 2186; x_wconf 89' lang='lat' dir='ltr'><strong><em>sic</em></strong></span> <span class='ocrx_word' id='word_1_230' title='bbox 655 2132 737 2186; x_wconf 87' lang='lat' dir='ltr'><strong><em>dictis</em></strong></span> <span class='ocrx_word' id='word_1_231' title='bbox 758 2132 903 2199; x_wconf 87' lang='lat' dir='ltr'><strong><em>differant,</em></strong></span> <span class='ocrx_word' id='word_1_232' title='bbox 922 2130 996 2201; x_wconf 91' lang='lat' dir='ltr'><strong><em>quod</em></strong></span> <span class='ocrx_word' id='word_1_233' title='bbox 1016 2127 1120 2183; x_wconf 73' lang='lat' dir='ltr'><strong><em>fuerim</em></strong></span> <span class='ocrx_word' id='word_1_234' title='bbox 1146 2128 1230 2182; x_wconf 86' lang='lat' dir='ltr'><strong><em>etiam</em></strong></span> <span class='ocrx_word' id='word_1_235' title='bbox 1243 2146 1300 2198; x_wconf 84' lang='lat' dir='ltr'><strong><em>per</em></strong></span> <span class='ocrx_word' id='word_1_236' title='bbox 1324 2138 1504 2184; x_wconf 83' lang='lat' dir='ltr'><strong><em>sacramenta</em></strong></span> <span class='ocrx_word' id='word_1_237' title='bbox 1522 2132 1559 2184; x_wconf 91' lang='lat' dir='ltr'><strong><em>N.</em></strong></span> <span class='ocrx_word' id='word_1_238' title='bbox 1584 2133 1616 2186; x_wconf 93' lang='lat' dir='ltr'><strong><em>T.</em></strong></span> <span class='ocrx_word' id='word_1_239' title='bbox 1638 2132 1762 2200; x_wconf 78' lang='lat' dir='ltr'><strong><em>qratiam</em></strong></span> <span class='ocrx_word' id='word_1_240' title='bbox 1781 2129 1889 2184; x_wconf 76' lang='lat' dir='ltr'><strong><em>Christi</em></strong></span> <span class='ocrx_word' id='word_1_241' title='bbox 1904 2132 1983 2185; x_wconf 67' lang='lat' dir='ltr'><strong><em>lucre</em></strong></span> 
     </span>
     <span class='ocr_line' id='line_1_18' title="bbox 284 2214 1985 2291; baseline -0.001 -20"><span class='ocrx_word' id='word_1_242' title='bbox 284 2217 382 2273; x_wconf 90' lang='lat' dir='ltr'><strong><em>saltem</em></strong></span> <span class='ocrx_word' id='word_1_243' title='bbox 397 2216 506 2291; x_wconf 77' lang='grc' dir='ltr'><strong><em>καιρικὰ</em></strong></span> <span class='ocrx_word' id='word_1_244' title='bbox 526 2225 555 2272; x_wconf 89' lang='lat' dir='ltr'><strong><em>et</em></strong></span> <span class='ocrx_word' id='word_1_245' title='bbox 570 2218 745 2289; x_wconf 90' lang='lat' dir='ltr'><strong><em>temporaria,</em></strong></span> <span class='ocrx_word' id='word_1_246' title='bbox 760 2235 816 2272; x_wconf 91' lang='lat' dir='ltr'><strong><em>non</em></strong></span> <span class='ocrx_word' id='word_1_247' title='bbox 834 2224 927 2272; x_wconf 88' lang='lat' dir='ltr'><strong><em>autem</em></strong></span> <span class='ocrx_word' id='word_1_248' title='bbox 946 2218 1121 2287; x_wconf 84' lang='lat' dir='ltr'><strong><em>perpetuast</em></strong></span> <span class='ocrx_word' id='word_1_249' title='bbox 1145 2214 1267 2278; x_wconf 87' lang='lat' dir='ltr'><strong><em>lentius,</em></strong></span> <span class='ocrx_word' id='word_1_250' title='bbox 1293 2214 1425 2283; x_wconf 82' lang='lat' dir='ltr'><strong><em>plenius,</em></strong></span> <span class='ocrx_word' id='word_1_251' title='bbox 1449 2217 1609 2285; x_wconf 77' lang='lat' dir='ltr'><strong><em>perfectius</em></strong></span> <span class='ocrx_word' id='word_1_252' title='bbox 1634 2225 1660 2270; x_wconf 84' lang='lat' dir='ltr'><strong><em>et</em></strong></span> <span class='ocrx_word' id='word_1_253' title='bbox 1684 2218 1798 2270; x_wconf 86' lang='lat' dir='ltr'><strong><em>uberius</em></strong></span> <span class='ocrx_word' id='word_1_254' title='bbox 1822 2216 1985 2285; x_wconf 74' lang='lat' dir='ltr'><strong><em>dispensari</em></strong></span> 
     </span>
     <span class='ocr_line' id='line_1_19' title="bbox 284 2301 1983 2375; baseline -0.001 -18"><span class='ocrx_word' id='word_1_255' title='bbox 284 2303 425 2357; x_wconf 88' lang='lat' dir='ltr'><strong><em>ordinaria</em></strong></span> <span class='ocrx_word' id='word_1_256' title='bbox 448 2310 635 2371; x_wconf 69' lang='lat' dir='ltr'><strong><em>sacramenta,</em></strong></span> <span class='ocrx_word' id='word_1_257' title='bbox 665 2311 693 2358; x_wconf 91' lang='lat' dir='ltr'><strong><em>et</em></strong></span> <span class='ocrx_word' id='word_1_258' title='bbox 722 2304 797 2374; x_wconf 90' lang='lat' dir='ltr'><strong><em>quod</em></strong></span> <span class='ocrx_word' id='word_1_259' title='bbox 827 2303 996 2375; x_wconf 88' lang='lat' dir='ltr'><strong><em>quibusdam</em></strong></span> <span class='ocrx_word' id='word_1_260' title='bbox 1023 2302 1120 2355; x_wconf 89' lang='lat' dir='ltr'><strong><em>horum</em></strong></span> <span class='ocrx_word' id='word_1_261' title='bbox 1147 2301 1325 2353; x_wconf 67' lang='lat' dir='ltr'><strong><em>medentibus</em></strong></span> <span class='ocrx_word' id='word_1_262' title='bbox 1342 2301 1459 2354; x_wconf 82' lang='lat' dir='ltr'><strong><em>libenter</em></strong></span> <span class='ocrx_word' id='word_1_263' title='bbox 1479 2304 1600 2371; x_wconf 84' lang='lat' dir='ltr'><strong><em>damas;</em></strong></span> <span class='ocrx_word' id='word_1_264' title='bbox 1621 2321 1693 2356; x_wconf 86' lang='lat' dir='ltr'><strong><em>nunc</em></strong></span> <span class='ocrx_word' id='word_1_265' title='bbox 1708 2305 1780 2357; x_wconf 86' lang='lat' dir='ltr'><strong><em>enim</em></strong></span> <span class='ocrx_word' id='word_1_266' title='bbox 1793 2310 1983 2356; x_wconf 79' lang='lat' dir='ltr'><strong><em>corirummato</em></strong></span> 
     </span>
     <span class='ocr_line' id='line_1_20' title="bbox 283 2387 1984 2461; baseline -0.001 -16"><span class='ocrx_word' id='word_1_267' title='bbox 283 2390 428 2461; x_wconf 87' lang='lat' dir='ltr'><strong><em>promissio</em></strong></span> <span class='ocrx_word' id='word_1_268' title='bbox 456 2396 562 2444; x_wconf 90' lang='lat' dir='ltr'><strong><em>tantum</em></strong></span> <span class='ocrx_word' id='word_1_269' title='bbox 591 2390 626 2445; x_wconf 89' lang='lat' dir='ltr'><strong><em>de</em></strong></span> <span class='ocrx_word' id='word_1_270' title='bbox 652 2390 842 2459; x_wconf 83' lang='lat' dir='ltr'><strong><em>corporalibus</em></strong></span> <span class='ocrx_word' id='word_1_271' title='bbox 874 2388 1033 2455; x_wconf 85' lang='lat' dir='ltr'><strong><em>beneficiis,</em></strong></span> <span class='ocrx_word' id='word_1_272' title='bbox 1064 2403 1120 2440; x_wconf 90' lang='lat' dir='ltr'><strong><em>non</em></strong></span> <span class='ocrx_word' id='word_1_273' title='bbox 1147 2387 1329 2441; x_wconf 73' lang='lat' dir='ltr'><strong><em>redemtionis</em></strong></span> <span class='ocrx_word' id='word_1_274' title='bbox 1355 2390 1487 2456; x_wconf 67' lang='lat' dir='ltr'><strong><em>mysteria</em></strong></span> <span class='ocrx_word' id='word_1_275' title='bbox 1503 2390 1617 2456; x_wconf 82' lang='lat' dir='ltr'><strong><em>siquris</em></strong></span> <span class='ocrx_word' id='word_1_276' title='bbox 1640 2391 1770 2443; x_wconf 74' lang='lat' dir='ltr'><strong><em>umcmsit</em></strong></span> <span class='ocrx_word' id='word_1_277' title='bbox 1791 2391 1857 2460; x_wconf 87' lang='lat' dir='ltr'><strong><em>ipsa</em></strong></span> <span class='ocrx_word' id='word_1_278' title='bbox 1879 2390 1984 2443; x_wconf 66' lang='lat' dir='ltr'><strong><em>oenias</em></strong></span> 
     </span>
     <span class='ocr_line' id='line_1_21' title="bbox 283 2472 1984 2547; baseline -0.002 -15"><span class='ocrx_word' id='word_1_279' title='bbox 283 2482 377 2532; x_wconf 85' lang='lat' dir='ltr'><strong><em>autem</em></strong></span> <span class='ocrx_word' id='word_1_280' title='bbox 404 2476 439 2531; x_wconf 90' lang='lat' dir='ltr'><strong><em>de</em></strong></span> <span class='ocrx_word' id='word_1_281' title='bbox 469 2476 659 2547; x_wconf 78' lang='lat' dir='ltr'><strong><em>spiritualibus</em></strong></span> <span class='ocrx_word' id='word_1_282' title='bbox 681 2477 776 2543; x_wconf 91' lang='lat' dir='ltr'><strong><em>bonis,</em></strong></span> <span class='ocrx_word' id='word_1_283' title='bbox 804 2484 873 2547; x_wconf 86' lang='lat' dir='ltr'><strong><em>puta</em></strong></span> <span class='ocrx_word' id='word_1_284' title='bbox 899 2478 935 2531; x_wconf 90' lang='lat' dir='ltr'><strong><em>de</em></strong></span> <span class='ocrx_word' id='word_1_285' title='bbox 961 2472 1120 2530; x_wconf 89' lang='lat' dir='ltr'><strong><em>remissione</em></strong></span> <span class='ocrx_word' id='word_1_286' title='bbox 1148 2482 1174 2527; x_wconf 86' lang='lat' dir='ltr'><strong><em>et</em></strong></span> <span class='ocrx_word' id='word_1_287' title='bbox 1191 2474 1296 2527; x_wconf 81' lang='lat' dir='ltr'><strong><em>umbris</em></strong></span> <span class='ocrx_word' id='word_1_288' title='bbox 1314 2492 1424 2543; x_wconf 74' lang='lat' dir='ltr'><strong><em>capus.</em></strong></span> <span class='ocrx_word' id='word_1_289' title='bbox 1460 2474 1539 2529; x_wconf 87' lang='lat' dir='ltr'><strong><em>Haec</em></strong></span> <span class='ocrx_word' id='word_1_290' title='bbox 1556 2475 1650 2530; x_wconf 90' lang='lat' dir='ltr'><strong><em>omnia</em></strong></span> <span class='ocrx_word' id='word_1_291' title='bbox 1667 2477 1704 2531; x_wconf 91' lang='lat' dir='ltr'><strong><em>D.</em></strong></span> <span class='ocrx_word' id='word_1_292' title='bbox 1724 2476 1900 2532; x_wconf 84' lang='lat' dir='ltr'><strong><em>Chemnicius</em></strong></span> <span class='ocrx_word' id='word_1_293' title='bbox 1917 2476 1984 2531; x_wconf 87' lang='lat' dir='ltr'><strong><em>satis</em></strong></span> 
     </span>
     <span class='ocr_line' id='line_1_22' title="bbox 283 2559 2115 2635; baseline 0.001 -18"><span class='ocrx_word' id='word_1_294' title='bbox 283 2569 461 2634; x_wconf 83' lang='lat' dir='ltr'><strong><em>peccatorum</em></strong></span> <span class='ocrx_word' id='word_1_295' title='bbox 492 2564 581 2617; x_wconf 87' lang='lat' dir='ltr'><strong><em>salute</em></strong></span> <span class='ocrx_word' id='word_1_296' title='bbox 615 2570 643 2618; x_wconf 91' lang='lat' dir='ltr'><strong><em>et</em></strong></span> <span class='ocrx_word' id='word_1_297' title='bbox 671 2563 730 2617; x_wconf 85' lang='lat' dir='ltr'><strong><em>vita</em></strong></span> <span class='ocrx_word' id='word_1_298' title='bbox 757 2569 871 2619; x_wconf 89' lang='lat' dir='ltr'><strong><em>aeterna</em></strong></span> <span class='ocrx_word' id='word_1_299' title='bbox 899 2562 984 2619; x_wconf 79' lang='lat' dir='ltr'><strong><em>fuerit</em></strong></span> <span class='ocrx_word' id='word_1_300' title='bbox 1015 2559 1120 2615; x_wconf 87' lang='lat' dir='ltr'><strong><em>addita.</em></strong></span> <span class='ocrx_word' id='word_1_301' title='bbox 1148 2560 1224 2615; x_wconf 82' lang='lat' dir='ltr'><strong><em>clare</em></strong></span> <span class='ocrx_word' id='word_1_302' title='bbox 1242 2568 1271 2616; x_wconf 92' lang='lat' dir='ltr'><strong><em>et</em></strong></span> <span class='ocrx_word' id='word_1_303' title='bbox 1286 2562 1441 2632; x_wconf 88' lang='lat' dir='ltr'><strong><em>perspicue.</em></strong></span> <span class='ocrx_word' id='word_1_304' title='bbox 1468 2561 1561 2629; x_wconf 86' lang='lat' dir='ltr'><strong><em>Quare</em></strong></span> <span class='ocrx_word' id='word_1_305' title='bbox 1572 2579 1636 2616; x_wconf 89' lang='lat' dir='ltr'><strong><em>cum</em></strong></span> <span class='ocrx_word' id='word_1_306' title='bbox 1648 2580 1684 2617; x_wconf 90' lang='lat' dir='ltr'><strong><em>ne</em></strong></span> <span class='ocrx_word' id='word_1_307' title='bbox 1698 2563 1862 2618; x_wconf 87' lang='lat' dir='ltr'><strong><em>efficientiae</em></strong></span> <span class='ocrx_word' id='word_1_308' title='bbox 1871 2562 1984 2635; x_wconf 90' lang='lat' dir='ltr'><strong><em>quidem</em></strong></span> <span class='ocrx_word' id='word_1_309' title='bbox 1995 2574 2056 2617; x_wconf 80' lang='lat' dir='ltr'><strong><em>viu.</em></strong></span> <span class='ocrx_word' id='word_1_310' title='bbox 2069 2571 2115 2618; x_wconf 74' lang='lat' dir='ltr'><strong><em>tta.</em></strong></span> 
     </span>
     <span class='ocr_line' id='line_1_23' title="bbox 283 2645 2069 2721; baseline 0 -18"><span class='ocrx_word' id='word_1_311' title='bbox 283 2650 324 2704; x_wconf 82' lang='lat' dir='ltr'><strong><em>Ex</em></strong></span> <span class='ocrx_word' id='word_1_312' title='bbox 353 2649 456 2721; x_wconf 89' lang='lat' dir='ltr'><strong><em>quibus</em></strong></span> <span class='ocrx_word' id='word_1_313' title='bbox 481 2647 608 2703; x_wconf 89' lang='lat' dir='ltr'><strong><em>omnibus</em></strong></span> <span class='ocrx_word' id='word_1_314' title='bbox 633 2649 672 2702; x_wconf 90' lang='lat' dir='ltr'><strong><em>sic</em></strong></span> <span class='ocrx_word' id='word_1_315' title='bbox 696 2648 865 2719; x_wconf 83' lang='lat' dir='ltr'><strong><em>colligimus:</em></strong></span> <span class='ocrx_word' id='word_1_316' title='bbox 902 2648 932 2703; x_wconf 90' lang='lat' dir='ltr'><strong><em>Si</em></strong></span> <span class='ocrx_word' id='word_1_317' title='bbox 955 2645 1121 2717; x_wconf 87' lang='lat' dir='ltr'><strong><em>temporaria</em></strong></span> <span class='ocrx_word' id='word_1_318' title='bbox 1148 2654 1277 2719; x_wconf 89' lang='lat' dir='ltr'><strong><em>respectu</em></strong></span> <span class='ocrx_word' id='word_1_319' title='bbox 1301 2647 1488 2702; x_wconf 91' lang='lat' dir='ltr'><strong><em>omnimodam</em></strong></span> <span class='ocrx_word' id='word_1_320' title='bbox 1513 2648 1690 2704; x_wconf 85' lang='lat' dir='ltr'><strong><em>identitatem</em></strong></span> <span class='ocrx_word' id='word_1_321' title='bbox 1706 2650 1886 2704; x_wconf 88' lang='lat' dir='ltr'><strong><em>sacramentis</em></strong></span> <span class='ocrx_word' id='word_1_322' title='bbox 1903 2648 1938 2705; x_wconf 91' lang='lat' dir='ltr'><strong><em>V.</em></strong></span> <span class='ocrx_word' id='word_1_323' title='bbox 1956 2655 1985 2703; x_wconf 86' lang='lat' dir='ltr'><strong><em>et</em></strong></span> <span class='ocrx_word' id='word_1_324' title='bbox 2067 2653 2069 2656; x_wconf 85' lang='grc'><strong>’</strong></span> 
     </span>
     <span class='ocr_line' id='line_1_24' title="bbox 283 2733 1984 2808; baseline 0.003 -20"><span class='ocrx_word' id='word_1_325' title='bbox 283 2735 332 2790; x_wconf 91' lang='lat' dir='ltr'><strong><em>illa</em></strong></span> <span class='ocrx_word' id='word_1_326' title='bbox 349 2737 383 2791; x_wconf 90' lang='lat' dir='ltr'><strong><em>V.</em></strong></span> <span class='ocrx_word' id='word_1_327' title='bbox 411 2736 445 2790; x_wconf 88' lang='lat' dir='ltr'><strong><em>T.</em></strong></span> <span class='ocrx_word' id='word_1_328' title='bbox 477 2740 652 2790; x_wconf 89' lang='lat' dir='ltr'><strong><em>sacramenta</em></strong></span> <span class='ocrx_word' id='word_1_329' title='bbox 679 2736 793 2790; x_wconf 83' lang='lat' dir='ltr'><strong><em>fuerunt</em></strong></span> <span class='ocrx_word' id='word_1_330' title='bbox 822 2735 888 2790; x_wconf 89' lang='lat' dir='ltr'><strong><em>fidei</em></strong></span> <span class='ocrx_word' id='word_1_331' title='bbox 919 2733 1064 2805; x_wconf 82' lang='lat' dir='ltr'><strong><em>signacula</em></strong></span> <span class='ocrx_word' id='word_1_332' title='bbox 1093 2739 1121 2787; x_wconf 91' lang='lat' dir='ltr'><strong><em>et</em></strong></span> <span class='ocrx_word' id='word_1_333' title='bbox 1148 2734 1183 2790; x_wconf 88' lang='lat' dir='ltr'><strong><em>N.</em></strong></span> <span class='ocrx_word' id='word_1_334' title='bbox 1202 2733 1236 2788; x_wconf 90' lang='lat' dir='ltr'><strong><em>T.</em></strong></span> <span class='ocrx_word' id='word_1_335' title='bbox 1255 2733 1443 2805; x_wconf 76' lang='lat' dir='ltr'><strong><em>tribuatque</em></strong></span> <span class='ocrx_word' id='word_1_336' title='bbox 1462 2734 1585 2789; x_wconf 83' lang='lat' dir='ltr'><strong><em>veritatis</em></strong></span> <span class='ocrx_word' id='word_1_337' title='bbox 1605 2736 1699 2806; x_wconf 90' lang='lat' dir='ltr'><strong><em>specie</em></strong></span> <span class='ocrx_word' id='word_1_338' title='bbox 1718 2736 1773 2790; x_wconf 92' lang='lat' dir='ltr'><strong><em>dici</em></strong></span> <span class='ocrx_word' id='word_1_339' title='bbox 1791 2742 1890 2808; x_wconf 86' lang='lat' dir='ltr'><strong><em>potest,</em></strong></span> <span class='ocrx_word' id='word_1_340' title='bbox 1909 2735 1984 2807; x_wconf 90' lang='lat' dir='ltr'><strong><em>quod</em></strong></span> 
     </span>
     <span class='ocr_line' id='line_1_25' title="bbox 284 2819 1986 2893; baseline -0.001 -16"><span class='ocrx_word' id='word_1_341' title='bbox 284 2822 391 2893; x_wconf 59' lang='lat' dir='ltr'><strong><em>madae</em></strong></span> <span class='ocrx_word' id='word_1_342' title='bbox 416 2822 527 2877; x_wconf 85' lang='lat' dir='ltr'><strong><em>divinae</em></strong></span> <span class='ocrx_word' id='word_1_343' title='bbox 542 2822 706 2891; x_wconf 85' lang='lat' dir='ltr'><strong><em>testimonia,</em></strong></span> <span class='ocrx_word' id='word_1_344' title='bbox 723 2822 809 2877; x_wconf 89' lang='lat' dir='ltr'><strong><em>multo</em></strong></span> <span class='ocrx_word' id='word_1_345' title='bbox 828 2822 917 2893; x_wconf 86' lang='lat' dir='ltr'><strong><em>magis</em></strong></span> <span class='ocrx_word' id='word_1_346' title='bbox 935 2821 1075 2892; x_wconf 87' lang='lat' dir='ltr'><strong><em>perpetuis</em></strong></span> <span class='ocrx_word' id='word_1_347' title='bbox 1093 2826 1121 2874; x_wconf 91' lang='lat' dir='ltr'><strong><em>et</em></strong></span> <span class='ocrx_word' id='word_1_348' title='bbox 1147 2819 1255 2875; x_wconf 89' lang='lat' dir='ltr'><strong><em>ratione</em></strong></span> <span class='ocrx_word' id='word_1_349' title='bbox 1281 2821 1417 2876; x_wconf 88' lang='lat' dir='ltr'><strong><em>essentiae</em></strong></span> <span class='ocrx_word' id='word_1_350' title='bbox 1445 2829 1622 2877; x_wconf 90' lang='lat' dir='ltr'><strong><em>sacramenta</em></strong></span> <span class='ocrx_word' id='word_1_351' title='bbox 1650 2822 1685 2878; x_wconf 91' lang='lat' dir='ltr'><strong><em>V.</em></strong></span> <span class='ocrx_word' id='word_1_352' title='bbox 1717 2827 1746 2878; x_wconf 91' lang='lat' dir='ltr'><strong><em>et</em></strong></span> <span class='ocrx_word' id='word_1_353' title='bbox 1768 2823 1802 2879; x_wconf 88' lang='lat' dir='ltr'><strong><em>N.</em></strong></span> <span class='ocrx_word' id='word_1_354' title='bbox 1826 2822 1861 2877; x_wconf 87' lang='lat' dir='ltr'><strong><em>T.</em></strong></span> <span class='ocrx_word' id='word_1_355' title='bbox 1889 2822 1986 2877; x_wconf 90' lang='lat' dir='ltr'><strong><em>eadem</em></strong></span> 
     </span>
     <span class='ocr_line' id='line_1_26' title="bbox 284 2906 1986 2980; baseline -0.001 -17"><span class='ocrx_word' id='word_1_356' title='bbox 284 2908 430 2963; x_wconf 83' lang='lat' dir='ltr'><strong><em>ordinariis</em></strong></span> <span class='ocrx_word' id='word_1_357' title='bbox 453 2908 487 2966; x_wconf 87' lang='lat' dir='ltr'><strong><em>V.</em></strong></span> <span class='ocrx_word' id='word_1_358' title='bbox 513 2909 547 2964; x_wconf 92' lang='lat' dir='ltr'><strong><em>T.</em></strong></span> <span class='ocrx_word' id='word_1_359' title='bbox 576 2909 756 2964; x_wconf 89' lang='lat' dir='ltr'><strong><em>sacramentis</em></strong></span> <span class='ocrx_word' id='word_1_360' title='bbox 782 2909 835 2962; x_wconf 92' lang='lat' dir='ltr'><strong><em>hoe</em></strong></span> <span class='ocrx_word' id='word_1_361' title='bbox 858 2908 1037 2964; x_wconf 89' lang='lat' dir='ltr'><strong><em>tribuendum</em></strong></span> <span class='ocrx_word' id='word_1_362' title='bbox 1061 2906 1121 2961; x_wconf 90' lang='lat' dir='ltr'><strong><em>erit.</em></strong></span> <span class='ocrx_word' id='word_1_363' title='bbox 1149 2923 1210 2961; x_wconf 91' lang='lat' dir='ltr'><strong><em>esse</em></strong></span> <span class='ocrx_word' id='word_1_364' title='bbox 1236 2911 1341 2960; x_wconf 88' lang='lat' dir='ltr'><strong><em>statuat</em></strong></span> <span class='ocrx_word' id='word_1_365' title='bbox 1368 2912 1397 2961; x_wconf 88' lang='lat' dir='ltr'><strong><em>et</em></strong></span> <span class='ocrx_word' id='word_1_366' title='bbox 1416 2907 1470 2961; x_wconf 91' lang='lat' dir='ltr'><strong><em>hac</em></strong></span> <span class='ocrx_word' id='word_1_367' title='bbox 1489 2908 1595 2964; x_wconf 72' lang='lat' dir='ltr'><strong><em>muana</em></strong></span> <span class='ocrx_word' id='word_1_368' title='bbox 1613 2925 1706 2965; x_wconf 87' lang='lat' dir='ltr'><strong><em>veram</em></strong></span> <span class='ocrx_word' id='word_1_369' title='bbox 1724 2909 1910 2980; x_wconf 87' lang='lat' dir='ltr'><strong><em>praesentiam</em></strong></span> <span class='ocrx_word' id='word_1_370' title='bbox 1928 2924 1986 2963; x_wconf 85' lang='lat' dir='ltr'><strong><em>cor-</em></strong></span> 
     </span>
     <span class='ocr_line' id='line_1_27' title="bbox 285 2992 1986 3067; baseline 0 -18"><span class='ocrx_word' id='word_1_371' title='bbox 285 2995 340 3050; x_wconf 89' lang='lat' dir='ltr'><strong><em>Sed</em></strong></span> <span class='ocrx_word' id='word_1_372' title='bbox 364 3012 460 3050; x_wconf 86' lang='lat' dir='ltr'><strong><em>serum</em></strong></span> <span class='ocrx_word' id='word_1_373' title='bbox 484 2995 570 3065; x_wconf 89' lang='lat' dir='ltr'><strong><em>prius.</em></strong></span> <span class='ocrx_word' id='word_1_374' title='bbox 615 2996 691 3067; x_wconf 83' lang='lat' dir='ltr'><strong><em>Ergo</em></strong></span> <span class='ocrx_word' id='word_1_375' title='bbox 711 3001 738 3049; x_wconf 93' lang='lat' dir='ltr'><strong><em>et</em></strong></span> <span class='ocrx_word' id='word_1_376' title='bbox 754 2994 901 3065; x_wconf 87' lang='lat' dir='ltr'><strong><em>posterius.</em></strong></span> <span class='ocrx_word' id='word_1_377' title='bbox 937 2992 1122 3048; x_wconf 88' lang='lat' dir='ltr'><strong><em>Bellarmiuus</em></strong></span> <span class='ocrx_word' id='word_1_378' title='bbox 1148 2992 1223 3062; x_wconf 88' lang='lat' dir='ltr'><strong><em>poris</em></strong></span> <span class='ocrx_word' id='word_1_379' title='bbox 1248 2999 1275 3047; x_wconf 90' lang='lat' dir='ltr'><strong><em>et</em></strong></span> <span class='ocrx_word' id='word_1_380' title='bbox 1292 2993 1437 3064; x_wconf 84' lang='lat' dir='ltr'><strong><em>sanguinis</em></strong></span> <span class='ocrx_word' id='word_1_381' title='bbox 1456 2992 1559 3049; x_wconf 84' lang='lat' dir='ltr'><strong><em>Christi</em></strong></span> <span class='ocrx_word' id='word_1_382' title='bbox 1577 3011 1595 3049; x_wconf 94' lang='lat' dir='ltr'><strong><em>a</em></strong></span> <span class='ocrx_word' id='word_1_383' title='bbox 1612 3011 1691 3050; x_wconf 87' lang='lat' dir='ltr'><strong><em>sacra</em></strong></span> <span class='ocrx_word' id='word_1_384' title='bbox 1711 3013 1798 3050; x_wconf 90' lang='lat' dir='ltr'><strong><em>coena</em></strong></span> <span class='ocrx_word' id='word_1_385' title='bbox 1814 2995 1926 3051; x_wconf 83' lang='lat' dir='ltr'><strong><em>exulare</em></strong></span> <span class='ocrx_word' id='word_1_386' title='bbox 1940 2995 1986 3065; x_wconf 92' lang='lat' dir='ltr'><strong><em>ju·</em></strong></span> 
     </span>
     <span class='ocr_line' id='line_1_28' title="bbox 285 3077 1986 3152; baseline 0.001 -17"><span class='ocrx_word' id='word_1_387' title='bbox 285 3081 400 3152; x_wconf 84' lang='lat' dir='ltr'><strong><em>excipit:</em></strong></span> <span class='ocrx_word' id='word_1_388' title='bbox 429 3088 450 3137; x_wconf 86' lang='lat'><strong><em>1.</em></strong></span> <span class='ocrx_word' id='word_1_389' title='bbox 470 3082 658 3136; x_wconf 72' lang='lat' dir='ltr'><strong><em>Chcmnicium</em></strong></span> <span class='ocrx_word' id='word_1_390' title='bbox 680 3099 772 3134; x_wconf 88' lang='lat' dir='ltr'><strong><em>secum</em></strong></span> <span class='ocrx_word' id='word_1_391' title='bbox 791 3081 969 3149; x_wconf 73' lang='lat' dir='ltr'><strong><em>opacissima</em></strong></span> <span class='ocrx_word' id='word_1_392' title='bbox 983 3096 1122 3150; x_wconf 81' lang='lat' dir='ltr'><strong><em>paquara,</em></strong></span> <span class='ocrx_word' id='word_1_393' title='bbox 1148 3078 1233 3133; x_wconf 79' lang='lat' dir='ltr'><strong><em>beat?</em></strong></span> <span class='ocrx_word' id='word_1_394' title='bbox 1283 3077 1355 3133; x_wconf 89' lang='lat' dir='ltr'><strong><em>Cum</em></strong></span> <span class='ocrx_word' id='word_1_395' title='bbox 1376 3096 1412 3134; x_wconf 92' lang='lat' dir='ltr'><strong><em>ne</em></strong></span> <span class='ocrx_word' id='word_1_396' title='bbox 1436 3080 1548 3150; x_wconf 90' lang='lat' dir='ltr'><strong><em>quidem</em></strong></span> <span class='ocrx_word' id='word_1_397' title='bbox 1570 3083 1681 3152; x_wconf 90' lang='lat' dir='ltr'><strong><em>proprie</em></strong></span> <span class='ocrx_word' id='word_1_398' title='bbox 1705 3081 1745 3136; x_wconf 90' lang='lat' dir='ltr'><strong><em>sic</em></strong></span> <span class='ocrx_word' id='word_1_399' title='bbox 1767 3083 1842 3136; x_wconf 88' lang='lat' dir='ltr'><strong><em>dieta</em></strong></span> <span class='ocrx_word' id='word_1_400' title='bbox 1864 3087 1893 3138; x_wconf 88' lang='lat' dir='ltr'><strong><em>et</em></strong></span> <span class='ocrx_word' id='word_1_401' title='bbox 1914 3081 1986 3137; x_wconf 90' lang='lat' dir='ltr'><strong><em>ordi·</em></strong></span> 
     </span>
     <span class='ocr_line' id='line_1_29' title="bbox 285 3164 1986 3237; baseline 0.001 -16"><span class='ocrx_word' id='word_1_402' title='bbox 285 3186 346 3221; x_wconf 89' lang='lat' dir='ltr'><strong><em>cum</em></strong></span> <span class='ocrx_word' id='word_1_403' title='bbox 368 3186 474 3222; x_wconf 76' lang='lat' dir='ltr'><strong><em>muna</em></strong></span> <span class='ocrx_word' id='word_1_404' title='bbox 499 3176 525 3220; x_wconf 87' lang='lat' dir='ltr'><strong><em>et</em></strong></span> <span class='ocrx_word' id='word_1_405' title='bbox 550 3186 655 3236; x_wconf 87' lang='lat' dir='ltr'><strong><em>aquam</em></strong></span> <span class='ocrx_word' id='word_1_406' title='bbox 679 3170 714 3220; x_wconf 80' lang='lat' dir='ltr'><strong><em>de</em></strong></span> <span class='ocrx_word' id='word_1_407' title='bbox 732 3175 819 3237; x_wconf 83' lang='lat' dir='ltr'><strong><em>petra</em></strong></span> <span class='ocrx_word' id='word_1_408' title='bbox 836 3168 1032 3220; x_wconf 82' lang='lat' dir='ltr'><strong><em>scaturientem</em></strong></span> <span class='ocrx_word' id='word_1_409' title='bbox 1049 3169 1122 3221; x_wconf 85' lang='lat' dir='ltr'><strong><em>inter</em></strong></span> <span class='ocrx_word' id='word_1_410' title='bbox 1149 3165 1228 3219; x_wconf 86' lang='lat' dir='ltr'><strong><em>uaria</em></strong></span> <span class='ocrx_word' id='word_1_411' title='bbox 1254 3165 1289 3221; x_wconf 92' lang='lat' dir='ltr'><strong><em>V.</em></strong></span> <span class='ocrx_word' id='word_1_412' title='bbox 1307 3164 1342 3222; x_wconf 87' lang='lat' dir='ltr'><strong><em>T.</em></strong></span> <span class='ocrx_word' id='word_1_413' title='bbox 1364 3172 1538 3220; x_wconf 87' lang='lat' dir='ltr'><strong><em>sacramenta</em></strong></span> <span class='ocrx_word' id='word_1_414' title='bbox 1556 3167 1646 3222; x_wconf 86' lang='lat' dir='ltr'><strong><em>modis</em></strong></span> <span class='ocrx_word' id='word_1_415' title='bbox 1665 3169 1792 3223; x_wconf 89' lang='lat' dir='ltr'><strong><em>omnibus</em></strong></span> <span class='ocrx_word' id='word_1_416' title='bbox 1809 3169 1905 3223; x_wconf 86' lang='lat' dir='ltr'><strong><em>eadem</em></strong></span> <span class='ocrx_word' id='word_1_417' title='bbox 1923 3185 1986 3223; x_wconf 87' lang='lat' dir='ltr'><strong><em>cum</em></strong></span> 
     </span>
     <span class='ocr_line' id='line_1_30' title="bbox 285 3238 1986 3326; baseline 0.003 -19"><span class='ocrx_word' id='word_1_418' title='bbox 285 3262 463 3307; x_wconf 87' lang='lat' dir='ltr'><strong><em>sacramenta</em></strong></span> <span class='ocrx_word' id='word_1_419' title='bbox 488 3255 591 3321; x_wconf 76' lang='lat' dir='ltr'><strong><em>refert,</em></strong></span> <span class='ocrx_word' id='word_1_420' title='bbox 618 3271 681 3306; x_wconf 88' lang='lat' dir='ltr'><strong><em>cum</em></strong></span> <span class='ocrx_word' id='word_1_421' title='bbox 703 3253 733 3306; x_wconf 90' lang='lat' dir='ltr'><strong><em>in</em></strong></span> <span class='ocrx_word' id='word_1_422' title='bbox 757 3253 928 3323; x_wconf 83' lang='lat' dir='ltr'><strong><em>definitione</em></strong></span> <span class='ocrx_word' id='word_1_423' title='bbox 951 3252 1124 3307; x_wconf 87' lang='lat' dir='ltr'><strong><em>sacramenti</em></strong></span> <span class='ocrx_word' id='word_1_424' title='bbox 1149 3252 1183 3308; x_wconf 94' lang='lat' dir='ltr'><strong><em>N</em></strong></span> <span class='ocrx_word' id='word_1_425' title='bbox 1204 3253 1236 3307; x_wconf 93' lang='lat' dir='ltr'><strong><em>T.</em></strong></span> <span class='ocrx_word' id='word_1_426' title='bbox 1257 3238 1438 3308; x_wconf 77' lang='lat' dir='ltr'><strong><em>sacmmentis</em></strong></span> <span class='ocrx_word' id='word_1_427' title='bbox 1457 3260 1575 3319; x_wconf 67' lang='lat' dir='ltr'><strong><em>statuatr</em></strong></span> <span class='ocrx_word' id='word_1_428' title='bbox 1601 3272 1658 3325; x_wconf 89' lang='lat' dir='ltr'><strong><em>qua</em></strong></span> <span class='ocrx_word' id='word_1_429' title='bbox 1676 3256 1800 3311; x_wconf 83' lang='lat' dir='ltr'><strong><em>veritatis</em></strong></span> <span class='ocrx_word' id='word_1_430' title='bbox 1818 3255 1910 3326; x_wconf 87' lang='lat' dir='ltr'><strong><em>specie</em></strong></span> <span class='ocrx_word' id='word_1_431' title='bbox 1933 3256 1986 3326; x_wconf 88' lang='lat' dir='ltr'><strong><em>ipsi</em></strong></span> 
     </span>
     <span class='ocr_line' id='line_1_31' title="bbox 286 3339 1986 3413; baseline 0.002 -19"><span class='ocrx_word' id='word_1_432' title='bbox 286 3342 427 3411; x_wconf 69' lang='lat' dir='ltr'><strong><em>requirat,</em></strong></span> <span class='ocrx_word' id='word_1_433' title='bbox 450 3348 481 3394; x_wconf 85' lang='lat' dir='ltr'><strong><em>at</em></strong></span> <span class='ocrx_word' id='word_1_434' title='bbox 497 3341 534 3393; x_wconf 88' lang='lat' dir='ltr'><strong><em>sit</em></strong></span> <span class='ocrx_word' id='word_1_435' title='bbox 551 3340 723 3408; x_wconf 63' lang='lat' dir='ltr'><strong><em>scamonia,</em></strong></span> <span class='ocrx_word' id='word_1_436' title='bbox 738 3356 811 3408; x_wconf 86' lang='lat' dir='ltr'><strong><em>quae</em></strong></span> <span class='ocrx_word' id='word_1_437' title='bbox 830 3342 911 3392; x_wconf 82' lang='lat' dir='ltr'><strong><em>duret</em></strong></span> <span class='ocrx_word' id='word_1_438' title='bbox 928 3341 1063 3408; x_wconf 84' lang='lat' dir='ltr'><strong><em>quamdiu</em></strong></span> <span class='ocrx_word' id='word_1_439' title='bbox 1079 3356 1122 3393; x_wconf 85' lang='lat' dir='ltr'><strong><em>re·</em></strong></span> <span class='ocrx_word' id='word_1_440' title='bbox 1149 3339 1235 3393; x_wconf 90' lang='lat' dir='ltr'><strong><em>tribui</em></strong></span> <span class='ocrx_word' id='word_1_441' title='bbox 1267 3346 1375 3410; x_wconf 87' lang='lat' dir='ltr'><strong><em>potest,</em></strong></span> <span class='ocrx_word' id='word_1_442' title='bbox 1412 3340 1488 3411; x_wconf 91' lang='lat' dir='ltr'><strong><em>quod</em></strong></span> <span class='ocrx_word' id='word_1_443' title='bbox 1521 3339 1646 3413; x_wconf 77' lang='grc' dir='ltr'><strong><em>καιρικὸν</em></strong></span> <span class='ocrx_word' id='word_1_444' title='bbox 1679 3348 1707 3397; x_wconf 93' lang='lat' dir='ltr'><strong><em>et</em></strong></span> <span class='ocrx_word' id='word_1_445' title='bbox 1739 3342 1986 3398; x_wconf 82' lang='lat' dir='ltr'><strong><em>extraordinarium</em></strong></span> 
     </span>
     <span class='ocr_line' id='line_1_32' title="bbox 287 3426 2032 3500; baseline 0.002 -19"><span class='ocrx_word' id='word_1_446' title='bbox 287 3428 355 3495; x_wconf 80' lang='lat' dir='ltr'><strong><em>lipia</em></strong></span> <span class='ocrx_word' id='word_1_447' title='bbox 384 3430 486 3496; x_wconf 83' lang='lat' dir='ltr'><strong><em>duret,-</em></strong></span> <span class='ocrx_word' id='word_1_448' title='bbox 512 3444 568 3499; x_wconf 92' lang='lat' dir='ltr'><strong><em>qua</em></strong></span> <span class='ocrx_word' id='word_1_449' title='bbox 595 3427 630 3481; x_wconf 89' lang='lat' dir='ltr'><strong><em>da</em></strong></span> <span class='ocrx_word' id='word_1_450' title='bbox 659 3442 690 3480; x_wconf 91' lang='lat' dir='ltr'><strong><em>re</em></strong></span> <span class='ocrx_word' id='word_1_451' title='bbox 716 3426 784 3496; x_wconf 90' lang='lat' dir='ltr'><strong><em>quid</em></strong></span> <span class='ocrx_word' id='word_1_452' title='bbox 808 3426 986 3480; x_wconf 88' lang='lat' dir='ltr'><strong><em>statuendum</em></strong></span> <span class='ocrx_word' id='word_1_453' title='bbox 1012 3429 1059 3491; x_wconf 89' lang='lat' dir='ltr'><strong><em>sit,</em></strong></span> <span class='ocrx_word' id='word_1_454' title='bbox 1089 3445 1122 3482; x_wconf 89' lang='lat' dir='ltr'><strong><em>ex</em></strong></span> <span class='ocrx_word' id='word_1_455' title='bbox 1149 3443 1268 3481; x_wconf 89' lang='lat' dir='ltr'><strong><em>mannae</em></strong></span> <span class='ocrx_word' id='word_1_456' title='bbox 1291 3433 1319 3481; x_wconf 91' lang='lat' dir='ltr'><strong><em>et</em></strong></span> <span class='ocrx_word' id='word_1_457' title='bbox 1342 3443 1433 3498; x_wconf 89' lang='lat' dir='ltr'><strong><em>aquae</em></strong></span> <span class='ocrx_word' id='word_1_458' title='bbox 1451 3444 1484 3482; x_wconf 83' lang='lat' dir='ltr'><strong><em>er</em></strong></span> <span class='ocrx_word' id='word_1_459' title='bbox 1503 3434 1585 3498; x_wconf 89' lang='lat' dir='ltr'><strong><em>petra</em></strong></span> <span class='ocrx_word' id='word_1_460' title='bbox 1603 3429 1764 3500; x_wconf 89' lang='lat' dir='ltr'><strong><em>profluentis</em></strong></span> <span class='ocrx_word' id='word_1_461' title='bbox 1784 3437 1986 3485; x_wconf 86' lang='lat' dir='ltr'><strong><em>sacramentum</em></strong></span> <span class='ocrx_word' id='word_1_462' title='bbox 2029 3434 2032 3440; x_wconf 85' lang='grc'><strong>’</strong></span> 
     </span>
     <span class='ocr_line' id='line_1_33' title="bbox 288 3511 1986 3583; baseline 0.005 -18"><span class='ocrx_word' id='word_1_463' title='bbox 288 3512 367 3567; x_wconf 86' lang='lat' dir='ltr'><strong><em>dictis</em></strong></span> <span class='ocrx_word' id='word_1_464' title='bbox 392 3518 478 3583; x_wconf 86' lang='lat' dir='ltr'><strong><em>patet.</em></strong></span> <span class='ocrx_word' id='word_1_465' title='bbox 521 3511 654 3567; x_wconf 89' lang='lat' dir='ltr'><strong><em>Definitio</em></strong></span> <span class='ocrx_word' id='word_1_466' title='bbox 679 3513 846 3567; x_wconf 85' lang='lat' dir='ltr'><strong><em>sacramenti</em></strong></span> <span class='ocrx_word' id='word_1_467' title='bbox 868 3513 903 3567; x_wconf 92' lang='lat' dir='ltr'><strong><em>de</em></strong></span> <span class='ocrx_word' id='word_1_468' title='bbox 924 3512 1069 3566; x_wconf 88' lang='lat' dir='ltr'><strong><em>ordinariis</em></strong></span> <span class='ocrx_word' id='word_1_469' title='bbox 1095 3519 1123 3567; x_wconf 89' lang='lat' dir='ltr'><strong><em>et</em></strong></span> <span class='ocrx_word' id='word_1_470' title='bbox 1149 3531 1212 3567; x_wconf 90' lang='lat' dir='ltr'><strong><em>cum</em></strong></span> <span class='ocrx_word' id='word_1_471' title='bbox 1235 3512 1404 3568; x_wconf 87' lang='lat' dir='ltr'><strong><em>eucharistia</em></strong></span> <span class='ocrx_word' id='word_1_472' title='bbox 1427 3513 1516 3568; x_wconf 90' lang='lat' dir='ltr'><strong><em>modis</em></strong></span> <span class='ocrx_word' id='word_1_473' title='bbox 1545 3516 1672 3571; x_wconf 91' lang='lat' dir='ltr'><strong><em>omnibus</em></strong></span> <span class='ocrx_word' id='word_1_474' title='bbox 1692 3517 1766 3571; x_wconf 88' lang='lat' dir='ltr'><strong><em>idem</em></strong></span> <span class='ocrx_word' id='word_1_475' title='bbox 1784 3533 1844 3571; x_wconf 90' lang='lat' dir='ltr'><strong><em>esse</em></strong></span> <span class='ocrx_word' id='word_1_476' title='bbox 1861 3517 1986 3573; x_wconf 80' lang='lat' dir='ltr'><strong><em>statuat?</em></strong></span> 
     </span>
     <span class='ocr_line' id='line_1_34' title="bbox 286 3598 1987 3672; baseline 0.002 -19"><span class='ocrx_word' id='word_1_477' title='bbox 286 3598 442 3670; x_wconf 83' lang='lat' dir='ltr'><strong><em>perpetuis,</em></strong></span> <span class='ocrx_word' id='word_1_478' title='bbox 464 3616 519 3654; x_wconf 89' lang='lat' dir='ltr'><strong><em>uon</em></strong></span> <span class='ocrx_word' id='word_1_479' title='bbox 543 3605 636 3653; x_wconf 86' lang='lat' dir='ltr'><strong><em>autem</em></strong></span> <span class='ocrx_word' id='word_1_480' title='bbox 661 3598 834 3669; x_wconf 89' lang='lat' dir='ltr'><strong><em>temporariis</em></strong></span> <span class='ocrx_word' id='word_1_481' title='bbox 854 3599 1034 3661; x_wconf 83' lang='lat' dir='ltr'><strong><em>sacramentis</em></strong></span> <span class='ocrx_word' id='word_1_482' title='bbox 1052 3600 1120 3670; x_wconf 85' lang='lat' dir='ltr'><strong><em>agit.</em></strong></span> <span class='ocrx_word' id='word_1_483' title='bbox 1150 3605 1173 3655; x_wconf 87' lang='grc'><strong><em>3.</em></strong></span> <span class='ocrx_word' id='word_1_484' title='bbox 1191 3599 1377 3655; x_wconf 89' lang='lat' dir='ltr'><strong><em>Bellarminus</em></strong></span> <span class='ocrx_word' id='word_1_485' title='bbox 1402 3600 1516 3670; x_wconf 89' lang='lat' dir='ltr'><strong><em>probat,</em></strong></span> <span class='ocrx_word' id='word_1_486' title='bbox 1539 3604 1696 3671; x_wconf 87' lang='lat' dir='ltr'><strong><em>apostolum</em></strong></span> <span class='ocrx_word' id='word_1_487' title='bbox 1719 3620 1895 3672; x_wconf 61' lang='lat' dir='ltr'><strong><em>nemaqrmm</em></strong></span> <span class='ocrx_word' id='word_1_488' title='bbox 1912 3621 1987 3657; x_wconf 88' lang='lat' dir='ltr'><strong><em>asse·</em></strong></span> 
     </span>
     <span class='ocr_line' id='line_1_35' title="bbox 287 3685 1986 3755; baseline 0.002 -14"><span class='ocrx_word' id='word_1_489' title='bbox 287 3693 309 3742; x_wconf 83' lang='lat' dir='ltr'><strong><em>t.</em></strong></span> <span class='ocrx_word' id='word_1_490' title='bbox 330 3686 518 3741; x_wconf 84' lang='lat' dir='ltr'><strong><em>Chemniciam</em></strong></span> <span class='ocrx_word' id='word_1_491' title='bbox 540 3685 571 3737; x_wconf 86' lang='lat' dir='ltr'><strong><em>in</em></strong></span> <span class='ocrx_word' id='word_1_492' title='bbox 597 3700 634 3739; x_wconf 65' lang='lat' dir='ltr'><strong><em>eo&gt;</em></strong></span> <span class='ocrx_word' id='word_1_493' title='bbox 655 3686 739 3739; x_wconf 85' lang='lat' dir='ltr'><strong><em>stiam</em></strong></span> <span class='ocrx_word' id='word_1_494' title='bbox 763 3686 819 3738; x_wconf 85' lang='lat' dir='ltr'><strong><em>sibi</em></strong></span> <span class='ocrx_word' id='word_1_495' title='bbox 842 3703 1015 3755; x_wconf 67' lang='lat' dir='ltr'><strong><em>sequaquam,</em></strong></span> <span class='ocrx_word' id='word_1_496' title='bbox 1046 3689 1123 3755; x_wconf 85' lang='lat' dir='ltr'><strong><em>quad</em></strong></span> <span class='ocrx_word' id='word_1_497' title='bbox 1148 3704 1225 3752; x_wconf 85' lang='lat' dir='ltr'><strong><em>rere,</em></strong></span> <span class='ocrx_word' id='word_1_498' title='bbox 1256 3686 1333 3754; x_wconf 80' lang='lat' dir='ltr'><strong><em>quod</em></strong></span> <span class='ocrx_word' id='word_1_499' title='bbox 1362 3688 1460 3739; x_wconf 83' lang='lat' dir='ltr'><strong><em>eadem</em></strong></span> <span class='ocrx_word' id='word_1_500' title='bbox 1484 3689 1580 3754; x_wconf 86' lang='lat' dir='ltr'><strong><em>suerit</em></strong></span> <span class='ocrx_word' id='word_1_501' title='bbox 1608 3690 1806 3744; x_wconf 74' lang='lat' dir='ltr'><strong><em>Israbiitarum</em></strong></span> <span class='ocrx_word' id='word_1_502' title='bbox 1834 3698 1861 3743; x_wconf 87' lang='lat' dir='ltr'><strong><em>et</em></strong></span> <span class='ocrx_word' id='word_1_503' title='bbox 1889 3698 1986 3743; x_wconf 75' lang='lat' dir='ltr'><strong><em>neura</em></strong></span> 
     </span>
     <span class='ocr_line' id='line_1_36' title="bbox 287 3771 1984 3841; baseline 0.004 -15"><span class='ocrx_word' id='word_1_504' title='bbox 287 3791 345 3826; x_wconf 87' lang='lat' dir='ltr'><strong><em>cum</em></strong></span> <span class='ocrx_word' id='word_1_505' title='bbox 363 3771 483 3826; x_wconf 84' lang='lat' dir='ltr'><strong><em>Calvino</em></strong></span> <span class='ocrx_word' id='word_1_506' title='bbox 502 3772 634 3825; x_wconf 66' lang='lat' dir='ltr'><strong><em>admitat</em></strong></span> <span class='ocrx_word' id='word_1_507' title='bbox 653 3773 704 3825; x_wconf 88' lang='lat' dir='ltr'><strong><em>hoc</em></strong></span> <span class='ocrx_word' id='word_1_508' title='bbox 724 3773 794 3835; x_wconf 82' lang='lat' dir='ltr'><strong><em>loco,</em></strong></span> <span class='ocrx_word' id='word_1_509' title='bbox 816 3773 1016 3826; x_wconf 88' lang='lat' dir='ltr'><strong><em>eucharistiam</em></strong></span> <span class='ocrx_word' id='word_1_510' title='bbox 1033 3774 1123 3828; x_wconf 87' lang='lat' dir='ltr'><strong><em>nihilo</em></strong></span> <span class='ocrx_word' id='word_1_511' title='bbox 1150 3791 1226 3836; x_wconf 87' lang='lat' dir='ltr'><strong><em>esca,</em></strong></span> <span class='ocrx_word' id='word_1_512' title='bbox 1263 3774 1314 3825; x_wconf 82' lang='lat' dir='ltr'><strong><em>sed</em></strong></span> <span class='ocrx_word' id='word_1_513' title='bbox 1348 3774 1426 3840; x_wconf 78' lang='lat' dir='ltr'><strong><em>quod</em></strong></span> <span class='ocrx_word' id='word_1_514' title='bbox 1462 3774 1577 3828; x_wconf 87' lang='lat' dir='ltr'><strong><em>illarum</em></strong></span> <span class='ocrx_word' id='word_1_515' title='bbox 1606 3777 1728 3829; x_wconf 86' lang='lat' dir='ltr'><strong><em>omnium</em></strong></span> <span class='ocrx_word' id='word_1_516' title='bbox 1756 3779 1854 3831; x_wconf 81' lang='lat' dir='ltr'><strong><em>eadem</em></strong></span> <span class='ocrx_word' id='word_1_517' title='bbox 1887 3776 1984 3841; x_wconf 77' lang='lat' dir='ltr'><strong><em>fuerit.</em></strong></span> 
     </span>
     <span class='ocr_line' id='line_1_37' title="bbox 288 3858 1984 3930; baseline 0.002 -18"><span class='ocrx_word' id='word_1_518' title='bbox 288 3876 343 3912; x_wconf 86' lang='lat' dir='ltr'><strong><em>esse</em></strong></span> <span class='ocrx_word' id='word_1_519' title='bbox 353 3859 600 3928; x_wconf 80' lang='lat' dir='ltr'><strong><em>praestantiorem,</em></strong></span> <span class='ocrx_word' id='word_1_520' title='bbox 619 3876 703 3927; x_wconf 91' lang='lat' dir='ltr'><strong><em>quam</em></strong></span> <span class='ocrx_word' id='word_1_521' title='bbox 718 3860 809 3923; x_wconf 70' lang='lat' dir='ltr'><strong><em>suad</em></strong></span> <span class='ocrx_word' id='word_1_522' title='bbox 822 3861 1122 3929; x_wconf 76' lang='lat' dir='ltr'><strong><em>marinaJuslaeorum,</em></strong></span> <span class='ocrx_word' id='word_1_523' title='bbox 1148 3858 1374 3928; x_wconf 87' lang='lat' dir='ltr'><strong><em>Respondemus:</em></strong></span> <span class='ocrx_word' id='word_1_524' title='bbox 1407 3858 1525 3915; x_wconf 88' lang='lat' dir='ltr'><strong><em>libenter</em></strong></span> <span class='ocrx_word' id='word_1_525' title='bbox 1556 3861 1667 3930; x_wconf 85' lang='lat' dir='ltr'><strong><em>damus,</em></strong></span> <span class='ocrx_word' id='word_1_526' title='bbox 1698 3863 1840 3917; x_wconf 78' lang='lat' dir='ltr'><strong><em>Israilitas</em></strong></span> <span class='ocrx_word' id='word_1_527' title='bbox 1868 3862 1898 3916; x_wconf 91' lang='lat' dir='ltr'><strong><em>in</em></strong></span> <span class='ocrx_word' id='word_1_528' title='bbox 1927 3863 1984 3915; x_wconf 92' lang='lat' dir='ltr'><strong><em>suis</em></strong></span> 
     </span>
     <span class='ocr_line' id='line_1_38' title="bbox 289 3944 1984 4019; baseline 0.002 -20"><span class='ocrx_word' id='word_1_529' title='bbox 289 3946 398 4000; x_wconf 86' lang='lat' dir='ltr'><strong><em>interim</em></strong></span> <span class='ocrx_word' id='word_1_530' title='bbox 427 3964 483 3999; x_wconf 86' lang='lat' dir='ltr'><strong><em>uon</em></strong></span> <span class='ocrx_word' id='word_1_531' title='bbox 512 3946 655 4009; x_wconf 80' lang='lat' dir='ltr'><strong><em>advertat,</em></strong></span> <span class='ocrx_word' id='word_1_532' title='bbox 695 3945 843 3999; x_wconf 84' lang='lat' dir='ltr'><strong><em>Caluinum</em></strong></span> <span class='ocrx_word' id='word_1_533' title='bbox 872 3947 928 3999; x_wconf 75' lang='lat' dir='ltr'><strong><em>rbta</em></strong></span> <span class='ocrx_word' id='word_1_534' title='bbox 960 3954 1123 4013; x_wconf 83' lang='lat' dir='ltr'><strong><em>arqumenta</em></strong></span> <span class='ocrx_word' id='word_1_535' title='bbox 1149 3944 1330 4000; x_wconf 87' lang='lat' dir='ltr'><strong><em>sacramentis</em></strong></span> <span class='ocrx_word' id='word_1_536' title='bbox 1360 3961 1416 3999; x_wconf 92' lang='lat' dir='ltr'><strong><em>non</em></strong></span> <span class='ocrx_word' id='word_1_537' title='bbox 1439 3945 1570 4001; x_wconf 89' lang='lat' dir='ltr'><strong><em>habuisse</em></strong></span> <span class='ocrx_word' id='word_1_538' title='bbox 1598 3947 1690 4019; x_wconf 91' lang='lat' dir='ltr'><strong><em>ipsum</em></strong></span> <span class='ocrx_word' id='word_1_539' title='bbox 1712 3948 1859 4012; x_wconf 81' lang='lat' dir='ltr'><strong><em>essentiale</em></strong></span> <span class='ocrx_word' id='word_1_540' title='bbox 1882 3965 1984 4018; x_wconf 89' lang='lat' dir='ltr'><strong><em>corpus</em></strong></span> 
     </span>
     <span class='ocr_line' id='line_1_39' title="bbox 288 4029 1983 4104; baseline 0.001 -18"><span class='ocrx_word' id='word_1_541' title='bbox 288 4033 420 4101; x_wconf 81' lang='lat' dir='ltr'><strong><em>proferre</em></strong></span> <span class='ocrx_word' id='word_1_542' title='bbox 439 4034 484 4098; x_wconf 80' lang='lat' dir='ltr'><strong><em>ad</em></strong></span> <span class='ocrx_word' id='word_1_543' title='bbox 501 4032 696 4100; x_wconf 78' lang='lat' dir='ltr'><strong><em>probandum,</em></strong></span> <span class='ocrx_word' id='word_1_544' title='bbox 729 4031 760 4083; x_wconf 92' lang='lat' dir='ltr'><strong><em>in</em></strong></span> <span class='ocrx_word' id='word_1_545' title='bbox 787 4032 961 4084; x_wconf 87' lang='lat' dir='ltr'><strong><em>eucharistia</em></strong></span> <span class='ocrx_word' id='word_1_546' title='bbox 982 4049 1039 4084; x_wconf 89' lang='lat' dir='ltr'><strong><em>non</em></strong></span> <span class='ocrx_word' id='word_1_547' title='bbox 1065 4050 1123 4086; x_wconf 86' lang='lat' dir='ltr'><strong><em>esse</em></strong></span> <span class='ocrx_word' id='word_1_548' title='bbox 1150 4038 1178 4086; x_wconf 90' lang='lat' dir='ltr'><strong><em>et</em></strong></span> <span class='ocrx_word' id='word_1_549' title='bbox 1206 4031 1370 4101; x_wconf 83' lang='lat' dir='ltr'><strong><em>sangninem</em></strong></span> <span class='ocrx_word' id='word_1_550' title='bbox 1396 4029 1512 4099; x_wconf 80' lang='lat' dir='ltr'><strong><em>Christi,</em></strong></span> <span class='ocrx_word' id='word_1_551' title='bbox 1548 4035 1781 4104; x_wconf 86' lang='lat' dir='ltr'><strong><em>quemadmodum</em></strong></span> <span class='ocrx_word' id='word_1_552' title='bbox 1805 4052 1855 4089; x_wconf 90' lang='lat' dir='ltr'><strong><em>nos</em></strong></span> <span class='ocrx_word' id='word_1_553' title='bbox 1885 4034 1916 4088; x_wconf 90' lang='lat' dir='ltr'><strong><em>in</em></strong></span> <span class='ocrx_word' id='word_1_554' title='bbox 1942 4050 1983 4088; x_wconf 87' lang='lat' dir='ltr'><strong><em>sa·</em></strong></span> 
     </span>
     <span class='ocr_line' id='line_1_40' title="bbox 290 4116 1984 4192; baseline 0.003 -21"><span class='ocrx_word' id='word_1_555' title='bbox 290 4136 390 4187; x_wconf 71' lang='lat' dir='ltr'><strong><em>corpus</em></strong></span> <span class='ocrx_word' id='word_1_556' title='bbox 402 4118 523 4172; x_wconf 88' lang='lat' dir='ltr'><strong><em>Domini</em></strong></span> <span class='ocrx_word' id='word_1_557' title='bbox 536 4116 594 4170; x_wconf 87' lang='lat' dir='ltr'><strong><em>uisi</em></strong></span> <span class='ocrx_word' id='word_1_558' title='bbox 609 4118 724 4186; x_wconf 85' lang='lat' dir='ltr'><strong><em>tropice,</em></strong></span> <span class='ocrx_word' id='word_1_559' title='bbox 742 4120 881 4185; x_wconf 83' lang='lat' dir='ltr'><strong><em>quomodo</em></strong></span> <span class='ocrx_word' id='word_1_560' title='bbox 896 4118 955 4183; x_wconf 77' lang='lat' dir='ltr'><strong><em>fuit</em></strong></span> <span class='ocrx_word' id='word_1_561' title='bbox 970 4119 1124 4186; x_wconf 87' lang='lat' dir='ltr'><strong><em>iumanna,</em></strong></span> <span class='ocrx_word' id='word_1_562' title='bbox 1149 4125 1291 4174; x_wconf 87' lang='lat' dir='ltr'><strong><em>eramento</em></strong></span> <span class='ocrx_word' id='word_1_563' title='bbox 1323 4133 1441 4187; x_wconf 86' lang='lat' dir='ltr'><strong><em>coenae;</em></strong></span> <span class='ocrx_word' id='word_1_564' title='bbox 1475 4118 1585 4174; x_wconf 87' lang='lat' dir='ltr'><strong><em>interim</em></strong></span> <span class='ocrx_word' id='word_1_565' title='bbox 1613 4126 1644 4174; x_wconf 90' lang='lat' dir='ltr'><strong><em>ut</em></strong></span> <span class='ocrx_word' id='word_1_566' title='bbox 1672 4121 1768 4175; x_wconf 90' lang='lat' dir='ltr'><strong><em>eadem</em></strong></span> <span class='ocrx_word' id='word_1_567' title='bbox 1796 4120 1851 4176; x_wconf 92' lang='lat' dir='ltr'><strong><em>Dei</em></strong></span> <span class='ocrx_word' id='word_1_568' title='bbox 1883 4122 1984 4192; x_wconf 77' lang='lat' dir='ltr'><strong><em>gratia,</em></strong></span> 
     </span>
     <span class='ocr_line' id='line_1_41' title="bbox 290 4203 2033 4274; baseline 0.003 -17"><span class='ocrx_word' id='word_1_569' title='bbox 290 4204 790 4272; x_wconf 70' lang='lat' dir='ltr'><strong><em>cajuscontrariumipsemetdoceat.</em></strong></span> <span class='ocrx_word' id='word_1_570' title='bbox 803 4204 1123 4274; x_wconf 78' lang='lat' dir='ltr'><strong><em>Respondemuszsacra·</em></strong></span> <span class='ocrx_word' id='word_1_571' title='bbox 1150 4206 1248 4261; x_wconf 91' lang='lat' dir='ltr'><strong><em>eadem</em></strong></span> <span class='ocrx_word' id='word_1_572' title='bbox 1284 4204 1420 4273; x_wconf 87' lang='lat' dir='ltr'><strong><em>passionis</em></strong></span> <span class='ocrx_word' id='word_1_573' title='bbox 1452 4203 1555 4259; x_wconf 87' lang='lat' dir='ltr'><strong><em>Christi</em></strong></span> <span class='ocrx_word' id='word_1_574' title='bbox 1593 4206 1696 4262; x_wconf 84' lang='lat' dir='ltr'><strong><em>virtute</em></strong></span> <span class='ocrx_word' id='word_1_575' title='bbox 1731 4213 1758 4262; x_wconf 89' lang='lat' dir='ltr'><strong><em>et</em></strong></span> <span class='ocrx_word' id='word_1_576' title='bbox 1793 4208 1890 4263; x_wconf 90' lang='lat' dir='ltr'><strong><em>eadam</em></strong></span> <span class='ocrx_word' id='word_1_577' title='bbox 1928 4206 1984 4263; x_wconf 88' lang='lat' dir='ltr'><strong><em>fido</em></strong></span> <span class='ocrx_word' id='word_1_578' title='bbox 2028 4232 2033 4240; x_wconf 52' lang='lat'>²</span> 
     </span>
     <span class='ocr_line' id='line_1_42' title="bbox 290 4289 1984 4363; baseline 0.003 -19"><span class='ocrx_word' id='word_1_579' title='bbox 290 4298 380 4345; x_wconf 82' lang='lat' dir='ltr'><strong><em>menta</em></strong></span> <span class='ocrx_word' id='word_1_580' title='bbox 389 4290 423 4345; x_wconf 93' lang='lat' dir='ltr'><strong><em>V.</em></strong></span> <span class='ocrx_word' id='word_1_581' title='bbox 435 4294 465 4343; x_wconf 87' lang='lat' dir='ltr'><strong><em>ct</em></strong></span> <span class='ocrx_word' id='word_1_582' title='bbox 474 4289 508 4345; x_wconf 89' lang='lat' dir='ltr'><strong><em>N.</em></strong></span> <span class='ocrx_word' id='word_1_583' title='bbox 518 4290 552 4348; x_wconf 90' lang='lat' dir='ltr'><strong><em>T.</em></strong></span> <span class='ocrx_word' id='word_1_584' title='bbox 566 4290 715 4360; x_wconf 88' lang='lat' dir='ltr'><strong><em>dupliciter</em></strong></span> <span class='ocrx_word' id='word_1_585' title='bbox 728 4290 847 4344; x_wconf 85' lang='lat' dir='ltr'><strong><em>conferri</em></strong></span> <span class='ocrx_word' id='word_1_586' title='bbox 859 4297 975 4361; x_wconf 91' lang='lat' dir='ltr'><strong><em>possunt</em></strong></span> <span class='ocrx_word' id='word_1_587' title='bbox 984 4292 1028 4346; x_wconf 88' lang='lat' dir='ltr'><strong><em>vel</em></strong></span> <span class='ocrx_word' id='word_1_588' title='bbox 1040 4292 1122 4346; x_wconf 90' lang='lat' dir='ltr'><strong><em>ratio·</em></strong></span> <span class='ocrx_word' id='word_1_589' title='bbox 1150 4291 1241 4346; x_wconf 89' lang='lat' dir='ltr'><strong><em>sancti</em></strong></span> <span class='ocrx_word' id='word_1_590' title='bbox 1268 4291 1303 4346; x_wconf 91' lang='lat' dir='ltr'><strong><em>V.</em></strong></span> <span class='ocrx_word' id='word_1_591' title='bbox 1330 4291 1365 4348; x_wconf 85' lang='lat' dir='ltr'><strong><em>T.</em></strong></span> <span class='ocrx_word' id='word_1_592' title='bbox 1392 4290 1507 4347; x_wconf 79' lang='lat' dir='ltr'><strong><em>tuemini</em></strong></span> <span class='ocrx_word' id='word_1_593' title='bbox 1531 4292 1643 4358; x_wconf 86' lang='lat' dir='ltr'><strong><em>salvati,</em></strong></span> <span class='ocrx_word' id='word_1_594' title='bbox 1679 4310 1734 4363; x_wconf 87' lang='lat' dir='ltr'><strong><em>qua</em></strong></span> <span class='ocrx_word' id='word_1_595' title='bbox 1758 4311 1807 4348; x_wconf 90' lang='lat' dir='ltr'><strong><em>uos</em></strong></span> <span class='ocrx_word' id='word_1_596' title='bbox 1835 4294 1864 4348; x_wconf 89' lang='lat' dir='ltr'><strong><em>iu</em></strong></span> <span class='ocrx_word' id='word_1_597' title='bbox 1891 4295 1924 4351; x_wconf 92' lang='lat' dir='ltr'><strong><em>N</em></strong></span> <span class='ocrx_word' id='word_1_598' title='bbox 1952 4292 1984 4349; x_wconf 88' lang='grc' dir='ltr'><strong><em>Τ.</em></strong></span> 
     </span>
     <span class='ocr_line' id='line_1_43' title="bbox 290 4375 1984 4451; baseline 0.002 -19"><span class='ocrx_word' id='word_1_599' title='bbox 290 4395 321 4432; x_wconf 84' lang='lat' dir='ltr'><strong><em>ue</em></strong></span> <span class='ocrx_word' id='word_1_600' title='bbox 333 4375 477 4441; x_wconf 73' lang='lat' dir='ltr'><strong><em>mseudae,</em></strong></span> <span class='ocrx_word' id='word_1_601' title='bbox 489 4376 534 4430; x_wconf 86' lang='lat' dir='ltr'><strong><em>vel</em></strong></span> <span class='ocrx_word' id='word_1_602' title='bbox 546 4376 653 4431; x_wconf 91' lang='lat' dir='ltr'><strong><em>ratione</em></strong></span> <span class='ocrx_word' id='word_1_603' title='bbox 665 4376 837 4431; x_wconf 79' lang='lat' dir='ltr'><strong><em>efficientiae.</em></strong></span> <span class='ocrx_word' id='word_1_604' title='bbox 856 4377 976 4432; x_wconf 87' lang='lat' dir='ltr'><strong><em>Ratione</em></strong></span> <span class='ocrx_word' id='word_1_605' title='bbox 988 4379 1124 4434; x_wconf 88' lang='lat' dir='ltr'><strong><em>essentiae</em></strong></span> <span class='ocrx_word' id='word_1_606' title='bbox 1150 4380 1302 4442; x_wconf 77' lang='lat' dir='ltr'><strong><em>salvamur3</em></strong></span> <span class='ocrx_word' id='word_1_607' title='bbox 1325 4378 1366 4431; x_wconf 89' lang='lat' dir='ltr'><strong><em>ita</em></strong></span> <span class='ocrx_word' id='word_1_608' title='bbox 1391 4396 1501 4449; x_wconf 91' lang='lat' dir='ltr'><strong><em>quoque</em></strong></span> <span class='ocrx_word' id='word_1_609' title='bbox 1519 4385 1692 4435; x_wconf 86' lang='lat' dir='ltr'><strong><em>sacramenta</em></strong></span> <span class='ocrx_word' id='word_1_610' title='bbox 1711 4381 1746 4437; x_wconf 92' lang='lat' dir='ltr'><strong><em>V.</em></strong></span> <span class='ocrx_word' id='word_1_611' title='bbox 1764 4381 1796 4435; x_wconf 91' lang='lat' dir='ltr'><strong><em>T.</em></strong></span> <span class='ocrx_word' id='word_1_612' title='bbox 1817 4382 1926 4451; x_wconf 89' lang='lat' dir='ltr'><strong><em>proprie</em></strong></span> <span class='ocrx_word' id='word_1_613' title='bbox 1944 4380 1984 4435; x_wconf 88' lang='lat' dir='ltr'><strong><em>sie</em></strong></span> 
     </span>
     <span class='ocr_line' id='line_1_44' title="bbox 212 4463 1984 4538; baseline 0.003 -21"><span class='ocrx_word' id='word_1_614' title='bbox 212 4508 216 4517; x_wconf 94' lang='lat'><strong><em>.</em></strong></span> <span class='ocrx_word' id='word_1_615' title='bbox 291 4479 464 4535; x_wconf 90' lang='lat' dir='ltr'><strong><em>nequaquam</em></strong></span> <span class='ocrx_word' id='word_1_616' title='bbox 482 4464 580 4517; x_wconf 86' lang='lat' dir='ltr'><strong><em>statuit</em></strong></span> <span class='ocrx_word' id='word_1_617' title='bbox 599 4463 775 4519; x_wconf 86' lang='lat' dir='ltr'><strong><em>Chemnicius</em></strong></span> <span class='ocrx_word' id='word_1_618' title='bbox 794 4481 854 4518; x_wconf 88' lang='lat' dir='ltr'><strong><em>esse</em></strong></span> <span class='ocrx_word' id='word_1_619' title='bbox 872 4464 969 4518; x_wconf 90' lang='lat' dir='ltr'><strong><em>eadem</em></strong></span> <span class='ocrx_word' id='word_1_620' title='bbox 987 4465 1021 4536; x_wconf 85' lang='lat' dir='ltr'><strong><em>V.</em></strong></span> <span class='ocrx_word' id='word_1_621' title='bbox 1042 4473 1069 4520; x_wconf 89' lang='lat' dir='ltr'><strong><em>et</em></strong></span> <span class='ocrx_word' id='word_1_622' title='bbox 1089 4467 1122 4522; x_wconf 90' lang='lat' dir='ltr'><strong><em>N.</em></strong></span> <span class='ocrx_word' id='word_1_623' title='bbox 1151 4466 1227 4519; x_wconf 87' lang='lat' dir='ltr'><strong><em>dicta</em></strong></span> <span class='ocrx_word' id='word_1_624' title='bbox 1244 4466 1362 4519; x_wconf 88' lang='lat' dir='ltr'><strong><em>eundem</em></strong></span> <span class='ocrx_word' id='word_1_625' title='bbox 1381 4463 1538 4520; x_wconf 89' lang='lat' dir='ltr'><strong><em>habuerunt</em></strong></span> <span class='ocrx_word' id='word_1_626' title='bbox 1556 4483 1635 4519; x_wconf 89' lang='lat' dir='ltr'><strong><em>usum</em></strong></span> <span class='ocrx_word' id='word_1_627' title='bbox 1656 4466 1788 4536; x_wconf 87' lang='lat' dir='ltr'><strong><em>ettinem,</em></strong></span> <span class='ocrx_word' id='word_1_628' title='bbox 1806 4486 1888 4538; x_wconf 90' lang='lat' dir='ltr'><strong><em>quem</em></strong></span> <span class='ocrx_word' id='word_1_629' title='bbox 1907 4467 1984 4524; x_wconf 88' lang='lat' dir='ltr'><strong><em>NT.</em></strong></span> 
     </span>
     <span class='ocr_line' id='line_1_45' title="bbox 290 4550 1985 4624; baseline 0.002 -19"><span class='ocrx_word' id='word_1_630' title='bbox 290 4551 319 4608; x_wconf 88' lang='grc' dir='ltr'><strong><em>Τ.</em></strong></span> <span class='ocrx_word' id='word_1_631' title='bbox 338 4555 525 4614; x_wconf 85' lang='lat' dir='ltr'><strong><em>sacramenta,</em></strong></span> <span class='ocrx_word' id='word_1_632' title='bbox 551 4550 618 4621; x_wconf 90' lang='lat' dir='ltr'><strong><em>quin</em></strong></span> <span class='ocrx_word' id='word_1_633' title='bbox 637 4550 730 4621; x_wconf 89' lang='lat' dir='ltr'><strong><em>potius</em></strong></span> <span class='ocrx_word' id='word_1_634' title='bbox 749 4550 852 4605; x_wconf 87' lang='lat' dir='ltr'><strong><em>diserte</em></strong></span> <span class='ocrx_word' id='word_1_635' title='bbox 869 4550 980 4617; x_wconf 92' lang='lat' dir='ltr'><strong><em>scribit,</em></strong></span> <span class='ocrx_word' id='word_1_636' title='bbox 1008 4570 1063 4606; x_wconf 90' lang='lat' dir='ltr'><strong><em>non</em></strong></span> <span class='ocrx_word' id='word_1_637' title='bbox 1081 4570 1124 4606; x_wconf 90' lang='lat' dir='ltr'><strong><em>so·</em></strong></span> <span class='ocrx_word' id='word_1_638' title='bbox 1151 4558 1337 4618; x_wconf 88' lang='lat' dir='ltr'><strong><em>sacramenta,</em></strong></span> <span class='ocrx_word' id='word_1_639' title='bbox 1360 4550 1489 4606; x_wconf 85' lang='lat' dir='ltr'><strong><em>videlicet</em></strong></span> <span class='ocrx_word' id='word_1_640' title='bbox 1509 4552 1717 4621; x_wconf 90' lang='lat' dir='ltr'><strong><em>promissionem</em></strong></span> <span class='ocrx_word' id='word_1_641' title='bbox 1736 4553 1845 4624; x_wconf 85' lang='lat' dir='ltr'><strong><em>gratiae</em></strong></span> <span class='ocrx_word' id='word_1_642' title='bbox 1864 4553 1985 4608; x_wconf 88' lang='lat' dir='ltr'><strong><em>externis</em></strong></span> 
     </span>
     <span class='ocr_line' id='line_1_46' title="bbox 290 4636 1983 4708; baseline 0.002 -17"><span class='ocrx_word' id='word_1_643' title='bbox 290 4639 344 4693; x_wconf 92' lang='lat' dir='ltr'><strong><em>lum</em></strong></span> <span class='ocrx_word' id='word_1_644' title='bbox 370 4639 401 4692; x_wconf 92' lang='lat' dir='ltr'><strong><em>in</em></strong></span> <span class='ocrx_word' id='word_1_645' title='bbox 427 4637 514 4708; x_wconf 82' lang='lat' dir='ltr'><strong><em>signis</em></strong></span> <span class='ocrx_word' id='word_1_646' title='bbox 543 4655 592 4692; x_wconf 87' lang='lat' dir='ltr'><strong><em>seu</em></strong></span> <span class='ocrx_word' id='word_1_647' title='bbox 618 4637 718 4692; x_wconf 89' lang='lat' dir='ltr'><strong><em>ritibus</em></strong></span> <span class='ocrx_word' id='word_1_648' title='bbox 741 4638 861 4692; x_wconf 88' lang='lat' dir='ltr'><strong><em>externis</em></strong></span> <span class='ocrx_word' id='word_1_649' title='bbox 892 4654 951 4692; x_wconf 86' lang='lat' dir='ltr'><strong><em>ease</em></strong></span> <span class='ocrx_word' id='word_1_650' title='bbox 977 4637 1124 4693; x_wconf 86' lang='lat' dir='ltr'><strong><em>discrimen</em></strong></span> <span class='ocrx_word' id='word_1_651' title='bbox 1150 4638 1249 4692; x_wconf 90' lang='lat' dir='ltr'><strong><em>ritibus</em></strong></span> <span class='ocrx_word' id='word_1_652' title='bbox 1275 4636 1437 4692; x_wconf 87' lang='lat' dir='ltr'><strong><em>confirmare</em></strong></span> <span class='ocrx_word' id='word_1_653' title='bbox 1456 4644 1484 4692; x_wconf 89' lang='lat' dir='ltr'><strong><em>et</em></strong></span> <span class='ocrx_word' id='word_1_654' title='bbox 1503 4637 1638 4693; x_wconf 86' lang='lat' dir='ltr'><strong><em>beneficia</em></strong></span> <span class='ocrx_word' id='word_1_655' title='bbox 1655 4640 1787 4695; x_wconf 87' lang='lat' dir='ltr'><strong><em>coelestia</em></strong></span> <span class='ocrx_word' id='word_1_656' title='bbox 1806 4640 1983 4697; x_wconf 89' lang='lat' dir='ltr'><strong><em>credentibus</em></strong></span> 
     </span>
     <span class='ocr_line' id='line_1_47' title="bbox 291 4723 1985 4799; baseline 0.001 -21"><span class='ocrx_word' id='word_1_657' title='bbox 291 4725 359 4781; x_wconf 89' lang='lat' dir='ltr'><strong><em>iuter</em></strong></span> <span class='ocrx_word' id='word_1_658' title='bbox 385 4729 559 4779; x_wconf 86' lang='lat' dir='ltr'><strong><em>sacramenta</em></strong></span> <span class='ocrx_word' id='word_1_659' title='bbox 582 4724 616 4779; x_wconf 93' lang='lat' dir='ltr'><strong><em>V.</em></strong></span> <span class='ocrx_word' id='word_1_660' title='bbox 647 4731 675 4778; x_wconf 90' lang='lat' dir='ltr'><strong><em>et</em></strong></span> <span class='ocrx_word' id='word_1_661' title='bbox 699 4723 733 4778; x_wconf 88' lang='lat' dir='ltr'><strong><em>N.</em></strong></span> <span class='ocrx_word' id='word_1_662' title='bbox 761 4723 813 4787; x_wconf 92' lang='lat' dir='ltr'><strong><em>T.,</em></strong></span> <span class='ocrx_word' id='word_1_663' title='bbox 841 4724 890 4778; x_wconf 85' lang='lat' dir='ltr'><strong><em>sed</em></strong></span> <span class='ocrx_word' id='word_1_664' title='bbox 916 4724 1000 4778; x_wconf 91' lang='lat' dir='ltr'><strong><em>etiam</em></strong></span> <span class='ocrx_word' id='word_1_665' title='bbox 1027 4724 1056 4777; x_wconf 92' lang='lat' dir='ltr'><strong><em>in</em></strong></span> <span class='ocrx_word' id='word_1_666' title='bbox 1082 4741 1123 4792; x_wconf 89' lang='lat' dir='ltr'><strong><em>eo,</em></strong></span> <span class='ocrx_word' id='word_1_667' title='bbox 1150 4725 1302 4796; x_wconf 88' lang='lat' dir='ltr'><strong><em>applicare.</em></strong></span> <span class='ocrx_word' id='word_1_668' title='bbox 1337 4731 1362 4780; x_wconf 79' lang='lat' dir='ltr'><strong><em>t.</em></strong></span> <span class='ocrx_word' id='word_1_669' title='bbox 1378 4727 1467 4777; x_wconf 80' lang='lat' dir='ltr'><strong><em>Erum</em></strong></span> <span class='ocrx_word' id='word_1_670' title='bbox 1484 4742 1612 4794; x_wconf 75' lang='lat' dir='ltr'><strong><em>manae,</em></strong></span> <span class='ocrx_word' id='word_1_671' title='bbox 1625 4734 1725 4795; x_wconf 79' lang='lat' dir='ltr'><strong><em>potum</em></strong></span> <span class='ocrx_word' id='word_1_672' title='bbox 1743 4744 1834 4796; x_wconf 64' lang='lat' dir='ltr'><strong><em>aquae</em></strong></span> <span class='ocrx_word' id='word_1_673' title='bbox 1852 4744 1885 4783; x_wconf 81' lang='lat' dir='ltr'><strong><em>ea</em></strong></span> <span class='ocrx_word' id='word_1_674' title='bbox 1899 4735 1985 4799; x_wconf 79' lang='lat' dir='ltr'><strong><em>petra</em></strong></span> 
     </span>
     <span class='ocr_line' id='line_1_48' title="bbox 292 4809 1985 4882; baseline 0.002 -17"><span class='ocrx_word' id='word_1_675' title='bbox 292 4812 364 4882; x_wconf 89' lang='lat' dir='ltr'><strong><em>quod</em></strong></span> <span class='ocrx_word' id='word_1_676' title='bbox 392 4811 437 4866; x_wconf 85' lang='lat' dir='ltr'><strong><em>lex</em></strong></span> <span class='ocrx_word' id='word_1_677' title='bbox 466 4809 524 4865; x_wconf 87' lang='lat' dir='ltr'><strong><em>sive</em></strong></span> <span class='ocrx_word' id='word_1_678' title='bbox 548 4811 582 4864; x_wconf 92' lang='lat' dir='ltr'><strong><em>V.</em></strong></span> <span class='ocrx_word' id='word_1_679' title='bbox 607 4810 640 4865; x_wconf 88' lang='lat' dir='ltr'><strong><em>T.</em></strong></span> <span class='ocrx_word' id='word_1_680' title='bbox 667 4809 797 4865; x_wconf 87' lang='lat' dir='ltr'><strong><em>habuerit</em></strong></span> <span class='ocrx_word' id='word_1_681' title='bbox 821 4810 948 4864; x_wconf 89' lang='lat' dir='ltr'><strong><em>umbram</em></strong></span> <span class='ocrx_word' id='word_1_682' title='bbox 969 4810 1123 4866; x_wconf 89' lang='lat' dir='ltr'><strong><em>futurorum</em></strong></span> <span class='ocrx_word' id='word_1_683' title='bbox 1146 4811 1331 4881; x_wconf 79' lang='lat' dir='ltr'><strong><em>profluentis,</em></strong></span> <span class='ocrx_word' id='word_1_684' title='bbox 1358 4811 1508 4864; x_wconf 83' lang='lat' dir='ltr'><strong><em>transitum</em></strong></span> <span class='ocrx_word' id='word_1_685' title='bbox 1530 4829 1587 4880; x_wconf 83' lang='lat' dir='ltr'><strong><em>per</em></strong></span> <span class='ocrx_word' id='word_1_686' title='bbox 1613 4830 1692 4867; x_wconf 89' lang='lat' dir='ltr'><strong><em>mare</em></strong></span> <span class='ocrx_word' id='word_1_687' title='bbox 1719 4816 1834 4868; x_wconf 80' lang='lat' dir='ltr'><strong><em>rubrum</em></strong></span> <span class='ocrx_word' id='word_1_688' title='bbox 1854 4821 1906 4870; x_wconf 82' lang='lat' dir='ltr'><strong><em>ete.</em></strong></span> <span class='ocrx_word' id='word_1_689' title='bbox 1928 4831 1985 4868; x_wconf 88' lang='lat' dir='ltr'><strong><em>nau</em></strong></span> 
     </span>
     <span class='ocr_line' id='line_1_49' title="bbox 291 4896 1984 4968; baseline 0.002 -17"><span class='ocrx_word' id='word_1_690' title='bbox 291 4897 436 4963; x_wconf 90' lang='lat' dir='ltr'><strong><em>bonorum,</em></strong></span> <span class='ocrx_word' id='word_1_691' title='bbox 467 4896 516 4951; x_wconf 92' lang='lat' dir='ltr'><strong><em>sed</em></strong></span> <span class='ocrx_word' id='word_1_692' title='bbox 546 4896 581 4951; x_wconf 89' lang='lat' dir='ltr'><strong><em>N.</em></strong></span> <span class='ocrx_word' id='word_1_693' title='bbox 604 4896 637 4949; x_wconf 92' lang='lat' dir='ltr'><strong><em>T.</em></strong></span> <span class='ocrx_word' id='word_1_694' title='bbox 661 4896 750 4967; x_wconf 87' lang='lat' dir='ltr'><strong><em>ipsam</em></strong></span> <span class='ocrx_word' id='word_1_695' title='bbox 772 4897 920 4968; x_wconf 84' lang='lat' dir='ltr'><strong><em>imaginem</em></strong></span> <span class='ocrx_word' id='word_1_696' title='bbox 942 4897 999 4952; x_wconf 87' lang='lat' dir='ltr'><strong><em>sive</em></strong></span> <span class='ocrx_word' id='word_1_697' title='bbox 1024 4915 1125 4968; x_wconf 91' lang='lat' dir='ltr'><strong><em>eorpus</em></strong></span> <span class='ocrx_word' id='word_1_698' title='bbox 1150 4898 1279 4951; x_wconf 76' lang='lat' dir='ltr'><strong><em>habaima</em></strong></span> <span class='ocrx_word' id='word_1_699' title='bbox 1304 4897 1519 4967; x_wconf 82' lang='lat' dir='ltr'><strong><em>promissionem</em></strong></span> <span class='ocrx_word' id='word_1_700' title='bbox 1547 4899 1657 4966; x_wconf 82' lang='lat' dir='ltr'><strong><em>qratiae</em></strong></span> <span class='ocrx_word' id='word_1_701' title='bbox 1686 4917 1838 4964; x_wconf 79' lang='lat' dir='ltr'><strong><em>annerum,</em></strong></span> <span class='ocrx_word' id='word_1_702' title='bbox 1868 4919 1929 4953; x_wconf 89' lang='lat' dir='ltr'><strong><em>cum</em></strong></span> <span class='ocrx_word' id='word_1_703' title='bbox 1957 4908 1984 4953; x_wconf 81' lang='lat' dir='ltr'><strong><em>st</em></strong></span> 
     </span>
     <span class='ocr_line' id='line_1_50' title="bbox 291 4981 1983 5059; baseline 0.003 -24"><span class='ocrx_word' id='word_1_704' title='bbox 291 4982 379 5053; x_wconf 83' lang='lat' dir='ltr'><strong><em>ipsum</em></strong></span> <span class='ocrx_word' id='word_1_705' title='bbox 404 4981 463 5038; x_wconf 81' lang='lat' dir='ltr'><strong><em>col.</em></strong></span> <span class='ocrx_word' id='word_1_706' title='bbox 485 4988 515 5046; x_wconf 81' lang='lat'><strong><em>2,</em></strong></span> <span class='ocrx_word' id='word_1_707' title='bbox 538 5000 555 5033; x_wconf 86' lang='lat' dir='ltr'>v</span> <span class='ocrx_word' id='word_1_708' title='bbox 577 4988 615 5037; x_wconf 80' lang='grc' dir='ltr'><strong><em>Π.</em></strong></span> <span class='ocrx_word' id='word_1_709' title='bbox 642 4982 728 5037; x_wconf 90' lang='lat' dir='ltr'><strong><em>Hebr.</em></strong></span> <span class='ocrx_word' id='word_1_710' title='bbox 750 4990 793 5051; x_wconf 86' lang='lat'><strong><em>10,</em></strong></span> <span class='ocrx_word' id='word_1_711' title='bbox 817 5001 844 5039; x_wconf 84' lang='lat' dir='ltr'><strong><em>v.</em></strong></span> <span class='ocrx_word' id='word_1_712' title='bbox 867 4990 888 5038; x_wconf 88' lang='lat'><strong><em>1.</em></strong></span> <span class='ocrx_word' id='word_1_713' title='bbox 909 4982 1025 5053; x_wconf 88' lang='lat' dir='ltr'><strong><em>proinde</em></strong></span> <span class='ocrx_word' id='word_1_714' title='bbox 1042 4984 1124 5039; x_wconf 90' lang='lat' dir='ltr'><strong><em>etiam</em></strong></span> <span class='ocrx_word' id='word_1_715' title='bbox 1151 4985 1246 5038; x_wconf 73' lang='lat' dir='ltr'><strong><em>latiis</em></strong></span> <span class='ocrx_word' id='word_1_716' title='bbox 1263 4986 1331 5037; x_wconf 86' lang='lat' dir='ltr'><strong><em>haec</em></strong></span> <span class='ocrx_word' id='word_1_717' title='bbox 1346 4985 1453 5048; x_wconf 84' lang='lat' dir='ltr'><strong><em>suerint</em></strong></span> <span class='ocrx_word' id='word_1_718' title='bbox 1473 4986 1637 5042; x_wconf 87' lang='lat' dir='ltr'><strong><em>communia.</em></strong></span> <span class='ocrx_word' id='word_1_719' title='bbox 1673 4988 1892 5059; x_wconf 82' lang='lat' dir='ltr'><strong><em>Respondemus:</em></strong></span> <span class='ocrx_word' id='word_1_720' title='bbox 1911 4986 1983 5042; x_wconf 92' lang='lat' dir='ltr'><strong><em>ordi-</em></strong></span> 
     </span>
     <span class='ocr_line' id='line_1_51' title="bbox 290 5069 1983 5145; baseline 0.004 -21"><span class='ocrx_word' id='word_1_721' title='bbox 290 5074 472 5134; x_wconf 86' lang='lat' dir='ltr'><strong><em>sacramenta,</em></strong></span> <span class='ocrx_word' id='word_1_722' title='bbox 502 5069 606 5139; x_wconf 91' lang='lat' dir='ltr'><strong><em>quippe</em></strong></span> <span class='ocrx_word' id='word_1_723' title='bbox 630 5087 702 5139; x_wconf 88' lang='lat' dir='ltr'><strong><em>quae</em></strong></span> <span class='ocrx_word' id='word_1_724' title='bbox 725 5076 852 5124; x_wconf 88' lang='lat' dir='ltr'><strong><em>naturam</em></strong></span> <span class='ocrx_word' id='word_1_725' title='bbox 878 5071 1049 5138; x_wconf 88' lang='lat' dir='ltr'><strong><em>testamenti,</em></strong></span> <span class='ocrx_word' id='word_1_726' title='bbox 1079 5073 1125 5126; x_wconf 91' lang='lat' dir='ltr'><strong><em>cui</em></strong></span> <span class='ocrx_word' id='word_1_727' title='bbox 1150 5070 1230 5126; x_wconf 86' lang='lat' dir='ltr'><strong><em>naria</em></strong></span> <span class='ocrx_word' id='word_1_728' title='bbox 1243 5072 1277 5127; x_wconf 95' lang='lat' dir='ltr'><strong><em>V.</em></strong></span> <span class='ocrx_word' id='word_1_729' title='bbox 1290 5070 1323 5126; x_wconf 89' lang='lat' dir='ltr'><strong><em>T.</em></strong></span> <span class='ocrx_word' id='word_1_730' title='bbox 1342 5077 1522 5141; x_wconf 87' lang='lat' dir='ltr'><strong><em>sacramenta,</em></strong></span> <span class='ocrx_word' id='word_1_731' title='bbox 1541 5072 1712 5128; x_wconf 90' lang='lat' dir='ltr'><strong><em>circumcisio</em></strong></span> <span class='ocrx_word' id='word_1_732' title='bbox 1731 5079 1858 5145; x_wconf 77' lang='lat' dir='ltr'><strong><em>stagnus</em></strong></span> <span class='ocrx_word' id='word_1_733' title='bbox 1869 5074 1983 5144; x_wconf 88' lang='lat' dir='ltr'><strong><em>pascha·</em></strong></span> 
     </span>
     <span class='ocr_line' id='line_1_52' title="bbox 291 5155 1983 5233; baseline 0.004 -23"><span class='ocrx_word' id='word_1_734' title='bbox 291 5156 385 5211; x_wconf 87' lang='lat' dir='ltr'><strong><em>addita</em></strong></span> <span class='ocrx_word' id='word_1_735' title='bbox 414 5162 494 5220; x_wconf 90' lang='lat' dir='ltr'><strong><em>sunt,</em></strong></span> <span class='ocrx_word' id='word_1_736' title='bbox 528 5163 688 5226; x_wconf 89' lang='lat' dir='ltr'><strong><em>sequuntur.</em></strong></span> <span class='ocrx_word' id='word_1_737' title='bbox 737 5155 771 5210; x_wconf 90' lang='lat' dir='ltr'><strong><em>Id</em></strong></span> <span class='ocrx_word' id='word_1_738' title='bbox 799 5156 975 5212; x_wconf 80' lang='lat' dir='ltr'><strong><em>Chemnicius</em></strong></span> <span class='ocrx_word' id='word_1_739' title='bbox 1005 5175 1038 5212; x_wconf 87' lang='lat' dir='ltr'><strong><em>ex</em></strong></span> <span class='ocrx_word' id='word_1_740' title='bbox 1067 5160 1124 5214; x_wconf 89' lang='lat' dir='ltr'><strong><em>Au·</em></strong></span> <span class='ocrx_word' id='word_1_741' title='bbox 1151 5158 1197 5226; x_wconf 90' lang='lat' dir='ltr'><strong><em>lis,</em></strong></span> <span class='ocrx_word' id='word_1_742' title='bbox 1223 5157 1380 5213; x_wconf 89' lang='lat' dir='ltr'><strong><em>habueruut</em></strong></span> <span class='ocrx_word' id='word_1_743' title='bbox 1404 5159 1614 5229; x_wconf 87' lang='lat' dir='ltr'><strong><em>promissionem</em></strong></span> <span class='ocrx_word' id='word_1_744' title='bbox 1639 5161 1746 5233; x_wconf 75' lang='lat' dir='ltr'><strong><em>gratiae</em></strong></span> <span class='ocrx_word' id='word_1_745' title='bbox 1769 5160 1905 5233; x_wconf 79' lang='lat' dir='ltr'><strong><em>evangelii</em></strong></span> <span class='ocrx_word' id='word_1_746' title='bbox 1922 5179 1983 5232; x_wconf 90' lang='lat' dir='ltr'><strong><em>pro-</em></strong></span> 
     </span>
     <span class='ocr_line' id='line_1_53' title="bbox 291 5243 1986 5318; baseline 0.004 -20"><span class='ocrx_word' id='word_1_747' title='bbox 291 5244 400 5313; x_wconf 74' lang='lat' dir='ltr'><strong><em>guetino</em></strong></span> <span class='ocrx_word' id='word_1_748' title='bbox 430 5243 460 5297; x_wconf 91' lang='lat' dir='ltr'><strong><em>in</em></strong></span> <span class='ocrx_word' id='word_1_749' title='bbox 489 5243 593 5298; x_wconf 87' lang='lat' dir='ltr'><strong><em>Psalm.</em></strong></span> <span class='ocrx_word' id='word_1_750' title='bbox 622 5250 662 5297; x_wconf 74' lang='lat'><strong><em>73.</em></strong></span> <span class='ocrx_word' id='word_1_751' title='bbox 688 5250 769 5299; x_wconf 88' lang='lat' dir='ltr'><strong><em>tract.</em></strong></span> <span class='ocrx_word' id='word_1_752' title='bbox 800 5250 842 5299; x_wconf 84' lang='grc'><strong><em>45.</em></strong></span> <span class='ocrx_word' id='word_1_753' title='bbox 871 5244 900 5299; x_wconf 90' lang='lat' dir='ltr'><strong><em>in</em></strong></span> <span class='ocrx_word' id='word_1_754' title='bbox 922 5245 985 5300; x_wconf 87' lang='lat' dir='ltr'><strong><em>Joh.</em></strong></span> <span class='ocrx_word' id='word_1_755' title='bbox 1009 5245 1058 5302; x_wconf 93' lang='lat' dir='ltr'><strong><em>lib.</em></strong></span> <span class='ocrx_word' id='word_1_756' title='bbox 1085 5253 1124 5303; x_wconf 84' lang='lat'><strong><em>19.</em></strong></span> <span class='ocrx_word' id='word_1_757' title='bbox 1151 5244 1211 5315; x_wconf 90' lang='lat' dir='ltr'><strong><em>prie</em></strong></span> <span class='ocrx_word' id='word_1_758' title='bbox 1237 5261 1388 5313; x_wconf 84' lang='lat' dir='ltr'><strong><em>annexam,</em></strong></span> <span class='ocrx_word' id='word_1_759' title='bbox 1414 5246 1489 5316; x_wconf 91' lang='lat' dir='ltr'><strong><em>quod</em></strong></span> <span class='ocrx_word' id='word_1_760' title='bbox 1507 5247 1544 5301; x_wconf 92' lang='lat' dir='ltr'><strong><em>ad</em></strong></span> <span class='ocrx_word' id='word_1_761' title='bbox 1562 5248 1729 5318; x_wconf 85' lang='lat' dir='ltr'><strong><em>temporaria</em></strong></span> <span class='ocrx_word' id='word_1_762' title='bbox 1746 5247 1794 5302; x_wconf 87' lang='lat' dir='ltr'><strong><em>illa</em></strong></span> <span class='ocrx_word' id='word_1_763' title='bbox 1813 5256 1986 5304; x_wconf 87' lang='lat' dir='ltr'><strong><em>sacramenta</em></strong></span> 
     </span>
     <span class='ocr_line' id='line_1_54' title="bbox 292 5329 1985 5404; baseline 0.003 -19"><span class='ocrx_word' id='word_1_764' title='bbox 292 5337 384 5385; x_wconf 90' lang='lat' dir='ltr'><strong><em>contra</em></strong></span> <span class='ocrx_word' id='word_1_765' title='bbox 401 5329 535 5383; x_wconf 81' lang='lat' dir='ltr'><strong><em>Faustum</em></strong></span> <span class='ocrx_word' id='word_1_766' title='bbox 561 5345 584 5382; x_wconf 90' lang='lat' dir='ltr'><strong><em>c.</em></strong></span> <span class='ocrx_word' id='word_1_767' title='bbox 605 5336 628 5384; x_wconf 91' lang='grc'><strong><em>3.</em></strong></span> <span class='ocrx_word' id='word_1_768' title='bbox 649 5330 688 5383; x_wconf 90' lang='lat' dir='ltr'><strong><em>sic</em></strong></span> <span class='ocrx_word' id='word_1_769' title='bbox 707 5329 803 5389; x_wconf 85' lang='lat' dir='ltr'><strong><em>effert:</em></strong></span> <span class='ocrx_word' id='word_1_770' title='bbox 830 5332 1017 5386; x_wconf 81' lang='lat' dir='ltr'><strong><em>Sacramenta</em></strong></span> <span class='ocrx_word' id='word_1_771' title='bbox 1040 5334 1070 5389; x_wconf 92' lang='lat' dir='ltr'><strong><em>V.</em></strong></span> <span class='ocrx_word' id='word_1_772' title='bbox 1093 5335 1124 5388; x_wconf 91' lang='lat' dir='ltr'><strong><em>T.</em></strong></span> <span class='ocrx_word' id='word_1_773' title='bbox 1151 5332 1266 5399; x_wconf 87' lang='lat' dir='ltr'><strong><em>attinet,</em></strong></span> <span class='ocrx_word' id='word_1_774' title='bbox 1290 5331 1339 5385; x_wconf 91' lang='lat' dir='ltr'><strong><em>illa</em></strong></span> <span class='ocrx_word' id='word_1_775' title='bbox 1361 5349 1417 5386; x_wconf 91' lang='lat' dir='ltr'><strong><em>non</em></strong></span> <span class='ocrx_word' id='word_1_776' title='bbox 1434 5334 1602 5389; x_wconf 87' lang='lat' dir='ltr'><strong><em>conveniunt</em></strong></span> <span class='ocrx_word' id='word_1_777' title='bbox 1620 5334 1693 5388; x_wconf 91' lang='lat' dir='ltr'><strong><em>omni</em></strong></span> <span class='ocrx_word' id='word_1_778' title='bbox 1714 5351 1747 5389; x_wconf 90' lang='lat' dir='ltr'><strong><em>ex</em></strong></span> <span class='ocrx_word' id='word_1_779' title='bbox 1764 5340 1843 5404; x_wconf 86' lang='lat' dir='ltr'><strong><em>parte</em></strong></span> <span class='ocrx_word' id='word_1_780' title='bbox 1860 5351 1923 5389; x_wconf 90' lang='lat' dir='ltr'><strong><em>cum</em></strong></span> <span class='ocrx_word' id='word_1_781' title='bbox 1942 5351 1985 5390; x_wconf 88' lang='lat' dir='ltr'><strong><em>aa·</em></strong></span> 
     </span>
     <span class='ocr_line' id='line_1_55' title="bbox 290 5414 1985 5487; baseline 0.003 -15"><span class='ocrx_word' id='word_1_782' title='bbox 290 5419 404 5480; x_wconf 75' lang='lat' dir='ltr'><strong><em>fuerunt</em></strong></span> <span class='ocrx_word' id='word_1_783' title='bbox 424 5416 655 5486; x_wconf 66' lang='lat' dir='ltr'><strong><em>maenuntiatica</em></strong></span> <span class='ocrx_word' id='word_1_784' title='bbox 675 5414 781 5469; x_wconf 82' lang='lat' dir='ltr'><strong><em>Christi</em></strong></span> <span class='ocrx_word' id='word_1_785' title='bbox 800 5419 922 5486; x_wconf 85' lang='lat' dir='ltr'><strong><em>centuri,</em></strong></span> <span class='ocrx_word' id='word_1_786' title='bbox 950 5430 1126 5475; x_wconf 83' lang='lat' dir='ltr'><strong><em>sacramenta</em></strong></span> <span class='ocrx_word' id='word_1_787' title='bbox 1150 5418 1300 5473; x_wconf 86' lang='lat' dir='ltr'><strong><em>oramentis</em></strong></span> <span class='ocrx_word' id='word_1_788' title='bbox 1322 5419 1482 5487; x_wconf 90' lang='lat' dir='ltr'><strong><em>ordinariis,</em></strong></span> <span class='ocrx_word' id='word_1_789' title='bbox 1507 5421 1615 5476; x_wconf 90' lang='lat' dir='ltr'><strong><em>interim</em></strong></span> <span class='ocrx_word' id='word_1_790' title='bbox 1639 5427 1732 5475; x_wconf 89' lang='lat' dir='ltr'><strong><em>tamen</em></strong></span> <span class='ocrx_word' id='word_1_791' title='bbox 1753 5420 1867 5475; x_wconf 84' lang='lat' dir='ltr'><strong><em>fuerunt</em></strong></span> <span class='ocrx_word' id='word_1_792' title='bbox 1888 5422 1985 5477; x_wconf 92' lang='lat' dir='ltr'><strong><em>itidem</em></strong></span> 
     </span>
     <span class='ocr_line' id='line_1_56' title="bbox 292 5501 1985 5578; baseline 0.004 -21"><span class='ocrx_word' id='word_1_793' title='bbox 292 5504 325 5558; x_wconf 93' lang='lat' dir='ltr'><strong><em>N.</em></strong></span> <span class='ocrx_word' id='word_1_794' title='bbox 353 5505 386 5559; x_wconf 91' lang='lat' dir='ltr'><strong><em>T.</em></strong></span> <span class='ocrx_word' id='word_1_795' title='bbox 410 5512 475 5557; x_wconf 81' lang='lat' dir='ltr'><strong><em>sunt</em></strong></span> <span class='ocrx_word' id='word_1_796' title='bbox 502 5502 696 5556; x_wconf 77' lang='lat' dir='ltr'><strong><em>auriumiatica</em></strong></span> <span class='ocrx_word' id='word_1_797' title='bbox 722 5501 829 5557; x_wconf 79' lang='lat' dir='ltr'><strong><em>Christi</em></strong></span> <span class='ocrx_word' id='word_1_798' title='bbox 853 5505 973 5558; x_wconf 74' lang='lat' dir='ltr'><strong><em>exhibiti.</em></strong></span> <span class='ocrx_word' id='word_1_799' title='bbox 1008 5506 1125 5562; x_wconf 75' lang='lat' dir='ltr'><strong><em>Ratiorm</em></strong></span> <span class='ocrx_word' id='word_1_800' title='bbox 1151 5505 1309 5561; x_wconf 88' lang='lat' dir='ltr'><strong><em>testimonia</em></strong></span> <span class='ocrx_word' id='word_1_801' title='bbox 1333 5504 1443 5561; x_wconf 90' lang='lat' dir='ltr'><strong><em>divinae</em></strong></span> <span class='ocrx_word' id='word_1_802' title='bbox 1460 5508 1567 5578; x_wconf 83' lang='lat' dir='ltr'><strong><em>gratiae</em></strong></span> <span class='ocrx_word' id='word_1_803' title='bbox 1587 5514 1616 5562; x_wconf 90' lang='lat' dir='ltr'><strong><em>et</em></strong></span> <span class='ocrx_word' id='word_1_804' title='bbox 1635 5507 1855 5563; x_wconf 85' lang='lat' dir='ltr'><strong><em>confirmationes</em></strong></span> <span class='ocrx_word' id='word_1_805' title='bbox 1874 5507 1938 5564; x_wconf 88' lang='lat' dir='ltr'><strong><em>fidei</em></strong></span> <span class='ocrx_word' id='word_1_806' title='bbox 1956 5509 1985 5564; x_wconf 92' lang='lat' dir='ltr'><strong><em>in</em></strong></span> 
     </span>
     <span class='ocr_line' id='line_1_57' title="bbox 293 5588 1984 5663; baseline 0.004 -19"><span class='ocrx_word' id='word_1_807' title='bbox 293 5588 455 5645; x_wconf 82' lang='lat' dir='ltr'><strong><em>efficientiae</em></strong></span> <span class='ocrx_word' id='word_1_808' title='bbox 478 5588 650 5644; x_wconf 89' lang='lat' dir='ltr'><strong><em>identitatem</em></strong></span> <span class='ocrx_word' id='word_1_809' title='bbox 666 5589 807 5660; x_wconf 88' lang='lat' dir='ltr'><strong><em>quandam</em></strong></span> <span class='ocrx_word' id='word_1_810' title='bbox 831 5590 865 5648; x_wconf 92' lang='lat' dir='ltr'><strong><em>V.</em></strong></span> <span class='ocrx_word' id='word_1_811' title='bbox 884 5599 912 5646; x_wconf 94' lang='lat' dir='ltr'><strong><em>et</em></strong></span> <span class='ocrx_word' id='word_1_812' title='bbox 930 5592 963 5648; x_wconf 91' lang='lat' dir='ltr'><strong><em>N.</em></strong></span> <span class='ocrx_word' id='word_1_813' title='bbox 984 5593 1017 5647; x_wconf 91' lang='lat' dir='ltr'><strong><em>T.</em></strong></span> <span class='ocrx_word' id='word_1_814' title='bbox 1036 5611 1125 5648; x_wconf 88' lang='lat' dir='ltr'><strong><em>sacra·</em></strong></span> <span class='ocrx_word' id='word_1_815' title='bbox 1150 5591 1343 5659; x_wconf 86' lang='lat' dir='ltr'><strong><em>credentibus,</em></strong></span> <span class='ocrx_word' id='word_1_816' title='bbox 1375 5610 1431 5663; x_wconf 90' lang='lat' dir='ltr'><strong><em>qua</em></strong></span> <span class='ocrx_word' id='word_1_817' title='bbox 1461 5594 1567 5648; x_wconf 87' lang='lat' dir='ltr'><strong><em>ratione</em></strong></span> <span class='ocrx_word' id='word_1_818' title='bbox 1597 5610 1659 5647; x_wconf 88' lang='lat' dir='ltr'><strong><em>cum</em></strong></span> <span class='ocrx_word' id='word_1_819' title='bbox 1689 5594 1869 5648; x_wconf 86' lang='lat' dir='ltr'><strong><em>sacramentis</em></strong></span> <span class='ocrx_word' id='word_1_820' title='bbox 1894 5595 1984 5651; x_wconf 84' lang='lat' dir='ltr'><strong><em>confe-</em></strong></span> 
     </span>
     <span class='ocr_line' id='line_1_58' title="bbox 293 5675 1985 5749; baseline 0.004 -20"><span class='ocrx_word' id='word_1_821' title='bbox 293 5676 388 5731; x_wconf 87' lang='lat' dir='ltr'><strong><em>mcntis</em></strong></span> <span class='ocrx_word' id='word_1_822' title='bbox 408 5676 506 5731; x_wconf 87' lang='lat' dir='ltr'><strong><em>tribuit</em></strong></span> <span class='ocrx_word' id='word_1_823' title='bbox 524 5675 713 5739; x_wconf 84' lang='lat' dir='ltr'><strong><em>Chemnicius,</em></strong></span> <span class='ocrx_word' id='word_1_824' title='bbox 732 5675 771 5730; x_wconf 90' lang='lat' dir='ltr'><strong><em>sic</em></strong></span> <span class='ocrx_word' id='word_1_825' title='bbox 791 5676 865 5731; x_wconf 89' lang='lat' dir='ltr'><strong><em>euim</em></strong></span> <span class='ocrx_word' id='word_1_826' title='bbox 886 5678 997 5733; x_wconf 85' lang='lat' dir='ltr'><strong><em>scribit:</em></strong></span> <span class='ocrx_word' id='word_1_827' title='bbox 1016 5682 1061 5733; x_wconf 87' lang='lat' dir='ltr'><strong><em>De</em></strong></span> <span class='ocrx_word' id='word_1_828' title='bbox 1080 5699 1124 5733; x_wconf 93' lang='lat' dir='ltr'><strong><em>sa·</em></strong></span> <span class='ocrx_word' id='word_1_829' title='bbox 1150 5684 1257 5733; x_wconf 86' lang='lat' dir='ltr'><strong><em>runtur.</em></strong></span> <span class='ocrx_word' id='word_1_830' title='bbox 1298 5686 1322 5734; x_wconf 86' lang='lat'><strong><em>5.</em></strong></span> <span class='ocrx_word' id='word_1_831' title='bbox 1341 5682 1455 5733; x_wconf 88' lang='lat' dir='ltr'><strong><em>Manna</em></strong></span> <span class='ocrx_word' id='word_1_832' title='bbox 1477 5689 1503 5733; x_wconf 88' lang='lat' dir='ltr'><strong><em>st</em></strong></span> <span class='ocrx_word' id='word_1_833' title='bbox 1519 5698 1621 5749; x_wconf 89' lang='lat' dir='ltr'><strong><em>aquam</em></strong></span> <span class='ocrx_word' id='word_1_834' title='bbox 1639 5682 1674 5733; x_wconf 84' lang='lat' dir='ltr'><strong><em>de</em></strong></span> <span class='ocrx_word' id='word_1_835' title='bbox 1688 5688 1774 5749; x_wconf 82' lang='lat' dir='ltr'><strong><em>petra</em></strong></span> <span class='ocrx_word' id='word_1_836' title='bbox 1789 5682 1985 5736; x_wconf 84' lang='lat' dir='ltr'><strong><em>scaturientem</em></strong></span> 
     </span>
     <span class='ocr_line' id='line_1_59' title="bbox 293 5763 1984 5837; baseline 0.004 -22"><span class='ocrx_word' id='word_1_837' title='bbox 293 5763 439 5817; x_wconf 67' lang='lat' dir='ltr'><strong><em>momentis</em></strong></span> <span class='ocrx_word' id='word_1_838' title='bbox 471 5771 593 5816; x_wconf 85' lang='lat' dir='ltr'><strong><em>ceterum</em></strong></span> <span class='ocrx_word' id='word_1_839' title='bbox 613 5763 731 5832; x_wconf 81' lang='lat' dir='ltr'><strong><em>proprie</em></strong></span> <span class='ocrx_word' id='word_1_840' title='bbox 754 5764 796 5817; x_wconf 89' lang='lat' dir='ltr'><strong><em>sic</em></strong></span> <span class='ocrx_word' id='word_1_841' title='bbox 820 5764 904 5817; x_wconf 84' lang='lat' dir='ltr'><strong><em>dictis</em></strong></span> <span class='ocrx_word' id='word_1_842' title='bbox 927 5766 1124 5830; x_wconf 80' lang='lat' dir='ltr'><strong><em>manifestissi-</em></strong></span> <span class='ocrx_word' id='word_1_843' title='bbox 1149 5765 1249 5817; x_wconf 85' lang='lat' dir='ltr'><strong><em>uocari</em></strong></span> <span class='ocrx_word' id='word_1_844' title='bbox 1270 5765 1359 5818; x_wconf 87' lang='lat' dir='ltr'><strong><em>cibum</em></strong></span> <span class='ocrx_word' id='word_1_845' title='bbox 1385 5774 1412 5819; x_wconf 91' lang='lat' dir='ltr'><strong><em>et</em></strong></span> <span class='ocrx_word' id='word_1_846' title='bbox 1424 5775 1523 5834; x_wconf 83' lang='lat' dir='ltr'><strong><em>potum</em></strong></span> <span class='ocrx_word' id='word_1_847' title='bbox 1539 5766 1717 5835; x_wconf 82' lang='lat' dir='ltr'><strong><em>spiritualem</em></strong></span> <span class='ocrx_word' id='word_1_848' title='bbox 1735 5785 1791 5819; x_wconf 90' lang='lat' dir='ltr'><strong><em>nan</em></strong></span> <span class='ocrx_word' id='word_1_849' title='bbox 1803 5777 1923 5837; x_wconf 84' lang='lat' dir='ltr'><strong><em>prepter</em></strong></span> <span class='ocrx_word' id='word_1_850' title='bbox 1942 5770 1984 5833; x_wconf 84' lang='lat' dir='ltr'><strong><em>es-</em></strong></span> 
     </span>
     <span class='ocr_line' id='line_1_60' title="bbox 293 5848 1986 5923; baseline 0.004 -22"><span class='ocrx_word' id='word_1_851' title='bbox 293 5866 363 5903; x_wconf 85' lang='lat' dir='ltr'><strong><em>mum</em></strong></span> <span class='ocrx_word' id='word_1_852' title='bbox 387 5857 443 5918; x_wconf 83' lang='lat' dir='ltr'><strong><em>est,</em></strong></span> <span class='ocrx_word' id='word_1_853' title='bbox 467 5852 544 5918; x_wconf 83' lang='lat' dir='ltr'><strong><em>quad</em></strong></span> <span class='ocrx_word' id='word_1_854' title='bbox 569 5866 601 5902; x_wconf 84' lang='lat' dir='ltr'><strong><em>cu</em></strong></span> <span class='ocrx_word' id='word_1_855' title='bbox 624 5848 795 5903; x_wconf 87' lang='lat' dir='ltr'><strong><em>institutione</em></strong></span> <span class='ocrx_word' id='word_1_856' title='bbox 819 5848 917 5903; x_wconf 88' lang='lat' dir='ltr'><strong><em>divina</em></strong></span> <span class='ocrx_word' id='word_1_857' title='bbox 943 5852 1059 5904; x_wconf 70' lang='lat' dir='ltr'><strong><em>mandem</em></strong></span> <span class='ocrx_word' id='word_1_858' title='bbox 1076 5851 1125 5904; x_wconf 90' lang='lat' dir='ltr'><strong><em>ha·</em></strong></span> <span class='ocrx_word' id='word_1_859' title='bbox 1149 5851 1269 5918; x_wconf 79' lang='lat' dir='ltr'><strong><em>fectmn,</em></strong></span> <span class='ocrx_word' id='word_1_860' title='bbox 1292 5852 1343 5904; x_wconf 82' lang='lat' dir='ltr'><strong><em>ssd</em></strong></span> <span class='ocrx_word' id='word_1_861' title='bbox 1359 5859 1479 5921; x_wconf 80' lang='lat' dir='ltr'><strong><em>propter</em></strong></span> <span class='ocrx_word' id='word_1_862' title='bbox 1502 5868 1629 5921; x_wconf 89' lang='lat' dir='ltr'><strong><em>causam,</em></strong></span> <span class='ocrx_word' id='word_1_863' title='bbox 1658 5854 1726 5923; x_wconf 88' lang='lat' dir='ltr'><strong><em>quia</em></strong></span> <span class='ocrx_word' id='word_1_864' title='bbox 1751 5861 1898 5923; x_wconf 85' lang='lat' dir='ltr'><strong><em>utrumque</em></strong></span> <span class='ocrx_word' id='word_1_865' title='bbox 1923 5862 1986 5908; x_wconf 86' lang='lat' dir='ltr'><strong><em>erat</em></strong></span> 
     </span>
     <span class='ocr_line' id='line_1_61' title="bbox 295 5935 1989 6017; baseline -0.001 -26"><span class='ocrx_word' id='word_1_866' title='bbox 295 5935 398 5991; x_wconf 78' lang='lat' dir='ltr'><strong><em>luerim</em></strong></span> <span class='ocrx_word' id='word_1_867' title='bbox 409 5953 489 5990; x_wconf 88' lang='lat' dir='ltr'><strong><em>usum</em></strong></span> <span class='ocrx_word' id='word_1_868' title='bbox 501 5944 526 5990; x_wconf 90' lang='lat' dir='ltr'><strong><em>et</em></strong></span> <span class='ocrx_word' id='word_1_869' title='bbox 533 5937 628 6004; x_wconf 77' lang='lat' dir='ltr'><strong><em>finem,</em></strong></span> <span class='ocrx_word' id='word_1_870' title='bbox 648 5952 727 6003; x_wconf 86' lang='lat' dir='ltr'><strong><em>quen</em></strong></span> <span class='ocrx_word' id='word_1_871' title='bbox 739 5944 917 5991; x_wconf 86' lang='lat' dir='ltr'><strong><em>sacramenta</em></strong></span> <span class='ocrx_word' id='word_1_872' title='bbox 928 5937 966 5993; x_wconf 91' lang='lat' dir='ltr'><strong><em>N.</em></strong></span> <span class='ocrx_word' id='word_1_873' title='bbox 981 5938 1023 6002; x_wconf 81' lang='lat' dir='ltr'><strong><em>T..</em></strong></span> <span class='ocrx_word' id='word_1_874' title='bbox 1039 5955 1125 5992; x_wconf 86' lang='lat' dir='ltr'><strong><em>unum</em></strong></span> <span class='ocrx_word' id='word_1_875' title='bbox 1145 5939 1317 6014; x_wconf 78' lang='lat' dir='ltr'><strong><em>productum</em></strong></span> <span class='ocrx_word' id='word_1_876' title='bbox 1330 5954 1385 6006; x_wconf 81' lang='lat' dir='ltr'><strong><em>per</em></strong></span> <span class='ocrx_word' id='word_1_877' title='bbox 1401 5937 1569 5996; x_wconf 85' lang='lat' dir='ltr'><strong><em>miraculum</em></strong></span> <span class='ocrx_word' id='word_1_878' title='bbox 1586 5955 1675 6017; x_wconf 80' lang='lat' dir='ltr'><strong><em>opera</em></strong></span> <span class='ocrx_word' id='word_1_879' title='bbox 1691 5942 1857 6014; x_wconf 81' lang='lat' dir='ltr'><strong><em>anqslcrum</em></strong></span> <span class='ocrx_word' id='word_1_880' title='bbox 1876 5948 1904 5994; x_wconf 83' lang='lat' dir='ltr'><strong><em>et</em></strong></span> <span class='ocrx_word' id='word_1_881' title='bbox 1918 5955 1989 6005; x_wconf 65' lang='lat' dir='ltr'><strong><em>pra</em></strong></span> 
     </span>
    </p>
   </div>
   <div class='ocr_carea' id='block_1_3' title="bbox 0 0 2413 6659">
    <p class='ocr_par' dir='ltr' id='par_1_3' title="bbox 0 0 2413 6659">
     <span class='ocr_line' id='line_1_62' title="bbox 0 0 2413 6659; baseline 0 0"><span class='ocrx_word' id='word_1_882' title='bbox 0 0 2413 6659; x_wconf 95' lang='lat' dir='ltr'><strong><em> </em></strong></span> 
     </span>
    </p>
   </div>
  </div>
 </body>
</html>
