4800 6659
883 475 887 486 ·
949 449 1133 511 mltum
1152 449 1347 512 omna
1944 465 1991 528 qq

294 609 510 685 missionem
530 607 792 683 gratiaebaptismi,
809 608 1134 679 addeetreritateejus
1161 609 1272 663 uerbum
1288 610 1990 682 motiquotimfideeetopsrocosfundustur.

293 696 432 754 deficiant
447 700 532 768 atque
551 712 586 751 cx
603 695 708 751 virtute
725 699 755 751 et
772 695 830 752 ilde
845 696 977 769 baptismi
996 696 1133 759 excidant,
1165 695 1285 765 Uterque
1309 698 1387 751 tecue
1411 705 1438 751 et
1459 698 1538 764 fidei
1553 707 1579 753 et
1595 716 1710 770 operum
1726 699 1883 769 ἀιιιριιιιι
1895 704 1993 758 doceri

292 799 473 857 nequaquam
499 782 587 855 igitur
621 781 797 854 privilegium
824 783 1004 854 turpitudinis
1027 798 1061 838 ac
1084 782 1133 836 im·
1160 788 1187 834 et
1202 782 1301 850 urqeri
1318 784 1405 853 debet,
1425 784 1468 838 sic
1486 791 1588 853 tomen,
1606 792 1638 839 ut
1653 794 1768 855 uterque
1784 787 1863 841 iutro
1879 790 1990 844 succli-

292 871 452 944 punitatem
464 870 601 925 scelerum
615 868 763 941 baptizatis
775 870 909 926 concedit.
940 870 1133 926 anscherum
1159 868 1239 922 mites
1254 878 1374 934 moueot,
1393 870 1504 940 alioqui
1520 872 1547 926 si
1563 890 1650 942 opero
1667 874 1731 926 cola
1750 875 1892 944 docentur,
1912 883 1942 929 ut
1958 876 1990 930 iu

293 957 400 1013 ibidem
417 954 550 1012 insectari
567 970 686 1011 errorem
703 954 888 1025 Pontificium,
907 954 981 1028 qnod
1002 973 1052 1027 per
1068 972 1131 1027 pec·
1153 963 1268 1025 papatu
1291 956 1408 1026 acuat,
1433 958 1510 1021 fides
1533 959 1688 1026 amittitor,·
1715 958 1742 1011 si
1762 959 1841 1024 sides
1856 962 1920 1015 eolo
1939 964 1989 1016 do-

293 1048 357 1099 cata
382 1049 447 1114 post
472 1041 643 1112 baptismum
661 1042 807 1096 commissa
823 1041 885 1113 ipsa
902 1042 981 1097 navis
1000 1041 1132 1112 baptismi
1157 1050 1243 1110 cour,
1260 1043 1355 1096 metim
1373 1044 1511 1098 somniant
1529 1045 1662 1098 carnales
1679 1046 1809 1114 homiues,
1827 1063 1915 1115 opera
1932 1065 1989 1101 riou

292 1130 420 1185 illidatur
445 1135 474 1184 ct
493 1129 522 1183 in
540 1129 652 1183 tabulas
669 1128 843 1197 dissolvatur,
868 1129 921 1184 hoc
937 1135 980 1184 est
998 1129 1130 1201 quodvis
1157 1144 1216 1181 eece
1251 1131 1419 1184 necessario.
1474 1130 1581 1186 Ibidem
1619 1131 1721 1186 diserte
1758 1132 1873 1201 scribit,
1909 1141 1989 1188 estro

292 1222 322 1271 st
336 1215 431 1288 gratia
447 1214 580 1286 baptismi
597 1231 709 1285 prorsus
726 1214 776 1269 fiat
794 1215 881 1284 irrita,
900 1215 940 1272 ita
957 1221 990 1270 ut
1005 1230 1129 1286 perpoe·
1156 1231 1271 1269 causam
1298 1217 1521 1284 jmtir'icotioric
1549 1218 1683 1270 nemiuem
1708 1234 1793 1287 posse
1822 1235 1885 1273 vere
1914 1221 1988 1275 tono

291 1301 439 1357 nitentium
459 1317 493 1356 ac
511 1301 594 1357 fidem
611 1318 666 1355 uon
683 1307 780 1372 pateat
798 1302 833 1356 ad
851 1317 912 1357 eam
929 1302 1051 1369 reditura,
1080 1302 1129 1356 sed
1156 1319 1243 1371 opero
1268 1304 1339 1355 rotie
1356 1303 1510 1371 moqnificc
1529 1306 1731 1358 commendare.
1770 1305 1812 1358 Ex
1830 1322 1885 1376 quo
1903 1306 1987 1360 etiam

292 1388 456 1461 quaerenda
472 1388 509 1443 sit
524 1387 581 1442 alia
597 1387 695 1442 tabula
710 1395 822 1443 nocuae
842 1388 948 1445 scilicet
959 1388 1130 1443 contritionis
1155 1387 1301 1442 manifesto
1316 1388 1489 1460 intelligitur,
1508 1391 1620 1462 quando
1638 1390 1791 1445 cavendum
1809 1389 1945 1463 alegibus
1959 1398 1988 1448 et

292 1492 326 1531 ac
343 1474 549 1542 mtisfactionis,
568 1475 649 1545 cujus
667 1475 771 1530 virtute
788 1476 823 1530 ad
837 1483 945 1547 portum
957 1474 1054 1530 salutis
1066 1491 1128 1545 pro·
1154 1472 1235 1528 bonis
1253 1474 1382 1546 operibus
1399 1474 1539 1531 Lutherus
1558 1476 1662 1545 scribit,
1681 1476 1710 1531 id
1722 1483 1880 1547 comparate
1890 1477 1986 1534 habito

291 1561 434 1617 rebamur.
470 1560 513 1615 Ex
538 1560 592 1615 boc
618 1561 703 1633 igitur
728 1577 812 1633 scopo
838 1562 873 1616 dc
897 1561 988 1616 verbis
1013 1561 1129 1616 Lutlreri
1154 1560 1261 1615 scilicet
1279 1568 1406 1632 respectu
1427 1563 1571 1633 adipsum
1593 1562 1800 1633 justificationis
1817 1569 1919 1632 actum,
1937 1579 1986 1620 ne·

288 1647 484 1718 judicandum
520 1647 707 1703 ³.Fallociam
725 1663 786 1704 esse
804 1648 833 1703 in
850 1647 986 1704 vocabulo
1006 1648 1127 1703 amissio-
1154 1663 1295 1717 quaquam
1319 1664 1385 1702 vcro
1396 1647 1523 1703 absolute
1534 1649 1746 1720 intelligendum
1759 1665 1827 1705 esse.
1855 1649 1986 1706 &venda

290 1734 335 1788 nis
366 1733 475 1805 gratiae
500 1733 641 1804 baptismi.
688 1733 799 1790 Certum
828 1739 870 1789 est
896 1751 930 1789 ex
954 1733 1008 1790 Dei
1033 1734 1126 1801 verbo,
1153 1739 1218 1787 suut
1236 1750 1321 1804 opera
1336 1752 1393 1789 non
1411 1734 1580 1806 simpliciter,
1596 1741 1629 1790 ut
1646 1736 1832 1807 negligantur,
1851 1738 1986 1793 sedcerto

290 1820 368 1892 qnod
384 1836 438 1874 nec
456 1819 595 1876 Lutherus
615 1819 718 1876 ibidem
737 1827 839 1892 negat,
862 1838 913 1891 per
929 1829 1045 1892 peccata
1060 1837 1125 1875 con·
1151 1825 1291 1890 respectu,
1316 1837 1352 1875 ne
1372 1820 1580 1893 justificationis
1609 1823 1737 1877 ιιιιιιιιιιιι
1761 1822 1816 1877 illis
1837 1822 1984 1880 turbustur.

290 1913 335 1962 tra
354 1906 553 1961 conscientiam
573 1905 661 1960 amitti
680 1906 799 1978 gratiam
818 1904 957 1976 baptismi,
975 1906 1051 1979 atqui
1069 1922 1124 1960 non
1152 1905 1349 1963 SicLutberus
1367 1910 1474 1978 ipsein
1493 1927 1517 1965 c
1536 1916 1560 1966 5.
1580 1910 1642 1965 Gal.
1662 1909 1808 1981 distinguit
1826 1912 1899 1964 inter
1914 1914 2056 1982 opuevm.
2069 1919 2103 1963 ιι.

290 1992 430 2048 amittitur
454 2009 487 2047 ca
514 1992 632 2056 ratione,
654 1998 686 2046 ut
713 2009 763 2062 per
783 1992 980 2062 poenitentiam
998 2000 1025 2048 et
1043 1992 1124 2049 fidem
1146 2009 1201 2063 per
1226 2010 1256 2047 se
1264 1995 1368 2065 ,qnod
1395 1996 1455 2050 sine
1472 1995 1601 2067 opinione
1615 1996 1741 2066 justitiae
1758 1996 1827 2051 nihil
1845 1996 1932 2068 obsit,
1955 2004 1985 2056 et

289 2094 347 2134 nun
364 2084 463 2149 pateat
481 2078 580 2133 iterum
599 2079 635 2133 ad
654 2093 715 2134 eam
734 2077 849 2133 reditus.
884 2078 1011 2133 Peccatis
1029 2085 1125 2134 contra
1143 2080 1292 2147 fiduciam
1311 2098 1346 2134 cc
1357 2083 1502 2150 justitiam
1519 2085 1600 2153 operi
1616 2084 1760 2154 adjectam.

290 2165 492 2221 conscientiam
521 2164 659 2220 amittitur
686 2164 798 2220 omnino
826 2164 901 2219 salus
927 2171 955 2220 et
979 2166 1070 2237 gratia
1095 2166 1124 2220 in
1185 2171 1227 2221 38
1263 2172 1286 2221 ι.
1315 2166 1490 2221 Lutbcrus'
1483 2186 1511 2222 ιιι
1542 2184 1680 2224 sermone:
1713 2169 1758 2225 Sic
1784 2170 1862 2226 Deus
1888 2171 1985 2228 dilexit
1998 2167 2124 2270 ffffilssgu

290 2251 431 2324 baptismo
454 2250 631 2307 credentibus
656 2251 771 2319 collata,
795 2252 887 2306 sed
864 2269 887 2306 ιι
906 2252 1013 2325 egerint
1031 2269 1124 2308 rerem
1151 2251 1285 2306 mundum
1309 2258 1363 2310 etc
1387 2253 1427 2307 sic
1452 2253 1563 2308 scribit.
1586 2257 1650 2322 Epo
1674 2255 1739 2311 dico
1758 2258 1824 2327 tibi,
1847 2260 1916 2356 quio
1934 2276 1983 2312 ou·
1996 2272 2082 2313 tumr

288 2338 491 2439 pomitentiam
509 2354 543 2393 ac
560 2336 615 2394 fide
637 2338 844 2409 promissionem
858 2338 1033 2404 foederalem,
1053 2355 1125 2409 quae
1150 2345 1232 2406 puoto
1258 2346 1300 2392 est
1322 2338 1383 2408 uio,
1409 2347 1517 2409 oportet
1542 2346 1567 2392 te
1588 2341 1660 2405 fieri
1682 2350 1803 2410 tenuem,
1829 2343 1856 2396 ci
1870 2345 1913 2398 ιιι
1927 2361 1983 2413 per
1995 2333 2091 2424 {ffl'

289 2426 320 2481 in
340 2424 505 2496 baptismo
496 2443 564 2497 rpus
576 2426 652 2483 facta
665 2433 716 2496 est,
729 2425 890 2498 receperint,
908 2426 982 2481 solus
995 2426 1126 2498 etgratia
1151 2441 1214 2477 com
1240 2426 1341 2480 reuire.
1385 2424 1512 2479 Ueterum
1537 2426 1588 2496 qui
1616 2428 1747 2496 operibuc
1774 2430 1886 2483 oueroti
1911 2430 2094 2501 susqumm·

290 2513 323 2567 in
340 2512 408 2584 ipsis
428 2513 528 2568 iterum
545 2514 721 2569 instauratur.
1151 2511 1222 2564 sicta
1240 2512 1419 2581 cortcbplibus
1436 2521 1549 2568 curatos
1561 2514 1687 2567 ιίιιιιιιιι
1696 2514 1983 2587 Jacobiperepriuos,

218 2619 250 2651 u-
331 2604 372 2655 31.
408 2605 433 2654 5.
460 2599 600 2656 Lntberas
629 2600 658 2655 in
686 2616 782 2655 comm.
814 2616 837 2653 c.
867 2604 892 2655 2.
923 2598 986 2655 Gal.
1017 2599 1126 2653 scribit:
1151 2597 1176 2650 ii
1203 2615 1259 2651 uon
1280 2606 1416 2667 poterunt
1437 2608 1596 2668 penetrare.
1641 2600 1679 2654 Et
1703 2600 1788 2655 inire:
1816 2602 1851 2656 si
1876 2605 1985 2658 ιιιιιιιιι

218 2672 278 2754 :¹2⁸⁸
294 2684 419 2748 Quando
434 2687 476 2740 sic
493 2689 616 2756 docetur,
630 2688 701 2750 ficies
714 2688 744 2741 iu
760 2686 900 2741 (Ῑιιιιιιιιι
914 2686 1055 2756 justificat
1067 2687 1127 2755 qui·
1152 2699 1214 2736 cum
1232 2685 1342 2755 maguis
1359 2686 1450 2739 soccis
1467 2701 1582 2756 operum
1594 2687 1703 2755 pieriis,
1721 2689 1862 2757 deponere
1875 2697 1985 2759 oporte·

218 2767 279 2807 W·
292 2774 372 2841 dm,
391 2774 445 2826 ced
460 2773 544 2827 simui
565 2774 675 2827 seruari
690 2780 798 2843 oportet
814 2774 952 2825 mundato
971 2772 1040 2838 Dei,
1059 2772 1126 2840 quio
1152 2770 1204 2837 tit,
1228 2770 1340 2839 alioqui
1358 2788 1414 2824 nou
1432 2772 1543 2840 poteris
1558 2781 1717 2843 penetrare.
1763 2775 1843 2843 Erpo
1862 2776 1985 2830 meludit

291 2859 429 2929 saeptum
453 2866 505 2922 ιιι,
533 2860 562 2913 si
576 2860 619 2912 oie
637 2860 679 2913 cd
692 2861 778 2913 ritcm
796 2858 922 2928 liupr-edi,
947 2874 1029 2912 seruo
1049 2875 1125 2910 mort·
1152 2857 1285 2911 donorum
1321 2873 1437 2926 operum
1472 2859 1604 2912 studium.
1649 2852 1885 2930 'Respondemusr
1927 2878 1982 2917 non

291 2948 377 3009 doto,
401 2946 443 2999 ibi
458 2946 553 3000 statim
572 2946 702 3002 Otr-istuc
716 2953 833 3016 :sequtus
852 2952 892 2998 est
916 2950 943 2998 et
962 2945 1040 3011 fides
1060 2945 1124 2998 she
1151 2958 1266 3012 opernm
1287 2943 1486 3012 praesentiam,
1511 2944 1559 2999 sed
1585 2944 1716 2999 fiduciam
1739 2946 1876 3016 excludit,
1898 2953 1931 3003 ut
1949 2965 1983 3005 ex

291 3034 361 3095 lito,
381 3031 449 3101 quio
468 3032 612 3085 mandatu
630 3048 679 3085 scre
697 3033 755 3100 leps'
769 3032 913 3099 tribuitur,
931 3032 1008 3100 quod
1025 3036 1065 3082 est
1081 3045 1123 3083 ιο·
1151 3029 1222 3084 serie
1239 3035 1383 3084 contextus
1404 3036 1446 3084 est
1462 3028 1725 3088 manifestissimum.
1748 3031 1816 3102 ipsa
1825 3049 1878 3088 ror
1891 3035 1982 3090 oneris

291 3119 350 3173 iiuc
369 3118 435 3173 Dei.
470 3118 504 3171 In
521 3133 600 3173 serm.
618 3117 654 3171 de
673 3117 770 3172 missa:
790 3117 943 3171 Csuecmuc
960 3135 979 3170 c
990 3107 1125 3185 peccott'e,
1151 3120 1180 3170 et
1207 3115 1281 3170 sacci
1316 3115 1352 3169 de
1378 3114 1508 3185 operibns
1535 3123 1671 3187 usurpata
1694 3116 1840 3174 manifeste
1870 3119 1982 3188 iudicat,

291 3208 347 3260 sed
361 3206 449 3259 mutto
469 3205 559 3273 mepte
576 3221 594 3258 o
613 3204 720 3273 ὶιριιιιι
732 3212 758 3257 et
769 3204 900 3273 operibm
912 3203 1000 3270 bonu,
1017 3210 1124 3256 tautum
1149 3202 1218 3257 haec
1236 3200 1321 3257 verba
1337 3201 1467 3272 opposita
1483 3215 1544 3257 esse
1560 3202 1751 3273 hypocriticae
1767 3220 1801 3259 ac
1811 3203 1983 3276 pharisaicae

290 3294 472 3345 attendamus
489 3291 550 3345 Dei
567 3291 782 3361 promissionem
801 3298 827 3344 et
844 3291 934 3351 ridens.
970 3291 1050 3359 Erqo
1067 3295 1123 3340 sta·
1149 3288 1271 3358 opinioni
1296 3288 1331 3344 dc
1355 3288 1447 3359 copia,
1478 3288 1649 3359 perfectione
1673 3296 1702 3345 et
1725 3291 1822 3346 merito
1847 3292 1981 3351 bonorum

289 3379 355 3441 tuit,
372 3396 429 3432 uon
447 3393 505 3431 ιιιι
524 3378 662 3439 socienda
680 3379 751 3431 hooc
770 3393 865 3447 opero.
900 3374 1123 3446 Respondemus:
1149 3391 1278 3446 operum,
1302 3376 1381 3446 quasi
1404 3375 1540 3445 possimus
1565 3376 1662 3447 plenos
1686 3393 1781 3433 saccos
1805 3395 1918 3449 operum
1943 3383 1980 3438 sd

289 3464 370 3519 aliud
387 3469 430 3518 est
449 3463 485 3519 ab
499 3467 564 3518 actu
579 3461 785 3534 justificationis
803 3478 888 3533 opera
911 3468 939 3517 et
956 3460 1123 3516 observatio·
1150 3462 1202 3517 Dei
1233 3461 1355 3523 tribunal
1373 3461 1486 3531 afferre,
1503 3477 1566 3516 eum
1584 3468 1677 3518 tamen
1694 3470 1811 3532 peccata
1828 3473 1923 3522 nostra
1941 3468 1981 3522 in-

289 3568 355 3607 nem
373 3550 445 3622 legis
463 3550 622 3617 excludere,
641 3549 717 3604 aliud
736 3566 769 3604 ex
785 3547 944 3620 justificetis
963 3548 1059 3603 eadem
1077 3564 1122 3603 ex·
1150 3548 1374 3618 comparabiliter
1396 3548 1477 3619 plura
1501 3548 1558 3602 sint
1582 3566 1664 3619 quam
1682 3549 1757 3604 bona
1775 3567 1875 3622 opers3
1901 3556 1981 3625 quasi

289 3638 447 3695 terminare.
483 3638 619 3695 Constans
638 3644 667 3692 et
683 3636 945 3708 perpetuaLuthcri
958 3636 1121 3706 (imoipsius
1148 3651 1233 3705 opera
1249 3641 1343 3689 noema
1361 3634 1418 3689 sint
1434 3633 1558 3706 perfecta
1577 3642 1606 3689 et
1623 3636 1775 3707 meritoria,
1798 3654 1861 3692 cum
1888 3646 1980 3696 tamen

290 3725 462 3796 Scripturae)
486 3725 622 3779 sententia
638 3724 707 3780 haec
725 3730 780 3791 est,
796 3723 852 3778 fide
870 3723 975 3795 absque
993 3722 1121 3794 operibus
1147 3721 1241 3775 multis
1269 3721 1358 3775 modis
1383 3720 1546 3790 imperfecta
1563 3722 1631 3786 sint,
1650 3740 1701 3777 nec
1720 3724 1839 3794 rigorem
1857 3726 1928 3798 legis
1947 3744 1979 3783 ac

290 3810 429 3866 bominem
458 3809 619 3882 justificari,
648 3811 766 3882 ideoque
795 3817 887 3865 actum
841 3808 1121 3879 umjustificationis
1144 3806 1271 3878 justitiae
1297 3808 1408 3862 divinae
1432 3806 1505 3862 ferre
1534 3807 1649 3877 possint.
1691 3809 1786 3880 Atque
1812 3810 1879 3866 haec
1904 3814 1980 3870 dicta

290 3915 347 3953 non
367 3898 475 3969 ingredi
494 3914 585 3969 opera,
604 3898 712 3965 interim
732 3896 898 3965 tamenillis,
919 3896 966 3967 qui
977 3912 1028 3967 per
1037 3895 1120 3952 fidem
1147 3894 1203 3948 sint
1238 3895 1273 3949 de
1305 3894 1394 3964 prima
1421 3900 1646 3965 argumentorum
1672 3894 1768 3959 classe,
1797 3897 1927 3952 videlicet
1943 3900 1980 3957 de

287 3983 434 4055 justificati
464 3990 529 4038 sunt
554 3999 586 4039 ac
614 3984 674 4039 Deo
704 3983 887 4050 reconciliati,
914 3982 1120 4053 proponendam
1147 3981 1315 4053 quibusdam
1332 3980 1653 4064 ριοιιιιιιιιιιιιΙιιιιιιιιι,
1674 3998 1745 4053 quae
1759 3991 1979 4056 contraopcrum

289 4090 352 4127 csse
377 4072 533 4126 doctrinam
555 4071 747 4125 mandatorum
766 4069 833 4139 Dei,
854 4070 912 4124 ut
904 4087 933 4122 ιιι
952 4068 1006 4123 illis
1026 4068 1120 4123 ambu-
1145 4069 1337 4155 seueritatem
1366 4086 1385 4123 a
1408 4057 1576 4123 Bellaimino
1601 4072 1780 4142 torquentur:
1812 4072 1857 4125 cui
1882 4077 1977 4128 notum

290 4158 356 4213 lent.
384 4157 481 4229 Negat
499 4156 644 4220 Ludicrae,
665 4156 700 4211 ab
718 4153 908 4211 observatione
928 4154 1119 4209 mandatorum
1147 4172 1206 4212 esse
1234 4155 1356 4211 debebat
1381 4156 1451 4210 illud
1476 4156 1612 4226 ejusdem,
1640 4162 1736 4210 contra
1760 4174 1842 4228 quem
1867 4159 1977 4214 scribit:

288 4244 344 4299 Dei
362 4244 589 4315 justificationem
611 4243 780 4313 dependere
810 4248 838 4297 et
856 4247 931 4296 recte
948 4241 1000 4296 hoc
1019 4245 1120 4313 neget:
1147 4242 1321 4298 Sceleratum
1338 4249 1393 4310 est,
1420 4259 1481 4295 urm
1503 4243 1614 4295 noueris
1621 4243 1728 4313 ,pium
1750 4251 1777 4296 et
1801 4261 1899 4297 sorum
1917 4261 1976 4299 esee

289 4332 313 4386 si
338 4331 410 4387 enim
433 4330 469 4385 ab
491 4329 682 4386 observatione
702 4328 772 4399 legis
795 4327 959 4399 justificatio
977 4328 1119 4398 penderet,
1145 4329 1269 4398 alicujus
1287 4347 1404 4392 ιιιιιιιιι,
1426 4330 1559 4383 eaoerbie
1576 4330 1747 4383 incommode
1760 4330 1844 4383 dictis
1856 4338 1976 4387 etotrrere

289 4418 382 4473 nullus
408 4416 548 4472 hominnm
570 4414 783 4488 justificaretur,
806 4431 868 4468 cmn
893 4429 974 4469 nemo
997 4413 1119 4484 perfecte
1146 4432 1277 4471 errorem.
1323 4415 1515 4469 itiPaemanus
1536 4415 1584 4470 lib.
1604 4421 1628 4471 3.
1646 4415 1748 4488 hodegi
1767 4416 1882 4472 adducit
1900 4418 1976 4474 aliud

288 4505 378 4577 legem
399 4503 527 4574 impleat:
547 4518 723 4574 nequaquam
745 4518 810 4557 vero
833 4506 931 4572 negat,
952 4500 1118 4555 observatio
1145 4504 1249 4557 dictum
1267 4501 1380 4557 Lutheri
1399 4508 1463 4557 tom.
1482 4508 1506 4558 ι.
1525 4501 1704 4560 LatWiteb.
1722 4502 1861 4575 inscript.
1880 4510 1976 4561 contra

288 4608 353 4647 nem
375 4589 565 4645 mandatorum
585 4588 639 4644 Dei
661 4586 821 4659 justificatis
846 4587 1029 4643 necessariam
1049 4603 1117 4642 esse.
1145 4590 1252 4646 iatam.
1275 4589 1322 4645 iol.
1343 4595 1400 4646 254.
1423 4587 1472 4642 ubi
1498 4587 1608 4657 scribit,
1626 4590 1770 4657 fortiores
1794 4609 1852 4645 esee
1870 4593 1975 4663 copita-

287 4679 370 4733 Hanc
394 4692 472 4731 suum
500 4676 664 4732 sententiam
682 4674 831 4730 clarissime
849 4674 961 4745 exponit
978 4672 1117 4728 Lnthcrus
1143 4679 1232 4731 tiones
1257 4676 1350 4730 molas
1370 4676 1484 4745 pionem
1507 4691 1590 4744 queam
1611 4676 1773 4745 impiorum,
1802 4696 1857 4731 uon
1884 4686 1975 4733 tcmeu

289 4765 317 4819 in
339 4763 388 4819 lib.
414 4762 450 4818 dc
476 4761 548 4817 votis
571 4760 729 4816 monasticis
750 4766 778 4815 et
796 4760 862 4815 elibi
878 4760 987 4831 passim.
1023 4760 1117 4830 ΟῙιιια
1139 4763 1285 4835 polluere,
1310 4780 1366 4814 uon
1388 4762 1536 4829 domuere,
1563 4762 1630 4831 quio
1655 4763 1719 4816 licet
1736 4764 1883 4834 utrobique
1900 4765 1974 4820 idem

288 4852 359 4920 lepis
391 4849 504 4903 diuinae
533 4847 643 4920 (inquit)
671 4848 701 4900 iu
731 4848 866 4915 decoloqo
897 4849 1033 4899 mandata
1062 4865 1118 4901 nou
1143 4851 1180 4903 sit
1194 4855 1353 4920 peceatum,
1371 4848 1418 4917 pii
1436 4854 1528 4899 tomen
1547 4848 1703 4901 antidotum
1722 4848 1835 4913 habeut,
1854 4850 1904 4904 illi
1919 4869 1974 4905 ιιιιι

282 4937 464 5008 justificant,
488 4950 536 4987 uec
553 4942 616 4988 suut
633 4934 791 4987 ιιιιιιιαιια
808 4935 849 4987 cd
866 4933 1009 5002 justitiam
1029 4939 1055 4987 ct
1073 4951 1116 4987 aa·
1143 4937 1250 4991 habeut.
1285 4933 1507 5005 Respondemus:
1531 4932 1599 4987 nibil
1618 4933 1664 4987 bic
1687 4933 1844 5005 impietatis.
1880 4936 1974 4992 Veris-

287 5026 387 5091 lutem,
417 5039 478 5075 cum
502 5022 611 5076 Paulus
633 5020 726 5073 dicat:
759 5038 792 5073 ec
819 5020 946 5089 operitur
969 5019 1039 5087 lepis
1062 5038 1117 5075 :rou
1144 5022 1242 5076 simum
1267 5019 1340 5076 enim
1364 5025 1418 5084 est,
1442 5018 1516 5089 quod
1539 5018 1578 5089 pii
1606 5035 1623 5072 a
1646 5019 1755 5074 diabolo
1777 5020 1876 5076 fortius
1896 5021 1973 5077 insti·

285 5108 495 5180 justificabitur·
511 5107 599 5161 omnis
617 5124 692 5173 coro,
712 5114 803 5159 tamen
823 5105 983 5159 ueceeccrio
1000 5114 1063 5159 suut
1074 5108 1116 5159 ‹li-
1144 5112 1245 5181 gentur
1261 5107 1296 5161 ad
1316 5104 1487 5177 peccandum
1507 5121 1588 5175 quam
1602 5104 1686 5175 impii,
1705 5105 1752 5177 qui
1761 5106 1822 5177 jam
1834 5125 1851 5162 a
1863 5108 1973 5165 diabolo

286 5204 362 5252 ceute
381 5193 510 5248 01ιιιιιιι
528 5194 556 5247 ιι·
571 5194 614 5247 ιιι
631 5193 745 5262 inpredi
761 5193 802 5245 cd
817 5193 916 5261 rictam,
941 5208 1023 5246 cereo
1040 5211 1117 5247 mou·
1144 5194 1227 5266 plene
1252 5192 1355 5264 captivi
1380 5195 1478 5263 sponte
1496 5196 1581 5244 ruunt
1598 5208 1615 5244 a
1633 5198 1747 5262 peccato
1766 5210 1821 5248 uno
1842 5194 1870 5249 in
1887 5194 1972 5251 aliud.

286 5288 371 5346 date,
400 5296 488 5351 ueqrse
513 5280 583 5333 euim
610 5279 700 5332 omitti
725 5287 845 5349 possunt
863 5279 945 5331 etium
968 5288 1117 5350 praeacuto
1144 5281 1188 5337 Pii
1211 5297 1276 5336 vero
1300 5276 1514 5351 cogitationibus
1539 5284 1646 5332 tentum
1672 5279 1765 5342 malis,
1792 5298 1860 5353 quas
1880 5288 1972 5337 tamen

285 5372 363 5436 fide,
389 5383 461 5437 quoe
484 5366 548 5420 cola
568 5365 725 5434 iuuipicot,
753 5383 814 5419 cum
836 5366 891 5418 siut
914 5366 1025 5428 fnectuc
1042 5368 1119 5432 fidei
1143 5370 1173 5424 in
1198 5374 1292 5422 ectum
1318 5382 1374 5421 non
1401 5365 1521 5428 ducunt,
1542 5369 1692 5419 tentantur.
1728 5364 1782 5420 Sed
1810 5381 1865 5437 quo
1882 5366 1973 5421 minus

279 5451 482 5529 jecetr'siccutis.
515 5452 548 5505 In
565 5468 589 5506 c.
610 5459 633 5506 5.
653 5450 730 5506 Gal:
756 5451 883 5523 Difficile
903 5459 944 5504 eet
968 5460 994 5504 et
1006 5454 1116 5522 pericu
1144 5456 1197 5510 hae
1223 5453 1312 5508 malae
1334 5452 1516 5523 cogitationes
1540 5467 1586 5505 eos
1613 5450 1758 5515 damnent,
1781 5451 1837 5505 duo
1853 5452 1975 5523 providit

285 5547 377 5600 tomm
396 5542 504 5602 docere,
522 5557 573 5593 uos
590 5538 653 5601 side
670 5538 832 5607 justificari
848 5537 909 5590 siue
924 5538 1068 5608 opertum,
1092 5546 1118 5592 et
1144 5542 1182 5597 eis
1209 5539 1285 5593 Deus
1310 5538 1502 5593 robustissima
1525 5536 1762 5606 mimitissimcque
1785 5538 1974 5607 firmamento,

285 5640 379 5684 tameo
397 5625 484 5680 simui
500 5625 608 5694 ιιιριιι
627 5641 729 5694 opero,¹
754 5624 798 5677 ιιι
816 5624 873 5677 uisi
889 5631 954 5677 suut
964 5626 1118 5694 prudentes
1144 5633 1175 5682 ut
1192 5624 1355 5680 Lutherus
1347 5643 1375 5678 ιιι
1395 5621 1490 5678 eodem
1510 5621 1557 5676 lib.
1574 5627 1671 5678 contra
1688 5623 1835 5678 Internum
1850 5622 1974 5696 loquitur

286 5716 497 5827 ‹impensatores
524 5712 719 5781 mysteriorum
745 5711 816 5780 Dei,
849 5712 900 5780 qui
923 5719 996 5765 recte
1022 5721 1116 5767 eecout
1143 5718 1249 5769 tonui.
1267 5710 1359 5767 istiu
1378 5710 1488 5765 Jeuens.
1511 5708 1531 5764 f
1549 5713 1607 5765 406.
1629 5711 1754 5779 primum
1770 5711 1869 5780 ipsum
1890 5709 1972 5764 curs·-

1601 5815 1640 5868 2*
