4800 6659
407 584 469 642 382
1076 573 1199 631 LOCUS
1215 572 1421 630 VICESIMUS

412 730 493 799 eice,
513 731 705 785 eradicabitur
723 738 774 786 etc.
810 732 851 785 its
866 748 977 802 quoque
994 730 1042 802 qui
1061 730 1089 783 in
1102 734 1250 785 uteroma-
1282 725 1480 784 decedentibus
1498 746 1551 783 non
1569 729 1628 784 lata
1646 733 1706 784 erat
1723 728 1769 784 lex
1796 728 2028 796 circumcisionis,
2048 729 2108 783 ideo

410 820 489 872 terno
511 810 733 886 aestimentur,
751 834 800 887 pro
817 817 1033 871 contemtoribus
1050 816 1181 887 baptismi
1192 834 1248 872 non
1274 829 1325 867 nec
1336 814 1537 885 praevaricatio
1548 815 1619 886 legis
1631 814 1687 869 illis
1705 814 1835 885 imputari
1848 813 1947 885 potnit.
1988 814 2067 871 Rom.
2086 822 2108 880 ⁴,

408 909 525 973 possunt
551 903 674 959 censeri..
717 910 742 960 3.
766 902 810 958 Pii
837 909 966 973 parentes
992 903 1114 958 fructum
1143 903 1247 959 ventris
1271 917 1296 954 v.
1320 906 1358 957 15.
1402 901 1477 966 Quid
1501 902 1589 970 civim,
1611 919 1679 956 num
1704 900 1897 957 damnabimus
1921 901 2109 956 sanctimimos

411 1005 461 1059 per
484 1006 579 1059 preces
597 988 682 1044 serias
700 990 762 1044 Deo
781 990 915 1055 offerunt,
946 990 1014 1061 quin
1037 990 1092 1044 imo
1109 989 1138 1043 in
1155 989 1246 1060 publi·
1273 986 1335 1040 illos
1352 993 1488 1059 martyres
1507 988 1701 1043 Hebraeorum
1719 986 1871 1052 masculos,
1899 987 1948 1059 qui
1976 987 2023 1042 rix
2044 988 2108 1042 dum

409 1074 450 1129 cis
475 1075 608 1130 ecclesias
636 1076 764 1146 precibus
783 1076 960 1147 gravidarum
980 1092 1013 1130 ac
1033 1076 1245 1147 parturientium
1272 1071 1401 1128 inlucem
1411 1074 1478 1129 editi
1484 1075 1566 1145 jussu
1574 1073 1728 1129 Pharaonis
1741 1072 1877 1145 Aegyptii
1886 1073 1914 1127 in
1925 1073 2109 1144 profluentem

409 1158 441 1213 fit
464 1160 583 1228 menti03
605 1162 666 1231 jam
689 1178 754 1216 vero
779 1162 814 1216 de
839 1160 1015 1217 exauditione
1034 1179 1147 1233 precum
1166 1180 1246 1234 prae·
1271 1162 1336 1212 sunt
1359 1158 1497 1230 projecti?
1533 1159 1622 1213 Exod-
1652 1165 1680 1221 l,
1704 1177 1730 1214 v·
1754 1164 1796 1215 22·
1832 1158 1908 1216 Num
1929 1158 2052 1214 infantes
2081 1160 2109 1214 in

410 1246 502 1301 sertim
522 1247 698 1317 publicarum
717 1253 826 1303 exstant
845 1246 1024 1304 suavissimae
1042 1249 1245 1319 promissiones.
1272 1244 1382 1299 deserto
1394 1251 1516 1298 mortuos
1528 1244 1603 1298 intra
1624 1245 1770 1299 decursum
1784 1251 1817 1300 to
1836 1244 1946 1299 illerum
1966 1262 2109 1307 annorum·

410 1330 484 1402 Ergo
515 1350 569 1387 non
600 1339 694 1403 potest
720 1333 856 1401 dubitari,
887 1333 955 1404 quin
991 1334 1066 1406 quod
1098 1334 1168 1389 alias
1195 1352 1245 1406 per
1271 1331 1300 1384 in
1318 1330 1419 1401 quibus
1437 1330 1611 1385 circumcisio
1631 1336 1745 1402 propter
1756 1329 1919 1401 quotidiana
1937 1330 2038 1386 itinera
2055 1331 2110 1385 tuit

408 1416 578 1472 ordinarium
605 1419 738 1488 baptismi
762 1427 965 1475 sacramentum
991 1420 1068 1475 Dens
1094 1421 1192 1490 efficit,
1216 1422 1245 1475 id
1272 1416 1436 1481 intermissa,
1456 1417 1493 1471 ad
1513 1416 1652 1472 infernum
1670 1416 1887 1488 ablegabimus?
1916 1417 2020 1485 «1115,
2038 1434 2064 1471 v.
2084 1425 2108 1474 5.

409 1502 437 1556 in
458 1520 525 1559 casu
548 1504 711 1576 privationis
738 1506 955 1561 extraordinarie
978 1506 1084 1577 gratiae
1103 1524 1170 1561 suae
1187 1506 1246 1562 effi·
1270 1503 1345 1566 Quin
1369 1502 1424 1558 imo
1448 1503 1525 1557 nullo
1551 1501 1647 1558 habito
1665 1503 1816 1573 corporalis
1833 1502 1932 1557 salutis
1951 1503 2109 1558 discrimine

408 1589 488 1643 cacia
509 1589 654 1661 compleat.
700 1592 878 1646 Bernhardus
901 1610 981 1647 serm.
1003 1598 1026 1648 1.
1052 1593 1080 1646 in
1105 1610 1172 1649 ram.
1190 1593 1244 1664 pal.
1269 1588 1389 1644 infantes
1403 1589 1465 1644 illos
1477 1589 1588 1660 Moyses
1601 1589 1826 1653 circumcidisset,
1846 1588 1870 1643 si
1887 1589 2008 1660 privatio
2024 1590 2108 1661 hujus

409 1674 462 1730 ccl.
483 1681 546 1731 llti:
571 1678 625 1740 Qui
642 1679 782 1748 pervales
800 1685 885 1731 netes
903 1683 942 1732 cit
960 1687 986 1731 et
1000 1679 1125 1749 primam
1138 1697 1244 1748 perrm·
1270 1675 1434 1730 sacramenti
1460 1693 1521 1731 cum
1546 1676 1771 1746 praesentissimo
1789 1681 1918 1731 aeternae
1936 1676 2035 1729 salutis
2053 1676 2107 1729 dis·

409 1761 501 1814 torem
519 1763 602 1830 clepit
619 1763 716 1830 eorem,
735 1765 819 1818 leodic
836 1782 943 1832 peoqree
957 1766 1095 1833 pervoles
1110 1784 1129 1818 e
1146 1766 1244 1834 pretia
1269 1762 1371 1832 pendio
1388 1761 1488 1817 fuisset
1505 1763 1664 1833 conjuncta.
1702 1761 1778 1817 Num
1797 1761 1917 1816 infantes
1938 1762 2107 1816 Israelitims

408 1867 464 1901 nors
482 1849 611 1917 secludit,
631 1851 699 1920 qaia
719 1867 768 1903 aec
782 1850 887 1919 pietati
904 1851 1100 1921 incongruam,
1118 1869 1168 1906 nec
1186 1871 1243 1904 me·
1269 1854 1393 1919 tempore
1417 1849 1548 1903 Antiochi
1578 1856 1642 1903 anto
1666 1854 1796 1903 octavum
1818 1847 1918 1902 aetatis
1946 1848 2021 1901 diem
2044 1865 2106 1902 cru·

402 1934 508 2002 jesteti
523 1936 584 2004 ejrea
603 1936 724 2002 difficile
742 1944 791 1999 cet,
810 1942 841 1989 ut
857 1936 990 2004 semileet
1007 1954 1107 1990 munus
1124 1938 1243 2006 pretias,
1270 1933 1369 1989 delitet
1408 1934 1569 1990 interfectos
1611 1936 1670 1989 vita
1709 1941 1823 1989 aeterna
1857 1933 2189 1989 defraudabimus‘llffl

408 2022 1083 2092 111111ιὶ1111111111111111111111111111.
1121 2030 1145 2079 1.
1166 2024 1244 2079 Chri·
1275 2026 1295 2074 1.
1315 2020 1403 2075 Mace.
1426 2027 1448 2090 l,
1465 2040 1490 2076 v.
1511 2028 1552 2076 51.
1569 2026 1599 2076 11
1616 2027 1658 2076 es.
1698 2019 1772 2076 Num
1789 2019 1921 2090 parvulos
1940 2019 2107 2075 Bethleemi·

408 2112 467 2160 stus
495 2124 550 2161 non
582 2108 670 2163 solum
701 2109 794 2178 nasci,
826 2109 876 2164 sed
904 2113 931 2162 et
960 2109 990 2162 in
1019 2113 1100 2163 utero
1129 2107 1245 2179 virginis
1271 2105 1354 2173 ticos,
1379 2106 1477 2162 beatas
1504 2107 1567 2161 illas
1590 2106 1742 2171 animulas,
1771 2106 1901 2176 parvulos
1928 2105 2107 2177 integellulos

409 2192 517 2263 concipi
547 2210 581 2247 ac
610 2195 713 2265 gestui
743 2195 844 2264 voluit,
875 2202 907 2250 ut
934 2194 1018 2251 etiam
1047 2192 1184 2248 infantum
1217 2195 1245 2248 in
1271 2191 1654 2263 martyrumquegemmulas,
1672 2209 1789 2263 qnorum
1811 2191 1925 2262 quidam
1939 2191 2013 2246 infra
2031 2199 2107 2246 octa-

409 2283 488 2333 utero
518 2285 642 2335 materno
668 2280 760 2336 adhuc
792 2282 983 2337 conclusorum
1012 2280 1133 2334 salrator
1164 2287 1245 2335 esset.
1271 2294 1336 2330 vum
1348 2277 1501 2333 nativitatis
1514 2278 1588 2333 diem
1600 2277 1705 2333 11111111
1718 2276 1858 2346 trucidati,
1875 2277 1980 2333 11111111
1992 2277 2106 2332 damna-

409 2363 541 2419 Irenaeus
569 2366 617 2420 lib.
644 2372 667 2421 2.
693 2368 757 2422 adr.
779 2367 856 2424 haer.
883 2374 1015 2437 13111.
1037 2366 1245 2423 1311011111
1272 2363 1383 2417 bimus?
1408 2364 1547 2428 11111112,
1567 2370 1648 2421 116.
1672 2363 1889 2430 Quidametiam
1908 2363 1963 2417 huc
1981 2364 2108 2419 referunt

412 2467 519 2504 emnem
547 2459 667 2506 eetetem
689 2454 881 2518 sreoctifieevit
902 2470 955 2521 per
982 2453 1078 2515 diem,
1108 2469 1179 2520 quoe
1205 2453 1247 2504 erl
1271 2449 1387 2504 filiolum
1405 2449 1524 2505 Davidis
1543 2468 1576 2505 ex
1595 2449 1752 2505 Bethsabea
1769 2456 1941 2520 susceptum,
1968 2450 2006 2503 ad
2026 2468 2108 2521 quem
2186 2433 2189 2454 ι

410 2538 502 2605 ipsam
526 2546 588 2591 eret
612 2540 834 2594 similitruiinem.
876 2543 976 2594 Omnes
1001 2541 1075 2592 enim
1097 2540 1171 2592 venit
1189 2556 1245 2606 per
1272 2553 1302 2590 se
1327 2542 1403 2591 certo
1426 2542 1573 2590 venturum
1599 2541 1717 2591 testatur
1741 2536 1849 2602 David,
1878 2535 1977 2607 utique
1999 2551 2055 2589 non
2080 2536 2108 2590 in

411 2631 494 2675 censet
512 2625 605 2692 ipsam
633 2626 761 2687 solvere,
785 2643 878 2679 omnes
896 2627 1023 2694 inquom,
1049 2626 1099 2694 qai
1112 2642 1168 2692 per
1185 2642 1246 2676 eam
1272 2623 1338 2678 sede
1370 2622 1568 2691 damnationis,
1598 2623 1647 2678 scd
1675 2621 1864 2677 beatitudinis.
1909 2628 1933 2676 2.
1963 2621 2039 2677 Sam.
2070 2629 2108 2690 12,

409 2719 595 2764 reneaeeeter
608 2712 638 2765 ie
649 2713 752 2779 Deam,
770 2712 895 2775 insontes
910 2712 1082 2779 etpereulos
1100 2718 1125 2763 ct
1138 2727 1247 2779 peeroa
1272 2726 1297 2763 v.
1318 2714 1359 2764 23.
1395 2709 1500 2764 Verum
1525 2727 1558 2764 ex
1585 2714 1664 2763 textu
1684 2724 1740 2763 non
1757 2713 1850 2779 potest
1866 2707 1972 2777 liquido
1990 2710 2109 2777 ostendi,

410 2803 437 2849 et
445 2798 564 2864 jaceres
579 2805 605 2851 et
617 2798 759 2865 celsiorem
779 2800 844 2851 ideo
851 2815 907 2865 per
919 2814 1025 2850 emicem
1041 2798 1114 2850 venit
1125 2805 1246 2851 aetatem
1273 2795 1348 2865 quod
1361 2800 1426 2849 ante
1438 2801 1567 2850 octavum
1587 2793 1741 2849 nativitatis
1761 2794 1835 2848 diem
1852 2811 1885 2848 ac
1905 2794 2024 2864 proinde
2043 2801 2109 2850 ante

411 2889 436 2933 ct
452 2882 611 2944 infmrtibes
629 2883 743 2950 iasone,
766 2883 898 2952 perieulis
913 2883 1051 2952 pervetus
1070 2889 1122 2936 stc.
1158 2890 1182 2937 5.
1202 2883 1246 2939 Ac
1272 2887 1429 2952 susceptam
1456 2880 1691 2937 circumcisionem
1722 2880 1876 2935 infantulus
1907 2880 1955 2935 ille
1983 2886 2108 2936 mortuus

409 2984 445 3021 ne
457 2966 516 3022 ulle
536 2967 571 3022 de
589 2968 724 3024 benevola
742 2968 794 3024 Dei
813 2986 881 3040 erga
899 2968 1020 3024 infantes
1037 2970 1066 3023 in
1085 2975 1163 3024 utero
1181 2986 1246 3023 con·
1272 2968 1371 3036 fuerim
1391 2986 1416 3020 v.
1431 2974 1470 3024 ts.
1491 2968 1536 3022 dic
1550 2968 1668 3039 septima
1678 2968 1829 3021 exstinctus
1843 2964 1953 3034 dicitur,
1972 2968 2108 3021 111111111-

412 3054 504 3108 clusos
531 3053 673 3109 voluntate
697 3055 834 3110 dubitatio
853 3056 982 3120 oriretur,
1010 3056 1135 3126 promisit
1159 3055 1246 3120 Deus,
1274 3052 1381 3122 putatio
1399 3053 1570 3109 instituenda
1585 3060 1640 3121 est,
1660 3070 1715 3108 non
1733 3071 1751 3107 a
1770 3051 1815 3106 die
1834 3051 2002 3115 nativitatis,
2022 3052 2073 3106 sed
2091 3071 2109 3107 a

411 3157 441 3196 se
468 3140 527 3195 fere
553 3140 666 3194 reminis
689 3143 781 3195 nostri
799 3144 891 3195 Deum
918 3141 989 3199 Gen.
1018 3148 1062 3209 17,
1091 3147 1161 3198 17.
1198 3141 1245 3195 nbi
1272 3144 1396 3211 tempere
1411 3157 1453 3203 eo,
1473 3157 1527 3213 quo
1545 3139 1659 3195 Nathan
1679 3139 1715 3193 ad
1728 3136 1865 3192 Davidem
1884 3136 2025 3208 ingressus
2045 3154 2108 3207 pro⁴

411 3242 464 3280 vox
482 3225 592 3281 seminis
612 3226 807 3298 complectitur
825 3227 945 3281 infantes
968 3226 1090 3282 nondum
1109 3226 1138 3280 in
1154 3227 1245 3281 lucem
1272 3233 1334 3294 pter
1356 3231 1502 3297 peceatum
1527 3224 1658 3280 adulterii
1677 3230 1705 3279 et
1722 3222 1864 3279 homicidii
1892 3240 1955 3277 eum
1976 3224 2108 3295 objurga·

410 3310 508 3377 editos,
525 3318 558 3367 ut
574 3317 691 3367 constat.
1274 3318 1365 3377 verat,
1399 3313 1475 3383 quod
1504 3329 1541 3366 an
1567 3312 1628 3383 ipso
1652 3310 1806 3366 nativitatis
1828 3310 1888 3380 die,
1916 3327 1954 3363 an
1977 3326 2042 3364 vero
2068 3327 2108 3365 se

282 3400 396 3440 nsvncm-
447 3404 506 3456 238.
554 3398 634 3464 Quod
669 3398 770 3453 attinet
800 3398 922 3452 infantes
954 3397 996 3450 in*
1015 3398 1104 3453 lucem
1134 3399 1245 3470 quidem
1273 3399 1423 3469 quentibus
1448 3399 1552 3453 factum
1576 3398 1672 3465 suerit,
1701 3398 1837 3451 incertum
1860 3400 1916 3461 est,
1945 3395 2012 3450 licet
2031 3396 2109 3464 prius

281 3453 382 3542 ittet
412 3484 515 3553 editos,
544 3485 594 3539 see
625 3484 770 3553 repentino
801 3484 921 3554 quodem
953 3500 1018 3537 esu
1048 3502 1081 3538 01
1111 3484 1162 3540 nae
1188 3486 1247 3539 vra
1274 3486 1422 3540 aemorum
1435 3484 1583 3539 verisimile
1600 3484 1735 3538 videatur.
1769 3482 1955 3537 essemus
1972 3482 2108 3552 exempla

282 3554 359 3600 “¹¹²¹''
411 3575 533 3640 ereptos,
559 3576 709 3640 antequam
737 3570 867 3642 baptismi
887 3569 968 3639 copia
996 3570 1051 3623 illie
1070 3570 1129 3624 ficri
1146 3572 1247 3641 potuit,
1273 3572 1407 3642 quosdam
1425 3571 1455 3624 in
1467 3571 1501 3626 N.
1517 3570 1550 3625 T.
1569 3570 1628 3624 sine
1647 3568 1786 3639 baptismo
1804 3567 1833 3621 in
1850 3584 1917 3621 casu
1935 3568 2108 3623 necessitatis

282 3605 323 3644 ssd

282 3609 398 3705 barti-m
411 3673 463 3711 nec
480 3657 544 3711 illos
562 3674 580 3711 a
601 3657 734 3712 societate
757 3658 832 3710 vites
857 3661 987 3710 aeternae
1012 3657 1158 3710 temerario
1176 3673 1246 3711 ausu
1272 3657 1408 3719 salvatos,
1439 3675 1524 3728 qnare
1547 3674 1600 3712 nec
1623 3655 1743 3709 infantes
1763 3671 1814 3724 per
1837 3653 1898 3724 pias
1922 3671 2020 3724 preces
2046 3654 2108 3709 Deo

282 3718 397 3800 intinnitlii
410 3742 596 3798 excludendos
626 3759 699 3808 esse,
736 3742 881 3811 sequentia
912 3741 1042 3794 evincunt
1072 3752 1244 3812 argumenta.
1274 3743 1359 3798 oblati
1384 3761 1401 3795 a
1426 3743 1515 3797 salute
1536 3740 1683 3797 temerario
1707 3757 1778 3795 ausu
1802 3740 1907 3795 fuerint
1932 3739 2106 3795 excludendi.

414 3834 437 3885 1.
456 3827 502 3881 1111
518 3827 615 3882 itidem
634 3845 689 3882 non
705 3834 822 3899 possunt
841 3827 938 3882 haberi
954 3844 1006 3895 pro
1029 3828 1244 3883 contemtoribus
1271 3830 1338 3882 Luc.
1359 3834 1400 3895 23,
1422 3834 1508 3885 113.
1534 3827 1661 3882 Christus
1684 3827 1720 3880 ad
1743 3826 1879 3881 latronem
1901 3824 1984 3879 dicit:
2008 3827 2105 3880 Hodie

408 3915 583 3969 sacramenti.
621 3921 643 3969 2.
662 3913 824 3969 Offeruntur
836 3912 898 3967 Deo
915 3930 965 3983 per
983 3930 1078 3983 preces
1098 3921 1244 3983 parentum
1272 3932 1377 3966 mecam
1397 3914 1453 3966 erio
1469 3914 1500 3965 ie
1520 3914 1683 3982 per-eelim
1701 3913 1762 3982 jam
1782 3928 1848 3966 vero
1866 3910 2003 3967 latronem
2027 3912 2105 3966 illum

408 4005 436 4054 et
464 4001 611 4064 ecclesiae,
639 4016 711 4071 quae
737 4016 794 4053 non
823 4000 910 4053 selum
938 3999 1068 4069 mandas
1092 4006 1121 4055 et
1149 4009 1243 4070 partu·
1271 3999 1443 4069 baptizatum
1460 4017 1521 4053 esse
1541 3998 1641 4054 nullibi
1659 3998 1770 4070 legitur.
1796 3998 1872 4068 Ergo
1887 4013 1969 4051 casus
1987 3996 2105 4051 necessi·

408 4084 519 4155 tientes,
541 4086 688 4142 sedetiam
706 4085 843 4140 lactantes
857 4085 919 4139 Dee
937 4086 1120 4140 commendat.
1153 4093 1177 4141 3.
1191 4087 1243 4140 Ex·
1271 4086 1335 4141 tatis
1347 4104 1365 4139 a
1383 4085 1557 4156 reguladoh.
1577 4092 1602 4150 3,
1620 4102 1645 4140 r.
1668 4092 1696 4139 5:
1714 4086 1782 4138 Nisi
1799 4085 1863 4153 qaia
1882 4090 1997 4136 renatas
2008 4084 2106 4148 sumit

408 4175 483 4224 stent
508 4173 702 4242 promissiones
727 4172 762 4226 de
787 4171 920 4226 benevolo
941 4170 995 4225 Dei
1021 4188 1088 4242 erga
1111 4172 1187 4241 ipsos
1202 4172 1243 4225 af·
1271 4179 1322 4227 etc.
1358 4173 1523 4244 intelligitur
1550 4179 1690 4243 exceptus.
1725 4170 1884 4241 “Excipit
1907 4167 2057 4223 Gretserus
2077 4167 2105 4222 in

408 4255 493 4309 factu.
541 4258 611 4313 Gen.
644 4264 689 4327 17,
718 4276 742 4312 v.
774 4264 803 4311 7:
840 4259 902 4310 liro
936 4257 1014 4309 Deus
1045 4255 1158 4309 reminis
1192 4258 1242 4311 tei.
1271 4259 1370 4329 colloq.
1394 4258 1538 4314 Ratisbon.
1566 4276 1593 4329 p.
1621 4266 1662 4314 30.
1698 4259 1836 4312 latronem
1862 4256 2031 4325 baptisatam
2058 4255 2105 4307 be·

409 4340 509 4397 Matth.
543 4347 590 4412 ts,
612 4363 638 4398 v.
662 4350 705 4400 lt:
730 4346 795 4399 Noa
822 4351 862 4396 est
885 4342 1015 4396 celeritas
1034 4343 1135 4395 Petris
1159 4344 1246 4396 vestri
1270 4345 1372 4413 ptiamo
1393 4346 1541 4413 saracenicis
1559 4352 1586 4399 et
1606 4346 1736 4398 beheim
1759 4344 1935 4411 martyriam.
1979 4341 2105 4410 Respon-

409 4427 542 4496 eecleatie,
560 4437 699 4498 uipereet
709 4448 782 4483 1111
793 4429 970 4497 depereatis
988 4428 1059 4483 istie.
1090 4428 1188 4482 Matth.
1204 4434 1243 4494 19,
1270 4432 1381 4486 demus:
1420 4439 1440 4486 1.
1464 4437 1549 4502 negat
1570 4431 1623 4486 hoc
1642 4429 1845 4495 Bellarminus,
1873 4428 1920 4499 qui
1944 4427 1993 4483 lib.
2019 4433 2039 4481 1.
2070 4427 2106 4481 de

409 4530 435 4568 v.
459 4517 498 4569 14.
533 4514 618 4568 Marc.
652 4524 698 4583 10,
723 4534 747 4569 v.
779 4521 824 4569 lt:
861 4515 951 4568 Sinite
970 4514 1109 4581 pervales
1133 4518 1174 4567 ed
1200 4532 1244 4568 me
1271 4535 1339 4573 sacr.
1366 4518 1494 4588 baptism.
1522 4525 1584 4575 16.
1603 4535 1637 4572 er
1660 4517 1820 4587 Augustino
1844 4515 1939 4582 docet,
1965 4514 2107 4568 latronem

409 4600 511 4652 venire.
546 4599 610 4655 Joh.
628 4606 661 4667 6,
681 4618 708 4656 v.
733 4606 780 4655 37:
813 4601 969 4654 Venientem
989 4602 1030 4653 erl
1055 4617 1097 4652 mc
1116 4619 1172 4653 rien
1192 4602 1244 4670 eji-
1270 4605 1476 4658 beneolentem
1490 4604 1798 4673 baptiemesaepeinis,
1815 4604 1867 4655 red
1875 4600 2013 4670 fluminis,
2030 4599 2106 4669 quod

409 4686 483 4737 ciem
498 4686 595 4752 soree.
639 4691 664 4741 1.
688 4685 766 4741 Deus
794 4704 850 4741 non
882 4685 1008 4757 alligavit
1037 4703 1067 4741 se
1096 4685 1187 4756 ipsum
1211 4704 1244 4741 ac
1270 4690 1353 4745 etism
1381 4690 1466 4746 habet
1501 4690 1614 4746 Oserius
1638 4695 1747 4745 tamt.
1775 4706 1804 4758 p.
1823 4694 1881 4744 618.
1914 4695 1941 4740 et
1965 4686 2107 4739 tetressem

408 4772 527 4843 gratiam
555 4788 633 4825 suam
660 4773 759 4827 mediis
784 4773 814 4826 in
832 4773 1006 4827 commodum
1023 4776 1148 4827 nostrum
1167 4773 1243 4829 insti·
1270 4779 1352 4831 illem
1368 4795 1523 4847 conpesce
1543 4778 1603 4831 dici
1617 4784 1778 4843 martyrem.
1813 4781 1836 4829 2.
1855 4774 1941 4828 Latro
1959 4789 2017 4826 non
2036 4772 2106 4826 nite

408 4858 484 4912 tutis.
520 4858 579 4915 Nos
597 4856 709 4927 quidem
729 4858 765 4911 ad
785 4859 877 4913 media
901 4858 1009 4929 alligati
1031 4876 1142 4924 snmus,
1166 4860 1243 4916 Deus
1270 4865 1353 4919 batur
1383 4881 1448 4927 suo,
1477 4864 1527 4918 sed
1550 4863 1655 4919 Christi
1683 4861 1834 4933 sanguine,
1865 4878 1883 4915 a
1905 4858 2029 4928 peccatis
2055 4874 2108 4913 nos

408 4951 501 4999 autom
520 4942 736 4999 extramdinaria
753 4950 845 5013 potest
863 4961 954 5016 agere.
999 4944 1046 5000 Sic
1063 4945 1093 4999 in
1112 4946 1185 5002 lame
1203 4947 1243 5002 uti
1270 4951 1351 5006 unice
1363 4949 1502 5016 abluente,
1521 4966 1612 5019 neque
1632 4948 1705 5002 enim
1723 4946 1766 5001 sui
1785 4944 1927 5017 sanguinis
1945 4942 2109 5015 profusione

409 5031 543 5086 debemus
567 5030 642 5093 cibo,
676 5028 705 5084 in
731 5030 835 5084 morbis
859 5031 1011 5099 medicina,
1039 5031 1118 5086 Deus
1149 5040 1243 5088 antem
1271 5036 1417 5107 qnisquam
1443 5032 1591 5104 justificari
1615 5032 1871 5101 peccassemus,
1897 5048 1922 5083 v.
1944 5036 1983 5085 12.
2020 5029 2110 5085 Venit

410 5117 494 5172 etiam
523 5116 581 5172 sine
611 5116 673 5172 cibo
702 5131 801 5185 corpus
824 5116 917 5182 alere,
952 5118 1012 5173 sine
1037 5120 1244 5174 medicamentis
1270 5121 1342 5175 latro
1367 5120 1404 5174 ad
1427 5136 1537 5174 crucem
1566 5118 1672 5182 alieno,
1701 5118 1822 5172 humano
1847 5117 1962 5181 scilicet,
1981 5116 2108 5185 pollutus

410 5203 557 5258 sanitatem
576 5202 724 5257 restituere
741 5205 846 5272 potest3
866 5201 907 5255 ita
925 5220 1036 5274 quoque
1061 5204 1121 5259 sine
1140 5202 1244 5273 baptis·
1271 5205 1423 5275 sanguine,
1453 5204 1517 5257 inde
1541 5203 1686 5257 deseendit
1708 5203 1808 5272 alieno,
1826 5202 1937 5269 Christi,
1955 5202 2110 5256 mundatus

409 5306 455 5343 mo
473 5287 612 5343 ordinario
625 5285 843 5359 regenerationis
862 5287 972 5344 lavacro
993 5289 1023 5342 in
1040 5307 1109 5344 casu
1125 5288 1244 5343 necessi·
1271 5291 1415 5362 sanguine.
1457 5296 1481 5344 3.
1498 5288 1614 5360 Proprie
1641 5289 1724 5343 etiam
1749 5289 1821 5344 latro
1839 5294 1945 5358 martyr
1969 5305 2025 5341 non
2057 5295 2111 5357 est

409 5375 475 5429 tatis
505 5374 742 5444 regenerationem
769 5372 879 5443 operari
910 5380 1009 5443 potest.
1063 5382 1087 5431 5.
1118 5334 1338 5448 Infantesiquia
1363 5391 1447 5428 causa
1472 5373 1601 5444 supplicii
1623 5374 1677 5428 fnit
1703 5374 1805 5429 latroni
1830 5392 1886 5429 non
1903 5373 2039 5429 consessio
2058 5391 2108 5427 nc-

409 5461 555 5515 lsrailitici
582 5465 647 5515 ante
671 5459 906 5515 circumcisionem
932 5461 1032 5514 mortui
1059 5479 1113 5516 non
1132 5460 1246 5515 fuerunt
1271 5461 1352 5515 minis
1370 5460 1488 5529 Christi,
1514 5461 1563 5515 sed
1586 5460 1743 5528 latrocinia,
1767 5478 1839 5532 quae
1866 5465 2035 5516 exercuerat.
2072 5461 2112 5514 Et

410 5547 537 5602 absolute
563 5553 591 5602 et
615 5546 778 5616 simpliciter
804 5563 821 5599 a
847 5545 938 5599 salute
957 5546 1077 5615 exclusi,
1101 5549 1244 5617 jamvero
1271 5548 1368 5620 quidni
1406 5565 1500 5601 omnes
1529 5549 1618 5615 sures,
1651 5548 1772 5602 latrones
1803 5548 1927 5619 aliosque
1958 5544 2111 5615 maleficos,

408 5633 565 5703 baptismus
587 5634 722 5689 successit
739 5633 767 5686 in
793 5633 885 5687 locum
905 5630 1121 5687 circumcisionis
1138 5632 1197 5688 Col.
1220 5639 1244 5701 2,
1271 5636 1293 5687 si
1318 5634 1516 5703 poenitentiam
1545 5640 1647 5707 agant,
1674 5640 1810 5704 martyres
1833 5633 1965 5688 dicaam
2008 5632 2110 5704 Augu·

409 5739 434 5775 v.
458 5726 495 5775 11.
531 5719 591 5776 Nec
613 5719 706 5791 gratia
722 5719 776 5774 Dei
801 5720 921 5774 strictior
939 5722 969 5772 et
987 5716 1089 5771 arctior
1108 5718 1137 5772 in
1154 5720 1189 5775 N.
1210 5719 1242 5773 T.
1271 5721 1360 5775 stinns
1382 5720 1431 5775 lib.
1458 5728 1482 5777 t.
1508 5729 1605 5777 contra
1630 5721 1791 5775 Donatistae
1815 5738 1839 5777 c.
1866 5726 1907 5775 23.
1937 5726 1965 5774 et
1988 5719 2113 5776 habetur

410 5823 493 5881 quam
510 5806 540 5860 in
559 5806 593 5863 V.
608 5806 761 5861 infantibus
779 5806 909 5862 masculis
933 5809 998 5859 ante
1023 5808 1151 5859 octavum
1169 5806 1242 5861 diem
1272 5821 1332 5877 cap.
1361 5806 1492 5879 baptismi
1520 5807 1555 5862 de
1580 5812 1731 5863 consecrat.
1758 5805 1879 5862 (11111111.
1906 5812 1936 5863 4:
1968 5805 2063 5866 Sicca,
2081 5810 2113 5863 in
