4800 6659
406 626 469 683 *tto
998 618 1120 676 Locus
1137 614 1307 673 DECIMUS
1326 613 1501 672 octavus

409 772 475 845 quia
488 770 590 827 ethnici
608 772 759 841 peculiares
777 771 839 826 illos
857 771 939 841 ritus,
969 771 1069 843 quibus
1090 773 1125 828 ad
1149 770 1236 825 idolo·
1264 768 1292 823 in
1317 768 1407 826 Levit.
1430 786 1454 825 c.
1472 775 1501 836 9,
1528 787 1554 825 v.
1580 773 1628 824 et:
1654 765 1809 820 inarabilis
1834 765 1944 836 pretias
1970 762 2101 818 saraam

407 858 519 913 latrices
536 858 681 929 religiones
698 877 762 914 suos
780 858 940 927 initiabant,
958 858 1095 913 vocabant
1113 855 1236 927 appella·
1263 863 1448 909 sacramenta.
1483 853 1532 910 lib.
1549 860 1589 909 19.
1608 858 1703 909 contra
1719 852 1816 908 Faust.
1834 869 1859 908 o.
1875 857 1921 908 16:
1944 850 2021 913 Quid
2033 855 2102 903 eunt

407 944 482 1000 tione
500 945 584 1016 vulgo
603 951 668 1000 tunc
687 946 754 999 trita
769 944 916 1018 μυστήρια,
934 943 999 999 inde
1012 945 1103 998 Latini
1124 944 1237 1013 scripto·
1263 942 1346 995 aliud
1373 942 1537 1010 corporalia
1559 949 1736 994 sacramenta
1764 939 1822 992 nisi
1845 940 1986 1007 quaedam
2013 935 2104 1005 quasi

407 1046 451 1083 res
475 1037 622 1103 utrumque
647 1031 813 1086 vocabulum
841 1035 870 1087 et
893 1029 1085 1101 mysteriorum
1102 1036 1132 1085 et
1147 1045 1238 1083 sacra·
1262 1030 1347 1081 uerba
1362 1029 1509 1082 visibilia!
1533 1027 1582 1083 lib.
1596 1033 1620 1084 3.
1639 1032 1735 1081 contm
1751 1025 1863 1081 Maxim.
1882 1041 1906 1081 c.
1925 1030 1973 1080 22:
1993 1023 2102 1077 Sacra·

407 1122 561 1171 mentorum
590 1118 618 1171 in
646 1117 698 1173 hoc
725 1135 777 1172 usu
806 1117 1005 1172 manshdemnt
1029 1117 1059 1171 in
1085 1131 1238 1172 sermonem
1263 1123 1355 1168 menta
1372 1123 1444 1179 eunt,
1463 1116 1493 1167 in
1510 1116 1609 1183 quihus
1628 1133 1684 1167 non
1704 1115 1774 1183 quid
1785 1114 1847 1178 sint,
1864 1114 1914 1165 scd
1926 1111 2102 1180 quidemca-

408 1204 632 1260 ecolesiastieum.
668 1204 702 1257 In
724 1205 788 1274 juro
806 1204 939 1259 canonico
956 1221 980 1260 c.
1016 1203 1096 1258 Multi
1118 1211 1146 1264 1.,
1163 1221 1190 1273 q.
1213 1207 1237 1256 l.
1265 1204 1335 1254 dant
1353 1218 1462 1270 semper
1480 1202 1644 1268 attenditur,
1672 1201 1806 1269 quoniam
1822 1200 1903 1267 sipna
1921 1203 1986 1250 sunt
2003 1212 2103 1249 rerum

409 1306 442 1344 ex
461 1289 585 1346 lsiodoro
603 1290 652 1347 lib.
671 1296 696 1347 6.
726 1297 808 1362 etym.
829 1308 853 1347 c.
878 1297 918 1347 19.
947 1297 1123 1359 annotatum,
1147 1305 1238 1343 sacra·
1265 1288 1348 1341 aliud
1362 1288 1521 1341 exsistentia
1539 1295 1565 1341 et
1583 1288 1667 1341 aliud
1682 1287 1881 1355 siqnificantia.
1912 1283 1970 1340 Ubi
1982 1283 2104 1339 observa

408 1383 501 1431 menta
525 1395 544 1430 a
569 1378 682 1430 secretis
707 1378 852 1431 virtutibus
880 1378 923 1430 vel
953 1378 1042 1430 sacrm
1071 1393 1130 1431 esse
1155 1375 1238 1442 dicta,
1268 1382 1290 1430 1.
1310 1374 1422 1445 quando
1443 1378 1614 1429 sacramente
1632 1374 1741 1445 integra
1759 1372 1889 1427 dicuntur
1906 1372 2001 1442 signa,
2030 1375 2103 1423 tunc

408 1463 476 1533 quia
495 1463 545 1516 sub
562 1470 714 1532 tegumento
727 1464 918 1533 corporalium
931 1481 1026 1518 rerum
1040 1464 1127 1516 uirtus
1139 1463 1238 1515 divina
1266 1478 1299 1515 ea
1315 1460 1436 1515 describi
1455 1478 1472 1514 a
1490 1460 1558 1524 fine,
1576 1461 1651 1532 quod
1670 1461 1726 1514 sint
1745 1461 1826 1527 siqua
1845 1457 2039 1526 obsignantia,
2056 1453 2104 1509 vel

407 1549 540 1602 secretius
560 1549 677 1603 salutem
696 1558 836 1619 operatur.
871 1549 928 1605 Sed
946 1556 975 1605 et
991 1544 1080 1621 prima
1095 1546 1238 1619 illasigni·
1265 1554 1296 1601 ut
1315 1547 1490 1617 Augustinus
1508 1547 1623 1603 confess.
1642 1553 1693 1602 art.
1709 1552 1748 1601 13.
1767 1544 1890 1616 loquitur
1909 1544 1993 1612 signa
2004 1541 2104 1605 testifi-

407 1633 514 1699 ficatio,
546 1653 601 1705 qua
635 1643 837 1691 sacramentum
864 1642 1014 1707 usurpatur
1043 1652 1093 1707 pro
1122 1633 1240 1706 pecunia
1266 1635 1361 1687 cantia
1370 1636 1406 1687 dc
1418 1634 1476 1686 Dei
1483 1652 1551 1701 erpa
1560 1653 1611 1688 nos
1619 1632 1808 1702 praeta-indo
1818 1630 1993 1702 Augustinus
2003 1644 2104 1682 vocem

408 1721 484 1791 apud
504 1721 626 1791 judicem
651 1738 669 1775 a
691 1722 867 1793 litigantibus
891 1723 1018 1793 deposita
1036 1720 1239 1793 quodammodo
1267 1720 1339 1790 signi
1359 1719 1425 1774 alibi
1446 1721 1567 1790 explicat
1583 1738 1633 1791 per
1644 1736 1741 1774 vocem
1760 1718 1897 1790 signaculi
1914 1721 1956 1786 (ut
1969 1733 2004 1771 ex
2018 1713 2103 1769 dictis

409 1806 464 1860 huc
493 1807 588 1863 referri
616 1813 717 1878 potest.
761 1808 998 1874 Quemadmodum
1025 1808 1098 1863 enim
1121 1806 1241 1878 pecunia
1266 1806 1357 1860 allatis
1375 1806 1564 1876 conspicuum)
1582 1805 1707 1877 exemplo
1724 1805 1841 1877 apostoli
1867 1804 1916 1875 qui
1931 1801 2102 1858 vocabulum

410 1892 459 1947 illa
476 1892 528 1947 fuit
548 1895 625 1965 quasi
643 1895 830 1966 pignus,quo
849 1895 967 1950 interae
986 1894 1240 1964 velutcertoquo·
1268 1883 1351 1954 mia,
1378 1900 1505 1966 σημεῖον,
1534 1891 1634 1950 Genea.
1661 1899 1707 1961 17,
1733 1911 1759 1948 v.
1788 1898 1827 1947 11.
1856 1898 2021 1961 usurpatum
2051 1904 2104 1959 per

412 1979 475 2033 dam
499 1980 611 2036 loedere
635 1980 874 2036 devinciebantur:
911 1981 958 2037 Sic
981 1981 1061 2053 signa
1079 1980 1132 2034 ista
1147 1979 1239 2034 foede·
1268 1980 1413 2050 σφραγῖδα
1432 1978 1554 2050 explicat
1572 1980 1651 2035 Rom.
1670 1985 1702 2047 4,
1720 1997 1746 2034 v.
1770 1985 1810 2035 11.
1845 1978 2029 2049 Nequaquam
2048 1975 2103 2045 igi·

409 2064 480 2119 ralia
501 2066 673 2136 promissioni
699 2066 804 2138 gratiae
831 2067 927 2122 addita
949 2084 1004 2121 non
1029 2067 1117 2121 solum
1141 2067 1176 2122 de
1194 2083 1241 2119 vo·
1268 2072 1313 2119 tur
1330 2066 1436 2129 volunt,
1457 2072 1630 2120 sacramenta
1648 2082 1708 2121 esse
1724 2065 1800 2119 nuda
1817 2063 1898 2135 sigua
1909 2063 2028 2134 gratiam
2041 2067 2103 2115 tan·

410 2151 517 2205 luntate
527 2152 582 2207 Dei
601 2170 651 2207 nos
669 2160 757 2208 certos
775 2153 903 2216 reddunt,
922 2154 970 2208 sed
983 2152 1106 2209 atfidcm
1119 2158 1242 2208 nostram
1268 2157 1327 2205 tum
1351 2150 1550 2222 significantia,
1578 2152 1627 2207 sed
1651 2151 1732 2222 signa
1754 2149 1931 2221 obsignantia
1953 2156 1983 2203 ct
2003 2147 2103 2202 coufir-

411 2244 486 2291 eerta
504 2238 567 2309 lege
582 2238 636 2309 ipsi
653 2238 837 2310 obstringunt.
873 2240 1111 2306 Quemadmodum
1131 2246 1241 2294 conten·
1268 2236 1379 2291 mantia.
1415 2237 1594 2308 itit'lhiplicia
1617 2237 1698 2309 signa
1715 2237 1744 2290 in
1764 2236 1908 2305 Scriptura
1925 2235 2110 2289 consideran·

412 2324 507 2379 dentes
529 2324 558 2378 in
581 2324 688 2394 judicio
708 2324 878 2396 depositione
896 2326 946 2380 illa
964 2326 1098 2397 pecuniae
1119 2326 1157 2380 ad
1174 2324 1241 2380 dile·
1267 2330 1326 2377 tur:
1343 2323 1479 2394 quaedam
1498 2318 1566 2378 sunt'
1579 2325 1660 2392 sipna
1679 2324 1824 2378 doctrinae
1843 2322 1941 2376 addita
1954 2321 1991 2376 ad
2003 2320 2103 2375 confir·

410 2410 529 2465 otiormm
547 2410 754 2481 obligabantur3
774 2412 813 2466 sic
831 2419 859 2466 et
876 2419 970 2468 nostra
987 2418 1160 2467 sacramenta
1177 2418 1242 2466 sunt
1268 2409 1398 2463 mandam
1424 2410 1568 2465 veritatem
1596 2417 1624 2465 et
1648 2409 1842 2465 certitudinem
1870 2408 1949 2474 fidei,
1980 2412 2012 2461 ut
2038 2411 2104 2460 sunt

371 2570 373 2573 y
410 2496 549 2552 fraternae
568 2497 723 2552 dilectionis
741 2498 876 2569 symbola.
1268 2496 1360 2550 omnia
1380 2495 1515 2550 miracula
1534 2496 1629 2551 divina
1646 2496 1674 2549 in
1693 2497 1727 2553 V.
1746 2504 1774 2551 et
1792 2496 1825 2552 N.
1839 2495 1872 2549 T.
1892 2495 1979 2549 rubus
1993 2493 2103 2557 ardeus,

285 2585 371 2657 Ὁμω-
447 2589 471 2639 8.
497 2585 584 2639 Porro
601 2583 670 2638 haec
684 2602 736 2639 vox
753 2586 788 2638 de
806 2585 984 2639 sacramentis
994 2584 1190 2654 specialissime
1202 2584 1242 2636 sic
1268 2583 1414 2651 pastoralis
1430 2583 1546 2638 baculus
1566 2584 1594 2638 in
1614 2588 1770 2654 serpentem
1779 2598 1935 2652 conversus,
1953 2580 2103 2636 exsiccatio

286 2666 374 2730 'vitia
413 2670 494 2725 dictis
526 2678 659 2741 usurpata
689 2670 783 2725 itidem
813 2670 995 2726 diversimode
1022 2688 1039 2724 a
1061 2670 1242 2740 scriptoribus
1268 2668 1351 2722 maris
1373 2668 1450 2723 rubri
1472 2676 1523 2724 etc.
1547 2670 1685 2741 quaedam
1709 2685 1774 2724 vero
1793 2674 1858 2723 sunt
1874 2669 1956 2736 signa
1977 2670 2040 2721 irae
2059 2666 2102 2722 rel

284 2729 361 2819 11111.
413 2756 620 2825 ecclesiasticis,
656 2756 814 2827 cumprimis
843 2757 879 2813 ab
909 2756 1066 2827 Augustino
1098 2756 1241 2827 accipitur,
1269 2755 1463 2810 comminantia
1485 2760 1514 2809 et
1532 2756 1757 2826 praenuntiantia
1779 2772 1882 2825 poenas
1901 2760 2016 2825 propter
2036 2770 2099 2824 pec-

285 2831 356 2870 m⁸⁰²¹
376 2830 400 2869 ¹¹¹
414 2842 579 2913 quandoque
616 2842 688 2896 enirn
718 2847 867 2913 usurpatur
895 2844 930 2898 de
959 2849 1017 2898 tota
1049 2843 1242 2897 sacramentali
1267 2847 1339 2910 cata,
1357 2849 1389 2896 ut
1400 2842 1522 2911 eclipses,
1541 2849 1671 2906 cometae,
1690 2841 1831 2896 chasmate
1848 2846 1899 2895 etc.
1920 2841 1964 2895 vel
1983 2840 2099 2911 punien-

284 2882 400 2973 qqrppgqft-
414 2929 534 2991 actione,
558 2929 593 2980 de
615 2945 646 2980 re
670 2936 781 2982 terrena
799 2937 824 2981 et
840 2922 965 3002 coelesti,
994 2933 1036 2998 (ut
1053 2932 1183 2985 Irenaeus
1204 2929 1242 2983 lo·
1268 2928 1307 2982 tia
1329 2946 1417 3000 eaque
1435 2929 1479 2984 vel
1504 2929 1671 2999 spiritualia,
1698 2935 1730 2983 ut
1748 2928 1888 2990 haereses,
1910 2933 2019 2996 sectae,
2044 2927 2099 2981 dis·

286 2984 398 3076 mptum
414 3015 507 3086 quitur
525 3013 574 3070 lib.
590 3020 615 3070 4.
640 3031 701 3085 cap.
721 3018 776 3082 34.)
796 3016 1030 3072 sacramentaliter
1049 3017 1147 3080 unitis,
1171 3033 1242 3087 quae
1267 3015 1425 3083 tractiones,
1455 3016 1500 3069 vel
1518 3015 1671 3086 corporalia
1689 3021 1720 3068 ut
1737 3014 1824 3085 isphr,
1844 3011 1946 3085 λοιμὸς,
1966 3009 2097 3084 πόλεμος,

413 3099 578 3173 significatio
598 3105 626 3155 st
642 3102 755 3172 propria
773 3108 815 3155 est
829 3102 1101 3175 etfrequentissima3
1119 3104 1242 3174 quando·
1267 3101 1355 3155 morbi
1373 3101 1547 3171 multiplices,
1565 3102 1666 3173 quibus
1684 3101 1804 3172 castigat
1822 3118 1872 3154 nos
1891 3099 1968 3155 Deus
1987 3107 2019 3156 ut
2033 3117 2096 3156 con·

413 3204 467 3260 que
489 3204 555 3242 vero
581 3189 782 3258 συνεκδοχικῶς
804 3197 911 3259 partem
936 3189 1109 3246 essentialem
1127 3189 1242 3244 alteram
1267 3195 1421 3257 vertamur3
1439 3188 1576 3259 quaedam
1593 3206 1674 3258 porro
1692 3193 1757 3242 sunt
1771 3189 1852 3257 signa
1863 3187 2099 3257 pratiaeadjecta

411 3280 503 3337 notat,
524 3274 653 3330 videlicet
671 3275 826 3345 symbolum
849 3281 990 3330 externum
1008 3276 1065 3331 sive
1082 3293 1140 3330 rem
1157 3282 1241 3331 terre·
1267 3274 1504 3344 promissionibus,
1523 3273 1553 3326 id
1572 3280 1614 3329 est
1633 3274 1765 3344 mysteria
1784 3274 1840 3328 sive
1860 3279 2048 3342 sacramenta,
2065 3279 2097 3326 ut

411 3377 484 3417 nam.
520 3362 564 3415 Ita
589 3378 698 3432 quoque
719 3378 763 3416 res
786 3361 948 3415 sacramenti
971 3361 1138 3431 quaudoque
1164 3367 1242 3418 notat
1267 3361 1419 3430 baptismus
1441 3365 1470 3413 et
1496 3375 1583 3413 coena
1604 3358 1723 3415 Domini.
1761 3359 1937 3414 Selneccerus
1962 3359 1991 3413 in
2012 3359 2098 3414 instit.

412 3446 558 3501 salutarem
589 3446 753 3501 sacramenti
780 3446 913 3510 fructum,
944 3448 1109 3517 quandoque
1135 3455 1241 3516 partem
1267 3463 1330 3517 pag.
1355 3448 1456 3503 489.11
1498 3452 1522 3500 2.
1541 3445 1659 3510 Quando
1681 3445 1711 3499 in
1737 3445 1913 3501 sacramentis
1933 3445 1968 3502 N.
1984 3444 2018 3501 Τ.
2036 3462 2099 3516 par·

413 3531 577 3586 sacramenti
596 3531 770 3587 essentialem
789 3532 912 3598 alteram,
930 3532 1060 3586 videlicet
1077 3548 1134 3585 rem
1153 3534 1242 3588 coele·
1266 3539 1322 3587 tem
1348 3532 1510 3588 sacramenti
1531 3531 1704 3586 essentialem
1723 3532 1851 3599 alteram,
1875 3537 1946 3601 puta
1965 3548 2024 3586 rem
2045 3537 2098 3586 ter·

412 3624 490 3675 stem.
526 3620 600 3676 Usus
620 3620 704 3690 hujus
720 3618 920 3674 observationis
937 3619 965 3672 in
980 3618 1148 3688 explicandis
1161 3619 1242 3675 dictis
1267 3635 1360 3673 renam
1390 3618 1447 3673 sive
1476 3624 1618 3672 externum
1648 3619 1813 3674 elementum
1843 3624 1944 3673 vocant
1979 3618 2099 3689 siguum,

411 3710 535 3759 veterum
559 3704 679 3759 occumit
703 3705 784 3776 longe
810 3705 952 3761 maximus.
989 3704 1034 3759 Sic
1055 3704 1183 3775 quoniam
1202 3707 1242 3760 di-
1268 3706 1367 3759 iterum
1391 3722 1447 3760 non
1472 3704 1632 3776 intelligunt
1650 3706 1761 3776 signum
1780 3705 1853 3761 nude
1872 3706 2043 3779 σημαντικὸν
2059 3705 2099 3759 rei

412 3796 487 3859 cunt,
505 3790 633 3861 indignos
651 3791 777 3862 accipere
792 3796 1068 3853 sacramentum‚non
1081 3796 1172 3847 autem
1185 3809 1242 3847 rem
1268 3791 1394 3846 coelestis
1419 3790 1542 3845 absentis
1570 3791 1633 3857 (hoc
1652 3791 1725 3845 enim
1744 3808 1826 3845 sensu
1843 3789 1961 3862 figuram
1980 3798 2008 3846 et
2027 3791 2099 3863 signi

413 3876 584 3945 sacramenti,
600 3892 775 3949 nequaquam
792 3877 845 3933 boc
862 3878 965 3946 volunt,
985 3877 1060 3949 quod
1078 3883 1184 3932 tantum
1198 3895 1242 3933 ex·
1269 3895 1364 3933 vocem
1381 3878 1484 3933 diserte
1501 3878 1642 3949 rejiciunt)
1655 3884 1687 3932 ut
1705 3884 1821 3949 apparet
1839 3895 1872 3932 cx
1889 3877 2099 3949 Theophylacte

413 3969 492 4019 terna
514 3964 649 4019 elementa
670 3963 841 4035 percipiant,
867 3963 916 4019 sed
936 3964 1010 4035 quod
1026 3965 1165 4035 integrum
1184 3964 1243 4036 qui-
1269 3965 1298 4019 iu
1310 3983 1333 4022 c.
1348 3970 1389 4021 to.
1402 3964 1500 4020 Matth.
1512 3972 1539 4021 et
1550 3965 1678 4021 iohanne
1690 3965 1863 4021 Damascene
1872 3964 1920 4020 lib.
1933 3972 1957 4021 4.
1971 3965 2043 4021 arth.
2053 3965 2100 4020 fid.

413 4048 475 4104 dem
493 4055 707 4119 sacramentum,
727 4051 798 4105 citra
813 4056 906 4105 tamen
924 4050 1096 4121 spiritualem
1113 4052 1243 4121 fructum,
1269 4051 1319 4107 sed
1341 4050 1537 4125 μειαδοιικὸν,
1564 4053 1728 4125 παρεκιικόν
1751 4069 1784 4107 ac
1810 4050 2041 4126 προσφερόμενον
2062 4050 2101 4105 rei

414 4136 461 4206 qui
479 4137 544 4191 solis
561 4154 625 4192 vere
644 4136 819 4192 credentibus
837 4136 969 4208 obtingit,
992 4138 1155 4209 percipiant.
1185 4139 1243 4193 Au·
1270 4139 1396 4193 coelestis
1420 4155 1485 4193 vere
1507 4140 1659 4209 praesentis
1686 4148 1714 4194 et
1739 4139 1976 4194 sacramentaliter
1999 4137 2101 4194 visibili

413 4222 540 4292 gustinus
565 4222 614 4278 lib.
634 4230 657 4279 3.
683 4229 779 4278 contra
802 4223 904 4279 Donat.
923 4241 945 4278 e.
967 4230 1010 4280 14:
1036 4227 1102 4279 Nan
1122 4226 1244 4295 interest,
1271 4226 1404 4281 elemento
1424 4226 1527 4281 unitae.
1564 4225 1680 4296 Signum
1701 4225 1772 4281 enim
1792 4225 1926 4297 estquod
1945 4226 2055 4297 signat,
2073 4230 2101 4279 et

414 4325 475 4361 aum
501 4311 537 4363 de
559 4311 729 4363 sacramenti
751 4311 911 4378 integritate
934 4319 960 4364 et
976 4312 1124 4365 sanctitate
1139 4320 1245 4366 tracta-
1270 4312 1310 4368 rei
1335 4313 1461 4383 signatae
1486 4310 1717 4378 invisibilitatem,
1747 4330 1801 4367 non
1827 4319 1919 4367 autem
1945 4312 2100 4367 absentiam

414 4402 474 4463 tur,
498 4397 684 4464 quidoredat
703 4398 899 4465 etqualifide
917 4398 1037 4453 imbutus
1055 4399 1170 4469 sititis,
1197 4403 1246 4469 qui
1269 4398 1474 4469 praesupponit.
1516 4397 1674 4453 Definiente
1700 4398 1856 4469 Augustino
1877 4397 1925 4453 lib.
1949 4404 1973 4454 2.
1995 4399 2032 4454 de
2055 4399 2101 4453 do·

414 4481 518 4551 accipit
533 4490 749 4551 sacramentum,
778 4484 891 4537 intereat
909 4484 1020 4551 quidem
1032 4484 1188 4553 plurimum
1205 4488 1246 4540 ad
1271 4487 1360 4542 ctrina
1371 4486 1472 4553 christ.
1491 4502 1515 4542 c.
1535 4492 1565 4540 1:
1586 4485 1703 4554 Signum
1723 4496 1763 4540 eat
1782 4504 1827 4540 res
1841 4495 1958 4554 praeter
1974 4487 2101 4555 speciem,

414 4568 514 4621 salutis
537 4570 624 4639 uiam,
648 4570 702 4622 aad
719 4570 761 4623 ad
779 4570 950 4623 sacramenti
969 4572 1157 4640 quaestionem
1173 4574 1244 4628 ιιι-’111
1272 4592 1354 4643 quam
1372 4573 1473 4642 ingerit
1493 4572 1626 4641 seass'hus,
1644 4574 1758 4642 aliquid
1769 4574 1852 4626 aliud
1866 4574 1895 4625 in
1907 4572 2101 4640 coadunarem

414 4655 537 4710 interea.
1272 4678 1303 4713 aa
1321 4676 1350 4713 se
1367 4659 1461 4712 uenire
1478 4659 1596 4722 faciens.
1632 4658 1699 4712 Luc.
1720 4666 1743 4724 2,
1761 4679 1786 4714 v.
1807 4665 1844 4715 12.
1880 4660 1965 4730 panni
1982 4665 2011 4714 et
2025 4677 2101 4731 prae·

451 4747 476 4798 9.
507 4740 746 4796 Sacramentomm
779 4742 889 4813 proprie
921 4741 960 4796 sie
988 4743 1125 4798 dictomm
1152 4745 1246 4802 variae
1272 4762 1338 4817 sepe
1356 4745 1485 4799 dicuntur
1502 4745 1595 4814 signa,
1615 4763 1677 4800 cum
1696 4752 1787 4802 tamen
1807 4764 1862 4800 non
1880 4747 1968 4801 solum
1985 4747 2101 4817 pastori-

416 4834 564 4883 occurrunt
581 4827 788 4898 appellationes,
809 4829 1006 4900 descriptiones
1023 4831 1246 4902 acvperiphrases
1272 4832 1324 4887 bus
1349 4832 1542 4903 promissiones
1564 4831 1599 4885 de
1620 4831 1722 4887 Massia
1745 4833 1774 4887 in
1796 4838 1915 4887 mentem
1932 4839 2101 4902 revocarent,

415 4914 444 4968 in
467 4915 576 4985 scriptis
599 4921 730 4972 veterum.
765 4914 996 4988 Vulgatissimum
1021 4922 1063 4970 est
1080 4917 1154 4988 apud
1172 4919 1246 4990 ipsos
1271 4919 1316 4975 vel
1333 4920 1498 4973 salvatorem
1515 4925 1610 4972 natum
1630 4937 1690 4975 esse
1708 4920 1898 4974 tautummodo
1916 4919 2102 4991 designarent,

417 5009 589 5057 sacramenta
605 5016 703 5056 vocare
715 5002 803 5073 signa.
832 5001 1006 5073 Augustinus
1026 5002 1072 5058 lib.
1089 5009 1128 5060 to.
1148 5005 1181 5059 de
1194 5006 1246 5063 civ.
1272 5012 1303 5059 ut
1324 5004 1489 5058 miraculosa
1511 5003 1558 5057 illa
1582 5004 1662 5060 stella
1686 5006 1775 5076 magis
1794 5006 1821 5059 in
1841 5006 1946 5060 oriente
1964 5024 2101 5078 apparens

418 5087 471 5143 Dei
490 5104 514 5145 c.
532 5094 560 5143 5:
581 5087 793 5141 Sacramentum
810 5096 851 5142 cst
869 5106 968 5142 sacrae
985 5089 1147 5159 reicipnum
1162 5092 1248 5161 (quod
1272 5091 1370 5147 Matth.
1391 5097 1420 5158 2,
1445 5108 1470 5144 v.
1490 5094 1520 5158 93
1556 5090 1606 5144 sed
1630 5091 1783 5147 involutum
1808 5108 1841 5145 ae
1865 5100 2038 5163 praesentem
2058 5112 2102 5148 co·

417 5174 518 5245 repetit
530 5173 682 5229 Bernhard.
701 5190 780 5229 serm.
797 5175 832 5228 de
844 5191 929 5229 coena
940 5174 1053 5229 Domini
1065 5182 1094 5230 ct
1105 5178 1247 5248 compend.
1272 5177 1362 5231 minus
1385 5175 1555 5232 exhiberent.
1590 5178 1664 5231 Arca
1683 5178 1867 5248 propitiatorii
1887 5180 2042 5234 testabatur
2068 5180 2102 5234 de

416 5260 501 5315 theol
520 5261 599 5316 verit.
618 5259 666 5315 lib.
681 5265 705 5314 6.
724 5277 748 5315 c.
769 5263 813 5327 2.).
848 5260 928 5314 Idem
940 5261 1115 5332 Augssstinus
1127 5261 1208 5333 epis't.
1223 5271 1246 5320 5.
1271 5264 1394 5337 gratiosa
1411 5263 1465 5317 Dei
1483 5264 1652 5333 praesentim
1670 5266 1798 5320 columba
1809 5266 1993 5337 significabat,
2005 5268 2102 5322 adesse

418 5347 455 5402 ad
473 5346 596 5403 Marcell.
615 5345 742 5401 instituta
761 5364 778 5399 a
796 5349 859 5401 Dea
878 5364 971 5401 rarum
989 5349 1149 5403 divinarum
1165 5351 1248 5418 signa
1272 5350 1404 5422 Spiritum
1423 5356 1561 5412 sanctum
1585 5351 1632 5422 qui
1656 5352 1709 5406 sub
1728 5352 1778 5406 illa
1799 5353 1890 5421 specie
1908 5360 2022 5408 externa
2039 5371 2102 5409 vere

385 5502 389 5508 ι
416 5433 533 5487 humani
555 5432 661 5502 eloquii
678 5433 776 5502 inopia
795 5441 820 5485 et
829 5434 980 5501 facilioris
997 5436 1141 5489 doctrinae
1159 5455 1247 5492 causa
1273 5437 1383 5506 aderat;
1406 5436 1434 5491 1ιι
1459 5436 1550 5491 medio
1567 5437 1628 5491 rubi
1648 5437 1770 5492 ardentis
1788 5438 1954 5506 loquebatur
1970 5458 2101 5509 praesens
2141 5428 2143 5430 ¹

415 5522 551 5574 ueteribus
563 5520 696 5590 patribus
714 5521 791 5573 dicta
808 5527 871 5573 eunt
884 5528 1067 5574 sacramenta.
1103 5520 1152 5578 lib.
1170 5528 1194 5579 2.
1213 5520 1362 5591 delDeus3
1391 5522 1420 5576 in
1449 5522 1577 5578 columna
1596 5523 1678 5578 nubis
1702 5531 1729 5578 et
1751 5524 1823 5595 ignis
1847 5526 1944 5581 aderat
1968 5526 2101 5582 Israelitis

417 5605 503 5662 doctr.
521 5605 622 5663 Christ.
641 5623 665 5663 c.
687 5612 714 5661 1:
736 5606 948 5659 Sacramentum
960 5614 1001 5659 est
1015 5607 1165 5662 invertitis
1180 5627 1247 5677 pra·
1272 5609 1326 5664 Dei
1351 5609 1453 5678 Filius,
1479 5608 1518 5663 sic
1546 5616 1575 5663 et
1601 5617 1776 5664 sacramenta
1804 5628 1859 5665 non
1887 5620 1952 5667 sunt
1978 5613 2101 5670 absentis

1272 5695 1373 5751 Christi
1396 5693 1566 5766 significata,
1591 5696 1642 5750 sed
1665 5698 1818 5765 praesentis
1839 5698 1997 5757 exhibitiva.
2040 5701 2102 5754 Ubi-

417 5780 684 5847 16111.ᾰὶ11111.
711 5778 758 5835 lib.
779 5777 1056 5836 documentum.
1076 5786 1123 5836 to:
1143 5782 1247 5836 Sacra-
1272 5798 1377 5851 cunque
1387 5798 1594 5849 corseecravero,
1613 5781 1719 5855 witi,
1735 5786 1894 5838 mensorium
1912 5788 2102 5852 nominismei,

285 5875 509 5927 mulmento
538 5874 602 5922 aunt
629 5868 754 5945 stabilia
779 5884 872 5922 rasum
901 5866 1062 5923 diuinarum
1089 5869 1245 5937 sipuncula.
1271 5870 1312 5924 111
1336 5869 1446 5924 maiam
1472 5869 1521 5935 ad¹
1538 5876 1565 5922 te
1591 5876 1618 5922 at
1641 5867 1802 5925 henedimm
1820 5872 1883 5939 tibi,
1907 5873 1947 5927 ait
1966 5872 2104 5930 Dominus

1774 5948 1778 5973 l
