4800 6659
737 477 741 483 -
782 424 1565 502 nacmouucrsroanmaoaorascnsm.
1966 443 2042 513 Ὧι,

372 601 397 653 3.
431 595 475 651 Er
494 597 595 670 quibus
613 597 740 655 omnibus
758 597 930 672 colligimus,
951 598 1064 654 differre
1079 614 1168 653 sacra·
1197 603 1251 649 tur.
1275 595 1379 653 ”ibid
1391 614 1419 669 p.
1434 601 1496 654 129:
1516 596 1643 665 Constat,
1662 599 1741 667 quod
1753 615 1810 653 non
1823 600 2034 655 columnullnm

337 680 428 738 menta
452 682 487 740 V.
504 682 537 738 T.
564 702 582 741 a
606 684 785 741 sacramentis
809 685 843 742 N.
860 685 895 742 T.
919 686 1024 739 lumin
1041 685 1169 752 macria,
1196 680 1271 734 inter
1282 681 1387 738 VctN.
1400 684 1431 737 T.
1439 691 1618 739 sacramanta
1626 684 1778 739 tantm
1786 692 1936 752 statuatur,
1946 705 2033 757 quan·

337 779 390 823 tum
412 771 443 822 in
467 771 571 831 forma.
612 771 730 826 Materia
754 771 813 826 sive
832 772 974 842 objectum
990 777 1033 826 est
1049 788 1096 824 res
1115 778 1169 823 ter.
1195 773 1254 819 tum
1272 768 1370 822 attinet
1381 771 1423 823 ad
1434 787 1479 823 res
1490 771 1578 839 ipsas,
1594 772 1647 825 sed
1656 788 1707 824 nec
1720 774 1817 840 quoad
1825 775 1938 827 modurn
1947 791 2034 843 prac-

336 873 404 908 rcna
433 862 459 909 ct
485 858 628 926 coelestia·
664 857 752 912 forma
782 866 822 911 cst
849 859 922 912 actio
946 856 1168 911 sacramentalis.
1195 854 1658 924 sentiaectconjunctionisrcrum
1672 874 1734 910 cum
1747 858 1845 927 siqnia
1866 858 1942 913 Beza
1950 858 1979 913 in
1988 877 2034 931 qq.

336 942 389 997 Res
418 948 531 996 terrena
559 943 588 996 iu
613 942 821 998 circumcisione
848 947 891 997 est
918 943 1111 1013 praeputium3
1141 941 1170 994 in
1196 944 1225 993 et
1243 956 1316 1011 resp.
1328 948 1398 1011 part.
1413 948 1437 998 2.
1452 960 1479 1013 p.
1493 948 1541 999 at:
1564 945 1685 997 Tantum
1698 944 1825 1011 siqnisst
1838 945 2035 1015 oerbiperspi·
2135 1009 2137 1012 ¹

336 1027 467 1098 paschate
485 1034 527 1083 est
546 1045 611 1083 caro
632 1034 660 1083 et
681 1028 795 1101 sanguis
815 1029 881 1100 sgni
898 1028 1053 1099 paschalis;
1073 1027 1102 1081 in
1120 1027 1170 1082 ba·
1196 1026 1299 1081 matuta
1317 1037 1416 1082 nostra
1435 1048 1454 1082 a
1465 1031 1602 1085 erneretur
1615 1032 1731 1100 differre
1743 1030 1790 1101 ait,
1802 1049 1858 1085 non
1869 1049 1900 1085 re
1914 1033 2035 1101 interna,

336 1113 437 1181 ptismo
453 1119 495 1167 est
514 1130 603 1185 aqua;
624 1114 654 1168 in
670 1130 757 1170 coena
770 1114 916 1169 Dominica
933 1114 1014 1185 panis
1026 1119 1055 1169 et
1067 1114 1171 1183 vinum,
1196 1114 1446 1170 aoninstrnmento
1456 1117 1667 1187 applicationis,
1677 1136 1733 1171 non
1742 1119 2036 1189 finensqueeffsctu.“

336 1215 406 1268 quae
433 1201 526 1254 omnia
550 1218 605 1255 nou
632 1217 692 1255 esse
717 1202 827 1268 eadem,
852 1200 901 1260 sed
921 1200 1045 1265 diversa,
1064 1200 1171 1271 liquido
1196 1198 1316 1255 Ursinus
1335 1200 1364 1256 in
1381 1203 1511 1274 explicat.
1530 1211 1583 1259 cat.
1597 1222 1625 1275 p.
1640 1209 1705 1259 tao:
1723 1205 1900 1259 Idololatria
1916 1213 1959 1259 cst
1976 1224 2033 1259 non

336 1285 522 1355 conspicuum.
560 1285 615 1340 Res
641 1287 779 1352 coelestis,
808 1303 908 1356 nempe
933 1285 1060 1340 Christus
1087 1286 1170 1340 θεάν·
1196 1287 1287 1339 solum
1304 1306 1441 1357 quaerere
1457 1291 1546 1344 aliam
1561 1291 1670 1346 Christi
1682 1297 1840 1361 κοινωνίαν,
1858 1308 1942 1359 psam
1955 1292 2035 1345 sitin

337 1378 464 1443 tpnrror,
494 1373 523 1426 in
542 1373 577 1429 V.
599 1374 631 1429 T.
650 1374 829 1428 sacramentis
848 1371 1059 1444 significabatur
1076 1377 1105 1427 et
1122 1373 1169 1427 ad·
1195 1373 1288 1441 verbo,
1298 1375 1442 1429 sedetiam
1451 1377 1540 1431 aliam
1548 1375 1657 1431 Cbristi
1661 1377 1844 1432 sacramenia
1851 1378 1889 1433 N.
1896 1380 1929 1434 T.
1936 1394 2034 1433 sacra·

336 1458 518 1512 umbrabatur
536 1476 586 1528 per
605 1465 688 1530 typos
708 1466 737 1513 et
755 1458 859 1530 figuras
877 1458 1091 1514 sacramentales
1109 1464 1170 1513 tan·
1196 1460 1297 1512 mentis
1309 1477 1453 1530 qrracrere,
1466 1480 1550 1531 qaam
1562 1480 1633 1532 qtae
1646 1463 1705 1527 fuit
1714 1464 1744 1517 in
1756 1465 1788 1521 V.
1799 1464 1831 1520 T.
1840 1464 2032 1519 sacramentis.

338 1560 418 1615 quam
446 1544 616 1601 exhibendus
642 1546 671 1600 in
692 1545 865 1616 plenitudine
890 1544 1038 1615 temporis,
1068 1545 1117 1599 sed
1142 1544 1170 1598 in
1195 1563 1223 1615 p.
1243 1551 1308 1601 taes
1329 1547 1446 1615 Oportet
1461 1549 1592 1603 unionem
1610 1549 1843 1604 sacramentalem
1861 1551 1947 1604 talem
1966 1567 2033 1614 csse.

338 1632 514 1686 sacramentis
536 1633 569 1689 N.
595 1633 627 1687 T.
653 1649 785 1703 praesens
811 1631 956 1688 exhibetur
976 1637 1005 1687 et
1025 1632 1108 1685 datm
1121 1647 1172 1701 per
1197 1648 1270 1699 quae
1295 1634 1423 1687 omnibus
1448 1636 1631 1689 samamontis
1661 1637 1821 1704 conveniat,
1845 1637 1956 1706 alioqui
1978 1654 2034 1691 non

337 1716 463 1787 symbola
486 1719 698 1775 sacramentalia
721 1725 855 1789 tanquam
879 1716 971 1773 media
991 1717 1049 1772 sive
1066 1733 1172 1789 organa
1197 1724 1267 1771 esset
1284 1719 1351 1771 unio
1369 1722 1592 1786 sacramentalis,
1610 1722 1663 1775 sed
1677 1722 1802 1776 coenatis
1822 1721 1866 1775 ost
1882 1723 2034 1791 baptisma·

339 1803 495 1858 exhibitiva.
518 1804 602 1859 Patet
620 1804 672 1859 hoc
692 1821 748 1858 non
766 1805 856 1858 solum
876 1820 909 1857 ex
926 1804 1063 1874 cujusque
1080 1818 1170 1857 sacra·
1195 1803 1243 1859 lis.
1279 1804 1509 1862 Fundamentalis
1532 1808 1661 1863 doctrina
1683 1807 1719 1862 de
1744 1824 1832 1864 coena
1855 1807 2034 1880 Heidelberg.

339 1890 421 1943 menti
441 1889 626 1959 institutione,
644 1891 692 1945 sed
711 1890 795 1946 etiam
815 1906 847 1944 ex
866 1890 976 1959 reipsa,
996 1889 1063 1960 quia
1081 1887 1117 1945 V.
1136 1889 1170 1944 T.
1198 1888 1292 1946 Germ.
1325 1890 1401 1945 edita
1428 1909 1457 1962 p.
1487 1899 1536 1949 lb:
1566 1892 1730 1948 [annalia
1761 1895 1929 1962 spiritualia
1949 1896 2034 1958 donc,

338 1975 390 2029 fuit
406 1981 517 2046 tempus
536 1976 710 2046 umbrarum,
735 1975 831 2031 sedin
851 1975 886 2031 N.
904 1975 937 2029 T.
956 1974 1063 2047 figurae
1082 1974 1119 2031 V.
1137 1974 1171 2030 T.
1197 1992 1269 2044 quae
1287 1976 1444 2029 visibilibus
1462 1978 1660 2047 siqnificantur
1681 1986 1707 2031 et
1727 1979 1921 2049 obsiqnantur,
1938 1981 2035 2033 cadens

338 2062 566 2132 complementum
589 2068 617 2118 et
642 2062 839 2132 perfectionem
858 2079 936 2116 susm
953 2061 982 2115 in
1000 2060 1110 2116 Christo
1128 2076 1172 2114 ex·
1196 2068 1261 2113 sunt
1279 2061 1310 2115 in
1327 2063 1453 2117 omnibus
1469 2065 1661 2119 sacramentis.
1691 2064 1814 2121 Admon.
1830 2065 1927 2123 Neost.
1940 2070 2036 2121 contra

338 2146 424 2203 hibita
442 2153 508 2202 sunt
527 2148 659 2218 adeptae,
686 2148 742 2202 illis
759 2148 846 2220 igitur
864 2166 920 2203 non
938 2145 1055 2216 amplius
1073 2149 1116 2198 est
1133 2144 1171 2199 lo·
1196 2147 1290 2203 Form.
1310 2145 1394 2205 Couc.
1412 2155 1498 2219 pit:
1518 2145 1627 2219 Liquet,
1645 2151 1741 2204 omnia
1758 2160 1939 2206 samamsnta
1956 2170 2034 2207 mon·

339 2251 395 2290 cus.
434 2233 529 2305 Atque
553 2233 696 2287 immotum
715 2240 758 2289 est
775 2234 844 2289 illud
864 2238 1074 2306 argumentum:
1093 2228 1122 2284 Si
1142 2228 1171 2282 in
1197 2241 1290 2288 strare
1312 2242 1338 2288 ct
1357 2235 1524 2303 promittere
1545 2236 1761 2291 communionem
1784 2236 1890 2291 Christi
1913 2247 1940 2292 et
1959 2239 2036 2292 bme·

339 2337 416 2375 sacra
445 2336 531 2375 coena
557 2321 749 2375 tantummodo
776 2319 895 2392 figuram
920 2320 963 2375 sui
993 2316 1115 2387 corporis
1145 2320 1174 2369 et
1194 2321 1325 2388 ficiorum
1349 2321 1411 2389 ejus
1432 2339 1518 2374 unam
1546 2329 1572 2374 ct
1594 2324 1719 2375 eandem.
1758 2320 1891 2378 Bucanus
1915 2322 1966 2379 loc.
1992 2330 2034 2380 16.

340 2405 481 2482 sanguinis
505 2405 631 2460 Christus
660 2406 805 2461 instituere
826 2405 972 2475 voluisset,
997 2417 1172 2475 nequaquam
1197 2423 1226 2475 p.
1245 2411 1310 2461 603:
1335 2406 1521 2461 Sacramenta
1549 2407 1632 2479 Vct
1650 2409 1696 2461 N.
1710 2408 1741 2460 T.
1761 2409 1913 2478 differunt:
1941 2412 1966 2461 1.
1983 2410 2035 2462 ad·

340 2493 502 2564 abrogasset
527 2510 630 2563 agnum
647 2492 820 2563 paschalem,
845 2491 950 2563 quippe
967 2491 1048 2561 cujus
1070 2492 1173 2541 macta·
1196 2493 1303 2560 junctis
1320 2495 1441 2546 aeternis
1459 2500 1484 2546 et
1504 2493 1637 2562 temporis
1653 2494 1879 2562 circumtantia,
1897 2494 2035 2548 nomilia

340 2579 385 2649 tio,
403 2580 505 2633 assatio
524 2585 551 2634 et
565 2581 763 2654 αἱματννχεσία
775 2579 859 2650 longe
871 2578 981 2641 elarius,
1000 2572 1172 2630 manifestim
1196 2580 1281 2652 μέχρι
1294 2582 1399 2651 καιρῶν
1416 2577 1606 2649 διορθώσεως,
1625 2596 1711 2648 usquc
1730 2582 1771 2633 ad
1783 2588 1891 2649 tempus
1903 2579 2035 2635 directio·

341 2670 367 2720 et
384 2664 539 2720 evidentius
560 2664 735 2736 significabat
748 2663 851 2719 Christi
869 2663 1036 2734 passionem,
1056 2665 1173 2714 mortem
1197 2665 1257 2732 nis,
1292 2664 1362 2719 laec
1390 2682 1455 2720 nero
1485 2667 1527 2718 ud
1551 2666 1638 2735 finem
1667 2666 1757 2719 sauli
1790 2667 1897 2721 durare
1929 2666 2034 2721 debent.

341 2755 368 2805 et
385 2750 529 2822 sanguinis
547 2750 718 2815 effusionem,
736 2766 820 2822 quam
838 2750 918 2819 panis
935 2755 964 2803 et
979 2748 1081 2803 vinum.
1118 2744 1173 2799 De·
1198 2753 1225 2803 2.
1244 2751 1436 2820 Siqnificandi
1458 2753 1542 2806 modo
1568 2769 1618 2805 scu
1642 2752 1802 2807 conditione
1809 2775 1818 2816 ,-
1843 2759 1939 2805 cetera
1963 2753 2036 2807 enim

339 2836 421 2907 nique
447 2835 536 2892 forma
563 2837 620 2891 sive
652 2837 724 2891 actio
755 2834 964 2891 sacramentalis
993 2834 1050 2888 alia
1077 2837 1120 2886 est
1143 2832 1173 2884 in
1194 2838 1434 2906 praenuntiarunt
1460 2836 1604 2891 ebriatum
1627 2845 1762 2906 tanquam
1785 2846 1942 2901 venturum,
1963 2855 2036 2891 noca

340 2922 463 2992 quolibet
488 2929 669 2978 sacramento.
711 2921 933 2977 circumcisionis
949 2920 1039 2974 forma
1056 2923 1099 2972 est
1115 2933 1172 2971 am·
1198 2925 1316 2977 eundem
1340 2931 1475 2993 tanquam
1501 2924 1651 2978 antibarim
1669 2924 1827 2979 declarant.
1861 2928 1889 2978 3.
1908 2922 2035 2978 Diversi-

338 3008 446 3078 putatio
469 3008 608 3079 praeputii
632 3010 716 3078 juxta
739 3008 793 3063 Dei
816 3007 994 3075 mandatum3
1034 3002 1173 3075 paschalis
1199 3017 1257 3063 tate
1282 3027 1331 3064 scu
1353 3010 1492 3079 qualitate
1514 3009 1674 3077 aiqnorum,
1705 3027 1755 3064 seu
1775 3011 1865 3079 siqnis
1886 3017 1912 3064 ot
1935 3010 2035 3064 ritibus

338 3093 427 3148 forma
456 3098 499 3149 est
526 3095 593 3166 agni
623 3094 763 3166 paschalis
790 3093 873 3149 certis
897 3091 997 3146 ritibus
1023 3090 1173 3161 segregati,
1199 3095 1313 3148 multum
1330 3096 1459 3151 disesia
1495 3099 1518 3149 1.
1536 3096 1662 3150 Numero
1681 3096 1876 3165 siqnilicandi,
1895 3112 2035 3164 mensura,

339 3179 451 3235 mactati
472 3187 499 3235 et
516 3181 601 3234 assati
622 3179 798 3234 manducatio
816 3195 849 3233 ac
868 3177 1011 3249 sanguinis
1030 3176 1059 3230 in
1077 3193 1172 3247 supcr-
1198 3181 1299 3235 oirtrcc
1324 3188 1351 3234 et
1376 3181 1519 3245 facilitate
1545 3187 1610 3248 etc,
1637 3183 1690 3234 scd
1714 3180 1825 3251 (inquit)
1850 3182 1919 3235 lace
1943 3189 2035 3236 tamen

338 3264 458 3320 liminari
482 3272 511 3321 et
532 3266 660 3337 postibus
676 3264 763 3321 illitio.
800 3263 937 3334 Baptismi
955 3263 1045 3318 forma
1063 3267 1105 3317 ost
1121 3261 1172 3317 ho·
1198 3285 1255 3321 non
1272 3267 1408 3336 efficiunt,
1426 3284 1481 3336 quo
1499 3266 1591 3320 minus
1608 3273 1787 3321 samamenta
1804 3272 1903 3320 nostra
1920 3274 1947 3320 et
1965 3273 2034 3320 ncte-

239 3361 294 3413 1x.
306 3370 326 3414 a
339 3352 418 3407 minis
442 3352 560 3422 ablutio,
584 3353 637 3410 hoc
660 3360 702 3410 est
722 3353 844 3423 aspersio
864 3367 954 3422 aquae
972 3350 1016 3404 vel
1036 3349 1173 3405 immersio
1197 3371 1270 3422 rum,
1288 3356 1384 3422 quoad
1400 3354 1583 3407 substantiam
1601 3353 1709 3417 quinat,
1724 3352 1781 3405 sint
1798 3353 1904 3410 eadem

338 3438 366 3490 iu
389 3455 491 3509 aquam
515 3441 592 3494 facta
612 3441 641 3493 in
659 3439 769 3494 nomine
787 3438 896 3505 Patris,
921 3435 985 3489 Filii
1005 3441 1033 3490 et
1053 3434 1172 3505 Spiritus
1235 3445 1260 3494 5.
1295 3437 1357 3492 Hac
1376 3439 1411 3493 de
1428 3456 1459 3493 re
1475 3445 1507 3493 ut
1524 3438 1626 3494 rectius
1641 3437 1702 3492 fieri
1719 3437 1806 3508 possit
1821 3437 1967 3509 judicium,
1985 3434 2033 3492 ob·
2047 3444 2105 3496 0⁸¹⁶
2120 3446 2149 3486 d·

338 3525 442 3594 sanoti;
479 3542 581 3581 coenae
612 3524 775 3580 Dominicae
809 3523 898 3578 forma
926 3527 968 3575 est
995 3520 1173 3575 manducatio
1198 3524 1336 3579 servanda
1353 3531 1419 3579 sunt
1438 3524 1590 3596 sequentia
1629 3530 1651 3581 1.
1672 3523 1837 3594 Opinionem
1854 3523 1938 3592 illam,
1958 3503 2161 3595 φιοᾶῖζῷῗᾷω,

338 3610 460 3679 corporis
480 3610 582 3665 Christi
606 3628 670 3665 cum
691 3600 771 3680 pane'
782 3608 928 3664 benedicto
947 3614 975 3661 et
994 3605 1094 3660 bibitio
1111 3622 1172 3659 san-
1198 3617 1374 3666 sacramenta
1394 3611 1429 3667 V.
1448 3616 1476 3665 et
1493 3610 1529 3668 N.
1547 3610 1581 3665 T.
1603 3611 1659 3666 sint
1676 3610 1773 3666 cadem
1794 3609 1887 3680 quoad
1904 3607 2033 3662 substan·

338 3697 429 3769 guinis
449 3696 549 3751 Christi
569 3714 630 3750 cum
648 3696 713 3749 vino
731 3694 885 3751 benedicto.
917 3692 1079 3763 Praecipuis
1096 3692 1173 3746 hisce
1198 3697 1280 3760 tiam,
1311 3697 1364 3752 niti
1394 3697 1502 3753 duabus
1531 3697 1587 3752 illis
1612 3695 1828 3769 hypothesibus,
1853 3693 1941 3765 primo
1959 3691 2034 3765 quod

338 3783 556 3839 differentiarum
584 3781 722 3853 capitibus
749 3786 866 3851 possunt
887 3778 942 3833 alia
966 3778 1103 3850 quaedam
1131 3794 1172 3832 se·
1198 3800 1284 3837 unum
1319 3788 1428 3838 tantum
1465 3784 1558 3854 quoad
1588 3783 1773 3839 substantiam
1804 3782 1841 3837 sit
1869 3780 1968 3836 foedus
2001 3796 2035 3834 ac

337 3869 472 3923 cundaria
489 3868 562 3936 addi,
581 3874 678 3938 utpote
698 3867 773 3938 quod
793 3873 966 3921 sacramenta
981 3865 1018 3922 V.
1035 3864 1069 3922 T.
1088 3865 1172 3934 pcrti-
1198 3873 1408 3934 testameutum,
1429 3886 1484 3923 non
1502 3875 1596 3925 autem
1615 3869 1671 3924 duo
1690 3868 1808 3934 diversa,
1823 3884 1889 3923 cum
1905 3867 1942 3922 sit
1960 3883 2031 3921 uuus

338 3955 450 4009 tuerint
467 3959 575 4009 tautum
594 3954 630 4007 ad
650 3953 785 4024 populum
805 3952 997 4016 Israiliticum
1016 3951 1066 4005 sed
1085 3952 1120 4009 N.
1137 3950 1171 4007 T.
1196 3955 1428 4010 reconciliationis
1451 3956 1562 4026 modus,
1591 3973 1648 4011 una
1670 3955 1738 4011 fides
1756 3960 1842 4025 atque
1859 3972 1917 4008 una
1934 3951 2033 4008 ematis

338 4046 513 4097 sacramenta
536 4040 572 4094 ad
599 4038 744 4096 ecclesiam
772 4054 805 4092 ex
835 4038 951 4093 ludaeis
983 4043 1012 4091 et
1040 4036 1172 4108 gentibus
1197 4040 1243 4094 vie
1261 4040 1389 4096 omnibus
1407 4041 1503 4095 mundi
1514 4041 1699 4112 temporibus3
1718 4040 1849 4096 constitui
1867 4046 1959 4095 autem
1978 4038 2034 4094 duo

339 4128 496 4197 collectsm3
515 4126 590 4198 quod
609 4126 658 4179 ille
678 4126 778 4179 durare
796 4123 943 4178 debuerint
960 4123 996 4177 ad
1011 4123 1114 4177 Christi
1127 4140 1171 4177 us·
1199 4126 1313 4182 foedera
1330 4132 1445 4198 propter
1467 4134 1594 4184 externas
1617 4126 1753 4198 quasdam
1772 4144 1805 4181 ac
1824 4125 1914 4180 minus
1933 4124 2035 4195 princi-

340 4231 393 4286 que
416 4213 567 4268 adventum
591 4219 620 4267 et
640 4212 839 4281 ministerium
864 4211 934 4265 haee
952 4227 1017 4265 vero
1034 4210 1070 4264 ad
1089 4210 1171 4265 tinem
1198 4213 1277 4283 pales
1304 4212 1539 4282 circumstantias,
1567 4227 1638 4284 quae
1671 4213 1700 4267 in
1724 4218 1841 4284 utroque
1870 4215 2035 4267 manento

338 4318 426 4372 usque
452 4300 564 4364 mundi,
607 4305 627 4354 1.
653 4298 715 4355 Cor.
747 4305 795 4369 tl,
821 4315 846 4353 v.
871 4303 920 4353 26:
953 4296 1172 4365 Quotiescunque
1199 4298 1254 4353 sint
1283 4298 1421 4369 diversae3
1450 4300 1485 4354 de
1511 4314 1568 4370 qua
1592 4297 1740 4370 hypothesi
1762 4298 1831 4370 quid
1856 4297 2035 4354 statuendum

338 4387 545 4441 manducabitis
563 4403 669 4456 panem
695 4386 767 4440 luno
792 4393 818 4439 ct
836 4383 953 4438 calicem
971 4383 1082 4447 bibetis,
1100 4401 1173 4437 mor·
1198 4384 1243 4451 sit,
1259 4384 1316 4439 late
1332 4384 1505 4440 ostendimus
1525 4384 1554 4438 in
1571 4389 1692 4440 tractmu
1711 4383 1746 4440 de
1765 4384 1910 4456 cvangelio
1928 4380 1955 4459 ξ
1977 4389 2034 4440 119.

338 4480 392 4527 tcrn
411 4474 531 4528 Domini
546 4473 757 4537 annuntiabitis,
779 4473 868 4525 donec
885 4471 994 4539 ocniat;
1012 4470 1087 4540 quod
1104 4469 1173 4524 haec
1198 4476 1227 4526 et
1247 4487 1323 4543 seqq.
1352 4472 1453 4527 deinde
1474 4470 1548 4542 quod
1571 4470 1660 4526 forma
1686 4477 1920 4527 sacramentorum
1941 4470 1975 4527 N.
1999 4468 2034 4525 T.

339 4559 395 4613 sint
423 4560 523 4613 uirtute
553 4560 681 4628 rnaJ'ora,
711 4556 834 4610 utilitate
857 4556 991 4622 meliora,
1016 4563 1081 4609 actu
1098 4558 1173 4623 faoi·
1200 4575 1256 4613 non
1286 4559 1379 4613 minus
1406 4557 1540 4613 consistat
1569 4559 1598 4612 in
1629 4557 1759 4629 analogia
1788 4557 1973 4629 significativa
2001 4571 2034 4610 ac
2048 4572 2084 4613 ιι.
2097 4570 2117 4612 t.

340 4642 416 4700 liora
442 4650 493 4700 etc.
539 4644 715 4717 Augustinus
738 4650 763 4701 3.
792 4644 827 4697 de
857 4643 944 4699 doctr.
977 4641 1077 4697 Christ.
1101 4659 1124 4697 c.
1148 4650 1173 4700 9.
1200 4648 1292 4715 σχέσει
1317 4644 1439 4715 quadam
1458 4643 1624 4715 figurativa,
1642 4660 1730 4716 quam,
1744 4644 1833 4699 forma
1850 4646 2035 4699 sacramento·
2110 4687 2116 4693 .

339 4731 387 4787 lib.
416 4737 455 4787 19.
481 4737 578 4786 contra
602 4730 697 4784 Faust.
722 4746 746 4786 c.
775 4735 814 4785 13.
854 4728 910 4783 Sed
938 4725 991 4783 hae
1017 4734 1045 4783 et
1072 4728 1174 4784 similes
1199 4749 1262 4785 rum
1279 4729 1315 4787 V.
1333 4730 1367 4784 T.
1384 4730 1419 4785 de
1435 4746 1493 4802 qua
1509 4728 1658 4800 hypothesi
1675 4729 1772 4785 itidem
1790 4729 1897 4802 egimus
1908 4726 2035 4799 superius

340 4817 514 4873 differentiae
533 4822 598 4871 sunt
615 4815 796 4871 secundariae
815 4830 848 4869 ac
861 4814 991 4869 momenti
1009 4814 1130 4871 minoris.
1200 4813 1229 4891 ξ.
1249 4821 1289 4871 18.
1325 4815 1396 4871 Cum
1421 4832 1489 4888 crgo
1507 4815 1580 4869 duae
1597 4815 1661 4870 illae
1680 4815 1856 4887 hypotheses,
1875 4814 1975 4886 quihus
1989 4830 2035 4869 ve·

218 4896 326 4957 *alvento
374 4910 400 4960 1.
427 4902 482 4968 Qui
502 4902 648 4958 Calvinum
662 4907 828 4973 sequuntur,
847 4905 982 4968 statuunt,
1000 4906 1175 4956 sacramenta
1200 4903 1243 4957 lut
1262 4902 1389 4957 cruribus
1414 4900 1541 4956 doctrina
1563 4900 1599 4957 de
1619 4901 1760 4957 essentiali
1777 4899 1924 4955 identitate
1945 4913 2034 4954 sacra·

218 4962 292 5009 lorum

218 5116 284 5162 'Mla

218 5167 286 5213 ΜΓ..

218 5216 300 5313 ἓν·

218 5014 329 5111 puppa„
341 4987 377 5045 V.
395 4996 423 5045 et
440 4989 475 5046 N.
495 4988 529 5044 T.
548 5003 608 5043 csse
626 4988 723 5045 eadem
742 4986 834 5059 quoad
854 4986 1046 5056 substantiam,
1064 4987 1175 5043 differre
1201 4982 1357 5043 mentomm
1374 4986 1519 5058 utriusque
1539 4987 1696 5043 testamenti
1714 4987 1848 5050 innititur,
1866 4985 1953 5041 falsae
1971 4985 2034 5049 sint,

342 5081 435 5131 autem
459 5075 650 5131 tantummodo
673 5073 838 5145 quibusdam
862 5071 1060 5143 accidentibus,
1079 5073 1175 5129 videli-
1201 5074 1283 5130 iacile
1304 5079 1434 5144 apparet,
1460 5071 1528 5143 quid
1550 5073 1586 5129 de
1603 5089 1637 5128 ea
1656 5073 1693 5127 sit
1706 5072 1899 5143 judicandum.
1938 5076 1961 5127 2.
1979 5069 2035 5125 Ac·

341 5167 387 5219 cet
403 5163 493 5230 siqnis
514 5168 539 5213 et
558 5161 674 5227 ritibrss,
701 5161 784 5213 morlo
799 5157 998 5229 ‘siqnifioanda
1015 5160 1175 5231 auruncos,
1201 5166 1297 5216 curate
1333 5157 1559 5229 distinguendum
1595 5176 1656 5215 esse
1691 5158 1764 5214 inter
1793 5157 1976 5213 substantiam
2007 5160 2036 5213 et

341 5245 544 5318 amplitudine,
569 5248 703 5301 claritate
723 5252 775 5300 eto.
810 5243 888 5300 Orth.
909 5262 982 5300 cons.
1002 5262 1028 5315 p.
1049 5250 1096 5300 63:
1115 5247 1175 5299 Eo·
1201 5263 1282 5301 usum
1307 5244 1365 5299 sive
1395 5243 1478 5299 finem
1507 5252 1750 5301 sacramentorum.
1797 5242 1930 5309 Quamvis
1962 5244 2034 5300 enim

341 5336 402 5388 darn
418 5333 599 5403 praesentia,
617 5331 777 5401 conjunctio
797 5339 822 5383 ct
837 5332 982 5401 perceptio
1001 5346 1095 5385 rerum
1114 5350 1175 5385 cum
1201 5335 1375 5387 sacramenta
1398 5330 1434 5387 V.
1461 5335 1488 5385 et
1511 5330 1545 5388 N.
1570 5331 1603 5385 T.
1631 5331 1796 5386 conveniant
1823 5330 1878 5385 line
1903 5327 2035 5402 generali,

340 5420 429 5489 siquis
447 5435 503 5488 per
515 5420 605 5489 fidem
633 5418 785 5470 statuenda
808 5418 838 5469 in
865 5417 896 5471 V.
921 5425 948 5471 et
970 5418 1007 5471 N.
1030 5418 1061 5472 T.
1079 5435 1174 5472 sacra
1201 5419 1277 5491 quod
1298 5417 1327 5470 in
1347 5415 1474 5472 omnibus
1491 5417 1635 5488 promissio
1655 5416 1763 5488 gratiae
1781 5414 1914 5472 offeratur
1931 5423 1959 5472 et
1976 5434 2035 5473 cre·

339 5506 454 5575 mentm,
473 5521 545 5574 quac
564 5512 676 5557 esterna
696 5509 802 5555 tantum
821 5510 847 5555 et
864 5502 971 5555 visibili
987 5503 1087 5572 specie,
1107 5520 1174 5573 qua·
1201 5500 1331 5557 dentibus
1359 5502 1527 5574 applicetur,
1556 5500 1733 5558 confirmetur
1755 5507 1840 5573 atque
1864 5499 2035 5573 obsignatur,

339 5599 417 5645 uncas
430 5591 484 5645 illa
492 5590 632 5644 Christian
640 5588 814 5659 promissam
827 5595 853 5640 ct
864 5596 1015 5659 venturum,
1031 5590 1099 5644 laec
1109 5607 1175 5644 cero
1200 5606 1233 5644 ex
1263 5600 1296 5642 eo
1321 5592 1416 5643 tamen
1442 5587 1536 5644 infarri
1563 5604 1613 5642 nec
1638 5592 1731 5659 potest
1756 5606 1807 5644 nee
1834 5586 1932 5661 debet,
1959 5587 2035 5662 quod

340 5678 489 5732 collibitum
507 5684 643 5732 testantur
661 5683 686 5729 et
701 5673 869 5741 siqniyicant
888 5674 1000 5730 interae
1013 5677 1173 5730 discernun-
1200 5674 1324 5730 omnium
1349 5678 1582 5731 sacramentorum
1606 5674 1703 5729 eadem
1725 5674 1762 5731 sit
1789 5673 1959 5741 substantia,
1985 5675 2034 5732 im·
