4800 6659
908 413 911 418 ”
994 437 1047 496 ns
1065 436 1341 499 stammana.
1414 380 1423 399 .
1957 447 2017 510 tos

317 591 498 662 mpcrailioso
523 590 566 647 illi
591 591 734 649 hominnm
752 592 854 664 generi
878 594 1007 665 propriae
1029 595 1253 666 justitiselpalis
1280 595 1311 649 in
1336 610 1439 666 genere
1466 601 1509 651 est
1537 595 1727 667 quadruplex:
1766 595 2018 662 unimammas,

316 678 497 747 persuasione
525 679 639 751 turgido
663 697 763 751 parum
786 685 908 750 constat,
935 682 964 736 in
989 682 1045 736 illis
1063 662 1355 749 animaisacramenta
1372 698 1493 752 namque
1509 689 1574 737 sunt
1591 683 1675 738 etiam
1690 681 1817 753 symbola
1828 682 2018 752 confessionis,

317 763 437 818 hominis
465 767 565 821 tentati
588 785 644 820 non
669 767 775 821 invenit
792 767 927 822 bonorum
947 785 1061 839 operum
1080 756 1264 879 testi-inulae
1287 774 1315 821 et
1338 774 1458 822 tesserae
1484 769 1624 825 ecclesiae.
1668 774 1690 824 2.
1717 768 1889 838 Disciplinae
1911 785 2019 825 conssr-

317 851 449 920 monium,
466 851 507 906 ihi
526 869 590 906 vero
606 852 785 908 deducendus
804 854 885 909 homo
903 861 1026 910 tentatus
1043 856 1080 909 ad
1094 869 1263 926 pro-mans,
1302 860 1476 909 sacramenta
1518 863 1583 909 sunt
1613 854 1788 926 publicorum
1822 872 2020 926 congressuum

315 937 460 991 missiones
479 938 654 1009 evangelicas
673 939 804 994 in-verbo
816 940 923 996 oblatas
935 948 964 997 et
976 931 1264 996 sacramentisnervi.
1300 946 1324 996 3.
1346 939 1495 1010 Obligans,
1530 942 1710 996 sacramentis
1728 941 1886 1012 obligamur
1903 943 1965 997 Deo
1983 942 2021 998 ad

315 1023 394 1076 velut
411 1023 511 1094 sigillis
520 1024 704 1093 confirmatas,
722 1033 755 1080 ut
765 1043 798 1081 ex
812 1027 1012 1098 desperationis
1025 1028 1154 1083 barathro
1179 1024 1263 1079 fidem
1294 1033 1322 1080 et
1351 1027 1546 1082 obedientiam.
1592 1034 1616 1082 4.
1640 1028 1810 1096 informans,
1848 1036 2021 1084 sacramenta

216 1109 462 1165 tmuseluetetur.
493 1115 517 1164 4.
538 1111 572 1164 Si
588 1121 764 1165 sacraemnta
781 1115 872 1169 solum
889 1123 978 1169 essent
996 1115 1155 1168 testimonia
1180 1119 1246 1166 sunt
1268 1113 1331 1183 typi
1355 1108 1390 1168 et'
1403 1114 1551 1169 simulacra
1575 1115 1722 1168 virtutum:
1748 1113 1903 1184 baptismus
1927 1115 2020 1169 morti·

216 1168 287 1257 iiii*
309 1197 533 1264 promissionum
557 1200 598 1250 ad
624 1199 802 1253 excitandam
819 1202 903 1265 fidem
921 1201 1064 1264 instituta,
1085 1202 1154 1266 sru-
1180 1197 1316 1254 ficationis
1342 1201 1443 1255 veteris
1468 1202 1570 1255 Adami
1595 1201 1675 1258 Rom.
1700 1207 1730 1270 6,
1757 1219 1781 1256 ν.
1805 1207 1828 1256 3.
1852 1199 2021 1255 eucharistia

216 1271 300 1360 ’,κ
314 1289 378 1334 stra
403 1283 613 1351 baptizarentur
637 1285 764 1349 infantes
788 1294 814 1338 et
841 1295 976 1353 amentes,
1001 1305 1072 1355 quos
1096 1303 1154 1340 ccr-
1180 1292 1294 1339 mutuae
1319 1286 1473 1340 dilectionis
1493 1294 1516 1343 t.
1536 1287 1598 1342 (lor.
1620 1293 1667 1355 lo,
1689 1305 1714 1342 v.
1739 1287 1817 1341 lpas
1857 1285 2021 1341 Secundarii

216 1384 229 1412 ⁵-
314 1377 373 1421 tum
392 1377 433 1422 est
450 1387 507 1422 non
522 1388 606 1439 posse
625 1380 690 1424 actu
711 1373 834 1425 credere.
865 1372 1090 1442 Respondemus:
1110 1372 1154 1426 De
1181 1379 1209 1426 et
1228 1373 1319 1425 minus
1337 1372 1507 1443 principales
1526 1381 1760 1428 sacramentorum
1780 1370 1847 1426 lines
1865 1371 2019 1427 enumerari

314 1454 371 1508 lide
398 1455 535 1509 intantum
557 1474 623 1510 suus
648 1457 701 1512 erit
717 1457 828 1513 dicendi
846 1458 938 1527 locus,
966 1459 1019 1514 hac
1041 1459 1100 1513 vice
1113 1477 1155 1514 re·
1181 1464 1298 1527 possunt
1322 1459 1491 1528 complures,
1516 1465 1631 1529 utpote>
1647 1466 1685 1512 ,1.
1709 1457 1790 1523 Quod
1813 1457 1868 1511 sint
1893 1456 2021 1527 symbola

314 1541 449 1609 petimus,
473 1550 647 1598 sacramenta
670 1560 726 1599 nou
754 1561 814 1600 esse
832 1546 920 1600 solum
940 1545 1099 1600 testimonia
1115 1546 1154 1598 di·
1182 1544 1376 1608 consessionis,
1400 1551 1483 1599 notae
1500 1562 1534 1599 ac
1552 1554 1673 1599 tesserae
1693 1544 1835 1611 ecclesiae,
1854 1542 1954 1613 quibus
1972 1559 2020 1612 po-

314 1627 443 1681 vinarum
478 1629 690 1698 promissionum
726 1630 868 1701 objectiva
903 1632 1156 1703 repraesentatione
1181 1631 1265 1700 pnlus
1277 1630 1332 1684 Dei
1349 1631 1386 1685 ab
1406 1631 1468 1685 aliis
1488 1631 1614 1685 coetibus
1628 1630 1817 1700 distinguitur.
1845 1628 1923 1684 Sicut
1941 1628 2019 1683 Deus

216 1723 241 1763 u
254 1722 301 1764 ata
315 1711 400 1768 fidem
420 1714 567 1770 excitantia
583 1719 678 1786 (quam
696 1719 861 1772 sententiam
873 1717 1060 1773 Bellarminus
1075 1708 1155 1773 nobis
1181 1733 1212 1770 se
1240 1716 1332 1785 ipsum
1358 1715 1394 1769 ab
1419 1716 1500 1770 idolis
1524 1715 1670 1786 gentilium
1695 1715 1857 1785 distinguit,
1876 1714 1920 1768 ita·
1936 1714 2020 1768 etism

315 1799 439 1868 tribuit),
462 1800 511 1854 sed
534 1801 617 1856 etiam
641 1801 768 1857 efficacia
790 1811 819 1859 et
844 1804 977 1859 salutaria
994 1805 1087 1859 media
1105 1820 1156 1874 per·
1181 1802 1327 1857 ecclesiam
1357 1819 1436 1856 suam
1466 1820 1484 1856 a
1513 1803 1639 1857 coetibus
1665 1801 1846 1855 idololatricis
1873 1800 1933 1855 vult
1960 1816 2020 1855 esse

316 1902 390 1956 quse
416 1884 536 1956 Spiritus
565 1895 677 1941 sanctus
704 1888 787 1943 fidem
813 1891 842 1943 in
868 1891 998 1945 cordibus
1026 1897 1156 1960 operatur
1180 1889 1355 1957 distinctam
1394 1889 1467 1943 sicut
1497 1889 1599 1944 milites
1621 1888 1732 1943 tesseris
1755 1892 1784 1942 et
1807 1903 1872 1941 oves
1895 1905 1928 1942 ex
1947 1887 2020 1941 notis
2075 1919 2076 1924 =

316 1978 345 2024 et
362 1970 485 2025 divinam
501 1973 620 2044 gratiam
637 1973 718 2029 offert
736 1992 770 2029 ac
787 1975 964 2031 credentibus
984 1993 1047 2032 vere
1066 1975 1155 2046 appli-
1181 1974 1323 2045 impressis
1349 1973 1566 2045 dignoscuntur,
1595 1974 1636 2029 ita
1659 1975 1738 2030 Deus
1765 1973 1912 2028 ecclesiam
1938 1971 2021 2027 certis

224 2057 302 2107 sssps-
316 2062 363 2110 cat
387 2062 416 2112 et
434 2057 548 2113 confert.
596 2063 621 2113 5.
641 2061 676 2114 ss·
692 2070 870 2114 casamenta
890 2070 979 2116 essent
998 2062 1155 2115 testimonia
1181 2060 1255 2113 notis
1284 2059 1373 2114 voluit
1402 2077 1463 2115 esse
1489 2060 1656 2130 insignitam
1706 2065 1730 2116 2.
1758 2060 1839 2123 Quod
1864 2059 1919 2114 sint
1943 2058 2021 2114 nervi

216 2120 283 2200 '223⁰
316 2144 438 2213 gratiae,
456 2163 528 2215 meae
547 2146 578 2198 in
591 2147 768 2214 particulari
785 2148 875 2201 alicui
882 2149 1038 2214 confertur,
1058 2165 1155 2216 saepe·
1181 2145 1357 2217 publicorum
1376 2164 1588 2218 congressuum,
1608 2154 1640 2201 ut
1658 2146 1731 2201 enim
1748 2145 1920 2215 praedicatio
1935 2144 2021 2212 verbi,

216 2210 304 2305 ,¹202ss
317 2247 432 2283 numero
457 2232 538 2295 falsa
566 2240 670 2301 essent,
702 2233 834 2286 nimirum
861 2252 923 2287 mm
949 2242 1154 2287 sacramentum
1182 2231 1222 2286 ita
1254 2248 1366 2303 quoque
1395 2233 1597 2287 administratio
1626 2236 1859 2287 sacramentorum
1887 2238 1929 2286 est
1956 2247 2022 2300 pars

316 2317 495 2369 ministratur
511 2318 630 2384 homini,
655 2319 705 2387 qui
723 2320 809 2388 finpit
832 2337 861 2372 se
879 2322 1007 2389 credere,
1031 2340 1092 2374 cum
1111 2338 1154 2373 re·
1183 2318 1290 2389 publici
1308 2319 1462 2389 ministerii,
1481 2321 1600 2391 ideoque
1619 2338 1674 2374 non
1694 2319 1747 2372 nisi
1766 2319 1796 2372 in
1815 2335 1882 2372 casu
1901 2316 2020 2372 necessi·

317 2420 383 2455 cera
408 2421 466 2457 non
489 2407 596 2460 credat.
640 2404 867 2475 Respondemus:
892 2407 1046 2461 Hominum
1066 2409 1154 2460 incre·
1182 2404 1249 2459 tatis
1268 2404 1399 2476 privatim
1415 2406 1512 2476 peragi
1531 2406 1623 2461 debet.
1658 2404 1847 2459 Referendum
1864 2404 1927 2469 huc,
1945 2401 2021 2472 quod

318 2489 425 2542 dunas
445 2490 505 2543 Dei
520 2491 664 2544 ceritatem
684 2500 709 2544 et
723 2494 813 2560 fidem
832 2511 888 2547 non
908 2494 1012 2557 evertit,
1028 2492 1109 2548 Rom.
1129 2498 1152 2556 3,
1179 2491 1355 2560 Augustinus
1381 2490 1428 2545 lib.
1460 2497 1498 2548 19.
1523 2498 1620 2546 contra
1642 2491 1777 2545 Faustum
1800 2507 1825 2545 c.
1850 2495 1890 2544 ts.
1914 2488 2019 2552 scribit,

316 2592 340 2628 v.
358 2580 382 2630 3.
422 2575 457 2629 ss·
475 2577 548 2629 enim
565 2596 620 2630 non
638 2577 793 2641 credimus,
821 2579 871 2632 ille
888 2580 984 2645 fidelis
999 2587 1153 2648 permanet,
1179 2577 1304 2629 homines
1323 2577 1353 2628 in
1370 2577 1480 2630 nullum
1498 2594 1622 2645 unquam
1639 2577 1785 2644 religionis
1798 2592 1898 2629 nomen
1914 2575 2018 2641 absque

316 2662 438 2730 seipsum
458 2679 561 2732 nepare
581 2682 636 2716 non
652 2672 757 2732 potest,
775 2670 801 2719 2.
818 2665 889 2720 Tim.
912 2670 943 2732 2,
961 2684 987 2720 v.
1010 2671 1048 2720 13.
1085 2665 1151 2720 Pro·
1178 2663 1361 2715 sacramentis
1379 2663 1544 2716 conuenisse.
1578 2669 1602 2718 3.
1621 2663 1702 2726 Quod
1720 2662 1776 2716 sint
1792 2661 1869 2715 velut
1882 2659 2018 2730 oppigno-

317 2747 379 2801 inde
395 2746 502 2801 homini
518 2748 699 2802 incredulitas
717 2755 746 2805 et
763 2750 919 2821 hypocrisis
939 2750 1093 2822 integritan'
1110 2767 1152 2805 sa·
1178 2749 1313 2816 rationes,
1342 2747 1444 2819 quibus
1467 2749 1529 2803 Deo
1555 2749 1592 2802 ad
1615 2747 1700 2802 tidem
1718 2756 1747 2803 et
1765 2745 1951 2803 obedientiam
1970 2746 2019 2800 ad·

316 2841 518 2888 crementorum
534 2834 604 2888 nihil
622 2836 772 2906 quicquam
784 2837 909 2908 derogat,
928 2844 1013 2908 atque
1023 2838 1088 2893 inde
1102 2843 1152 2902 est,
1178 2834 1348 2904 stringimur.
1377 2840 1402 2889 4.
1414 2834 1495 2896 Quod
1515 2833 1570 2887 sint
1588 2834 1651 2904 typi
1670 2851 1703 2887 ac
1714 2833 1862 2887 simulacra
1875 2832 2018 2899 virtutum,

318 2919 390 2990 quod
409 2919 464 2989 illi,
483 2919 530 2990 qni
548 2921 577 2973 in
595 2920 805 2990 impoenitentia
826 2929 854 2977 et
873 2921 1015 2993 hypocrisi
1033 2941 1085 2978 sua
1103 2925 1152 2979 ba·
1177 2919 1327 2990 praecipue
1344 2920 1508 2975 dilectionis.
1538 2919 1585 2975 Sic
1602 2919 1756 2990 baptismus
1770 2918 1911 2988 significat
1926 2917 2018 2972 morti·

317 3005 468 3073 ptisantur,
498 3003 522 3058 si
542 3011 640 3075 postea
664 3013 879 3077 convertuntur,
908 3024 979 3063 novo
1003 3027 1058 3063 non
1082 3008 1152 3062 indi·
1177 3006 1335 3060 ficadonem
1366 3006 1467 3060 veteris
1499 3006 1602 3060 Adami
1635 3012 1664 3061 ct
1697 3003 1925 3059 resurrectionem
1954 3001 2019 3057 nori
2100 3022 2106 3038 ·

317 3098 401 3161 gaam
423 3090 569 3161 baptismo,
587 3093 717 3147 nimirum
736 3094 803 3164 quia
817 3094 973 3164 baptismus
984 3112 1039 3149 non
1051 3095 1153 3150 desinit
1177 3092 1295 3147 hominis
1307 3093 1386 3147 Rom
1399 3099 1423 3162 6,
1439 3109 1465 3146 v.
1478 3098 1502 3147 3.
1520 3109 1599 3146 sacra
1610 3091 1723 3146 Domini
1744 3108 1832 3147 coena
1849 3098 1890 3147 est
1907 3089 2019 3160 symbo-

317 3192 374 3231 csse
398 3177 507 3247 integer
529 3185 558 3232 et
579 3197 673 3245 verus,
698 3180 722 3235 si
739 3181 784 3234 vel
804 3181 922 3237 maxime
941 3198 991 3251 per
1008 3181 1150 3237 hominum
1177 3178 1236 3232 lum
1267 3178 1450 3247 concordiae,
1485 3196 1569 3231 unum
1600 3178 1673 3230 mim
1704 3195 1806 3246 corpus
1832 3194 1940 3239 samus,
1969 3175 2150 3243 quivnmta

317 3260 552 3331 impoenitentiam
576 3271 604 3319 et
621 3266 845 3322 incredulitatem
864 3268 993 3324 salutaris
1014 3271 1074 3339 ejus
1094 3269 1151 3324 fru-
1178 3267 1214 3318 de
1233 3282 1289 3318 uno
1310 3281 1388 3334 pane
1409 3265 1632 3334 participamus,
1666 3270 1689 3319 l.
1705 3262 1767 3319 Cor.
1790 3268 1835 3332 lu,
1851 3279 1878 3320 v,
1901 3268 1941 3318 17.
1960 3268 2016 3318 etc.

317 3352 375 3401 aas
396 3338 570 3418 impediatur.
608 3351 702 3422 Hujus
721 3354 908 3423 responsionis
928 3355 1073 3410 veritatem
1092 3356 1151 3426 ipse
1178 3350 1353 3405 Lombardus
1371 3357 1395 3406 t.
1417 3355 1486 3405 sent.
1510 3350 1575 3406 dist.
1598 3355 1621 3405 1.
1643 3348 1684 3404 lit.
1705 3365 1730 3403 c.
1753 3355 1926 3404 sacramenta
1946 3345 2014 3400 dicit

317 3431 500 3488 Bellarminus
523 3452 673 3506 agnoscere
698 3439 822 3509 cogitur,
859 3441 985 3511 disputat
1001 3441 1091 3509 enim,
1109 3459 1151 3496 sa·
1178 3453 1238 3491 esse
1275 3437 1402 3492 instituta
1435 3445 1555 3506 propter
1597 3437 1836 3504 humiliationem,
1881 3434 2015 3488 nudato-

316 3527 459 3574 cramcnta
479 3519 515 3577 N.
533 3520 566 3574 Τ.
593 3523 718 3578 conferre
734 3525 853 3594 gratiam
871 3543 905 3580 er
921 3543 1005 3595 opere
1024 3533 1152 3596 operato,
1178 3541 1241 3577 nem
1259 3532 1285 3577 et
1303 3524 1536 3580 exercitationem.
1576 3525 1699 3593 Propter
1718 3523 1938 3577 humiliationem
1957 3519 2018 3588 qui-

316 3604 425 3660 interim
449 3613 542 3661 tamen
562 3625 665 3679 negare
683 3627 739 3664 non
757 3616 864 3681 potest,
885 3612 987 3665 multos
1003 3613 1046 3666 uti
1064 3631 1152 3669 sacra-
1180 3612 1257 3678 dem,
1283 3618 1314 3663 ut
1332 3612 1400 3665 dum
1419 3611 1500 3663 homo
1518 3611 1549 3663 in
1568 3609 1747 3663 sensibilibus
1763 3610 1858 3676 rebus,
1878 3624 1950 3676 quae
1969 3623 2020 3660 na·

316 3692 429 3762 means,
458 3693 506 3763 qui
537 3701 629 3748 tamen
656 3713 712 3750 non
735 3694 807 3751 liunt
828 3704 895 3752 actu
913 3698 1065 3769 participes
1079 3699 1153 3755 illius
1180 3703 1245 3748 tura
1263 3696 1345 3761 infra
1362 3698 1453 3764 spmm
1471 3705 1543 3764 sunt,
1561 3713 1594 3750 ss
1608 3702 1763 3765 praecepto
1782 3694 1919 3748 creatoris
1935 3708 2020 3746 sere·

315 3778 437 3848 gratiae,
466 3778 522 3832 imo
553 3780 588 3834 ad
615 3780 754 3850 judicium
784 3799 865 3838 suum
893 3786 1072 3840 sacramentis
1102 3786 1154 3853 uti,
1179 3784 1301 3836 verendo
1327 3781 1453 3851 subjicit,
1485 3800 1519 3836 es
1546 3783 1599 3837 hac
1625 3782 1781 3835 bumilitate
1808 3789 1835 3835 ct
1862 3779 2020 3833 obedientia

315 3869 450 3935 agnoscat
466 3864 565 3935 igitur,
591 3874 764 3922 sacramenta
784 3887 840 3922 non
858 3868 983 3924 desinere
1001 3873 1153 3941 essequod
1181 3872 1245 3923 Deo
1273 3869 1363 3936 mosis
1383 3869 1500 3937 placeat
1523 3877 1549 3922 et
1573 3870 1654 3937 apud
1676 3885 1737 3922 eum
1761 3876 1916 3935 necatur,
1938 3866 2021 3934 cujus

315 3957 387 4020 sunt,
408 3951 534 4022 quamvis
552 3951 693 4008 hominum
714 3954 925 4024 impoenitentia
936 3962 965 4010 st
976 3956 1154 4012 incredulitas
1180 3956 1300 4024 imperio
1318 3955 1438 4007 salntem
1455 3955 1565 4024 quaerit
1584 3956 1615 4007 in
1633 3955 1819 4020 inferioribus
1838 3968 1876 4023 se,
1895 3952 1948 4005 etsi
1964 3969 2020 4005 non

316 4037 465 4092 salutarem
489 4054 583 4093 eorum
613 4038 766 4095 efficaciam
781 4041 943 4111 impediant.
980 4041 1054 4097 Hinc
1072 4042 1154 4099 facile
1181 4042 1217 4095 ab
1237 4042 1306 4109 allis,
1326 4042 1380 4093 sed
1393 4058 1448 4110 per
1465 4042 1520 4095 illa
1539 4059 1558 4109 a
1576 4042 1650 4096 Deo.
1686 4041 1811 4108 Propter
1829 4038 2017 4092 emditimsem

312 4121 436 4191 judicari
461 4129 568 4194 potest,
593 4124 662 4196 quid
685 4127 864 4182 statuendum
890 4127 928 4181 sit
951 4128 985 4184 de
1008 4146 1052 4198 eo,
1079 4131 1154 4200 quod
1181 4128 1265 4182 ctiam
1283 4127 1411 4180 instituta
1428 4134 1500 4194 cunt,
1519 4135 1550 4180 ut
1562 4143 1618 4196 per
1635 4126 1676 4194 id,
1690 4126 1769 4194 quoe
1778 4125 1860 4191 soris
1879 4124 1909 4176 in
1927 4123 2020 4193 specie

315 4206 501 4264 Bellarminus
526 4210 579 4264 hoc
604 4210 665 4265 loco
683 4211 822 4284 disputat,
847 4222 1024 4268 sacramenta
1044 4233 1102 4269 esse
1121 4234 1154 4270 cs
1180 4212 1288 4267 visibili
1304 4213 1437 4277 cernitm,
1457 4214 1499 4266 ad
1513 4211 1680 4267 invisibilem
1698 4212 1835 4276 uirtutem,
1854 4226 1926 4279 quac
1945 4210 2021 4262 intus

314 4303 414 4348 naara
432 4295 580 4364 hypothesi
596 4297 740 4366 absoluta,
762 4317 818 4353 non
841 4308 933 4354 autem
958 4303 1153 4356 conditionata
1181 4309 1235 4370 est,
1255 4301 1477 4368 cognoscendam
1494 4316 1569 4353 mens
1588 4297 1753 4366 erudiatur,
1771 4298 1852 4350 homo
1869 4297 1956 4361 enim,
1970 4295 2023 4365 qui

315 4380 427 4447 gratiae
448 4382 612 4435 testimonia.
650 4381 830 4439 Sacramenta
848 4384 878 4438 in
896 4402 955 4440 sese
975 4395 1154 4458 ac‘respectu
1181 4395 1245 4440 ante
1263 4394 1412 4456 peccatum
1433 4387 1494 4439 sine
1512 4385 1604 4439 medio
1624 4387 1718 4438 Deum
1736 4384 1862 4451 videbat,
1885 4400 1941 4452 per
1956 4398 2020 4451 pec-

314 4463 371 4519 Dei
407 4464 548 4522 offerentis
577 4485 685 4538 semper
719 4476 784 4525 sunt
814 4470 908 4526 media
937 4479 966 4526 at
998 4474 1155 4529 testimonia
1181 4480 1272 4525 catum
1304 4475 1378 4526 adeo
1408 4473 1549 4525 hebetatus
1577 4478 1632 4539 est,
1661 4478 1691 4522 nt
1720 4486 1896 4538 nequaquam
1922 4468 2021 4521 divina

316 4550 438 4621 madae,
462 4552 520 4608 sive
541 4552 623 4607 homo
640 4554 745 4623 credat,
761 4554 820 4610 sire
836 4573 892 4611 non
912 4558 1027 4628 credam
1045 4560 1095 4614 sed
1112 4577 1154 4615 re·
1181 4565 1266 4626 queat
1301 4575 1402 4627 capere
1435 4558 1493 4611 nesi
1524 4555 1653 4610 burnonis
1679 4556 1853 4610 coercitatus.
1897 4557 2021 4622 Propter

316 4645 414 4707 spectu
438 4639 524 4694 nostri
550 4658 605 4694 non
631 4648 696 4696 sunt
712 4642 804 4697 media
822 4648 850 4697 et
869 4644 1026 4701 testimonia
1041 4647 1155 4718 gratiae
1182 4644 1406 4698 exercitationem
1432 4643 1564 4698 similiter
1594 4642 1722 4696 instiutor
1751 4649 1828 4708 sunt,
1861 4641 1929 4710 quia
1958 4658 2021 4694 cum

315 4723 370 4777 nisi
396 4725 513 4780 accedat
539 4725 608 4781 fides
633 4727 728 4782 oblata
755 4727 784 4782 in
806 4730 892 4784 verbo
920 4737 948 4786 et
976 4734 1155 4789 sacramentis
1182 4731 1263 4783 homo
1288 4731 1393 4784 etiams
1420 4746 1478 4783 esse
1503 4746 1559 4783 non
1582 4728 1691 4797 possit,
1711 4729 1881 4797 proponitur
1899 4728 1927 4779 ei
1941 4727 2025 4779 utitis

315 4808 391 4863 bona
408 4810 634 4880 apprehendens,
652 4813 681 4867 id
699 4821 741 4869 est
758 4821 931 4872 sacramenta
947 4817 1006 4874 sine
1024 4819 1078 4874 lide
1091 4826 1155 4875 sunt
1182 4824 1207 4870 et
1235 4817 1359 4871 salubris
1386 4815 1548 4870 exercitatio
1571 4815 1601 4867 in
1618 4815 1817 4878 sacramentis,
1845 4831 1901 4882 qua
1919 4828 2021 4864 vanam
2079 4812 2081 4817 '

315 4911 383 4950 vera
400 4904 429 4951 et
448 4896 565 4968 integra,
582 4907 741 4955 nouantem
754 4901 894 4970 salutaria,
913 4910 979 4958 sunt
996 4911 1025 4960 et
1041 4910 1155 4961 manent
1182 4912 1208 4957 ct
1236 4904 1348 4958 ironiam
1376 4902 1496 4955 declinet
1526 4901 1735 4970 occupationem
1761 4907 1813 4956 etc.
1858 4896 1966 4962 Quibus
1983 4896 2019 4949 si·

317 4982 394 5052 qnod
413 4981 557 5051 dicuntur,
575 5000 751 5056 nequaquam
771 5004 836 5044 vero
853 4995 978 5060 prosunt.
1160 5020 1163 5031 ·
1182 4989 1260 5044 milia
1278 5006 1311 5043 ex
1328 4989 1436 5043 'I'homa
1451 4994 1479 5042 et
1497 4987 1695 5041 Bonaventura
1711 4985 1796 5055 paulo
1814 4991 1878 5054 post
1897 4981 2018 5052 protere

216 5082 302 5121 sanas·
351 5075 394 5125 tt.
431 5069 525 5141 Atque
549 5071 617 5126 haec
643 5073 719 5129 dicta
742 5074 798 5129 sint
824 5076 859 5130 de
883 5076 1029 5147 principali
1047 5093 1080 5132 sc
1100 5077 1154 5147 pri·
1182 5094 1243 5130 mus
1262 5081 1314 5131 etc.
1343 5075 1441 5146 (Atqui
1459 5091 1514 5128 non
1532 5080 1646 5144 propter
1665 5070 1829 5126 humilitatis
1847 5067 2017 5135 exercitium,

216 5144 260 5225 ,ᾖ
316 5155 403 5210 mario
422 5165 656 5213 sacramentorum
675 5159 744 5225 fine,
762 5161 915 5231 eodemque
932 5163 1060 5234 gemino,
1080 5165 1155 5235 quod
1182 5163 1232 5216 sed
1250 5167 1364 5233 propter
1378 5159 1442 5215 fidei
1456 5158 1691 5214 confirmationem
1704 5156 1878 5227 potissimum
1892 5154 2019 5208 instituta

217 5238 301 5327 Ἧι·
316 5241 424 5297 scilicet
449 5242 505 5299 sint
529 5262 648 5314 organa,
680 5246 773 5301 media
799 5253 827 5302 et
845 5247 985 5321 ὀχήματα,
1015 5267 1065 5320 per
1085 5267 1155 5320 quae
1182 5255 1248 5304 sunt
1264 5253 1444 5312 sacramenta,
1463 5247 1545 5315 cujus
1557 5245 1620 5299 finis
1633 5250 1729 5314 utpote
1742 5241 1903 5312 principalis
1916 5241 2019 5295 mentio

216 5349 259 5379 us·
316 5327 395 5384 Dens
412 5328 507 5399 offert,
527 5330 639 5386 exhibet
655 5336 684 5385 ct
702 5332 879 5388 credentibus
899 5334 1023 5406 applicat
1041 5337 1155 5407 promis·
1181 5353 1237 5390 non
1260 5342 1319 5389 erat
1342 5332 1517 5400 omittenda.)
1560 5330 1615 5387 Sed
1640 5330 1707 5385 haec
1732 5328 1825 5384 omnia
1848 5344 1881 5382 ex
1906 5325 2020 5397 speciali

216 5395 272 5484 2¹¹²*
315 5414 422 5470 sionem
440 5416 577 5486 evangelii
592 5417 734 5486 propriam
752 5417 786 5472 de
799 5419 1155 5492 remissionepeccstorum,
1181 5425 1318 5493 cujusque
1350 5419 1516 5475 sacramenti
1547 5416 1729 5488 explicatione
1753 5413 1874 5484 petenda
1904 5420 1932 5470 et
1956 5413 2018 5466 illu·

312 5500 424 5570 justitia
452 5507 481 5558 et
506 5503 564 5556 vita
591 5509 719 5574 aeterna,
747 5511 775 5558 et
798 5505 874 5575 qnod
892 5507 946 5562 sint
967 5508 1112 5580 signacula
1128 5517 1157 5564 et
1180 5509 1295 5562 suenda
1312 5512 1386 5562 sunt.

315 5586 409 5658 sigilla
441 5587 551 5644 divinae
574 5589 680 5661 gratim
705 5589 910 5648 confirmandae
933 5594 962 5648 in
985 5595 1066 5650 nobis
1090 5595 1154 5652 lidei
1217 5600 1258 5649 95.
1298 5593 1345 5647 Ad
1370 5590 1515 5663 generales
1542 5593 1775 5644 sacramentorum
1801 5585 1870 5640 fines
1896 5584 2020 5641 referunt
2033 5592 2153 5632 Αοιιοτι·

316 5689 385 5744 ergo
414 5674 549 5730 instituta.
602 5676 715 5732 ”Finis
742 5678 908 5736 sacramenti
938 5681 1028 5738 minus
1054 5681 1155 5753 princi·
1183 5679 1366 5751 Scholastici,
1395 5677 1470 5749 qnod
1496 5676 1632 5750 quasdam
1658 5679 1832 5730 sacramenta
1862 5673 2021 5742 imprimant
2032 5647 2142 5744 3⁶.th

369 5767 473 5812 assisa
486 5770 534 5813 loci.
552 5770 586 5812 IV.
1646 5784 1677 5832 Η
