4800 6659
412 493 470 552 130
1002 481 1125 544 LOCUS
1141 479 1312 541 DECIMUS
1328 481 1515 542 summus

411 640 597 713 scafe-apicas
619 641 762 709 fecerum.
797 641 935 700 ”mana
961 639 1063 697 lunius
1085 641 1114 696 in
1133 643 1243 695 bactst.
1270 639 1376 693 litatem
1392 639 1484 702 fracti
1499 647 1577 710 sarit,
1602 647 1633 695 tu
1650 646 1743 695 uadem
1758 641 1820 711 fids
1837 646 1913 708 stas,·
1935 638 1997 694 nott
2013 640 2105 695 almas
2118 650 2150 697 vt

413 727 513 800 parall.
533 727 569 782 ad
588 743 612 784 c.
632 732 656 784 6.
675 725 777 786 Heba:
803 727 839 784 Si
855 729 907 783 boe
921 727 990 798 fieri
1006 744 1062 781 aea
1076 733 1180 797 posset,
1198 741 1243 779 ae·
1268 742 1380 796 sapere,
1396 727 1448 779 ssd
1464 725 1529 779 time
1533 747 1545 791 ;
1563 743 1590 784 v.
1610 731 1657 784 tl:
1677 727 1705 780 si
1720 728 1799 781 Deus
1817 726 1996 781 actualibus
2013 725 2105 780 ramis

412 831 464 884 que
484 812 647 884 hypothesin
667 814 739 868 darre
749 815 888 883 facturus
906 823 967 869 erat
986 814 1138 884 apostolus,
1157 829 1244 881 aeqrce
1269 829 1325 866 aaa
1340 811 1483 882 pepercit,
1506 814 1634 879 referte
1653 828 1703 867 aec
1723 813 1775 867 tibi
1785 801 1899 884 parcat.
1937 819 1961 870 2.
1978 811 2059 870 Cant.
2079 807 2140 904 αἱ

414 917 446 956 ee
464 901 610 970 hypothesi
630 908 689 955 tam
706 919 792 969 prose
806 900 1018 972 proruatiotum
1037 900 1178 953 allaturus
1198 917 1244 953 ae-
1269 916 1295 958 v.
1308 905 1337 953 i:
1356 900 1456 968 Aquae
1469 899 1574 954 multae
1585 918 1641 954 roa
1653 909 1786 971 poterunt
1804 902 1979 971 exstinquere
1996 902 2103 954 carita·
2115 922 2150 955 ιτ

413 1003 465 1056 que
482 989 524 1040 ad
541 986 613 1041 toas
631 1005 754 1056 causam,
772 1005 842 1056 quae
861 988 970 1057 agitur,
990 987 1042 1041 boc
1064 987 1168 1040 dictum
1186 987 1336 1081 Ple-ptem,
1361 1002 1448 1055 nepte
1468 986 1591 1054 flumina
1611 987 1833 1045 armonedum.
1869 987 1903 1042 Si
1921 987 2029 1042 caritas
2046 974 2150 1059 norff,

413 1074 519 1144 braee's,
540 1075 640 1142 quibus
657 1075 808 1139 scribebat,
833 1076 1092 1129 accommodaturos
1111 1077 1162 1128 etc.
1181 1072 1359 1151 videgpotest
1378 1073 1515 1142 estiapui,
1542 1082 1615 1128 certe
1633 1091 1682 1128 aee
1700 1076 1790 1145 fides,
1815 1092 1876 1129 eum
1892 1074 2011 1142 marc
2034 1070 2150 1162 deiciat¹

411 1159 550 1214 locum.**
1256 1159 1307 1250 ,sit
1329 1160 1442 1216 caritas.
1477 1159 1700 1232 Respondemus:
1724 1161 1813 1232 Apoc.
1832 1164 1863 1230 2,
1890 1178 1916 1215 v.
1942 1166 1967 1215 4.
2001 1158 2150 1231 augelotu

285 1256 355 1308 sser-
450 1252 507 1302 144.
524 1244 677 1302 Videamus
696 1247 763 1318 quid
780 1247 885 1302 roboris
899 1246 965 1301 insit
977 1245 1157 1318 argumentis,
1173 1261 1245 1316 quae
1269 1244 1426 1316 Ephesinae
1451 1246 1583 1303 ecclesiae
1610 1247 1753 1307 scribitur:
1782 1248 1881 1303 Habeo
1903 1250 2053 1302 adrasum
2070 1253 2106 1316 te,

286 1310 383 1401 fflssp
413 1331 449 1388 eb
475 1332 593 1387 adversa
619 1338 698 1404 perte
723 1333 907 1390 adducuntur.
943 1332 1181 1404 ”vulgatissima
1199 1301 1506 1401 ex·¹quodcaritatem
1520 1342 1597 1389 tuam
1610 1335 1903 1406 primamreliqur'srti5
1921 1352 1947 1390 v.
1963 1340 1987 1390 5.
2000 1350 2107 1388 memor

238 1415 245 1426 ’
285 1422 346 1506 ’,2οζ
376 1462 399 1504 ¹,
414 1418 504 1490 ceptio
530 1424 584 1485 est,
610 1420 678 1473 daea
703 1418 887 1488 iutellipeada
910 1436 967 1473 esse
990 1419 1060 1473 κατὰ
1085 1424 1245 1490 φαντασίαν
1271 1427 1327 1473 esto
1344 1419 1452 1490 itaque,
1469 1424 1543 1476 uado
1561 1423 1709 1491 medea,
1731 1430 1757 1477 et
1774 1440 1827 1492 ape
1843 1420 2061 1492 poeniteutiam,
2078 1427 2107 1475 et

287 1474 364 1556 rustili
394 1491 580 1569 ’δοξαστικαῖς
593 1507 824 1578 καταχρηστικῶς,
844 1505 874 1560 ia
884 1506 968 1574 socie
988 1515 1014 1559 et
1028 1506 1143 1575 judicio
1161 1507 1244 1561 scele-
1257 1572 1259 1585 Ι
1267 1505 1364 1574 primo
1380 1524 1467 1576 opera
1484 1508 1551 1575 ἶσα·
1577 1509 1625 1571 siuv
1640 1509 1745 1579 minus,
1761 1509 1840 1562 reaia
1860 1508 1912 1562 tibi
1931 1508 1984 1561 cito
2003 1515 2031 1560 et
2048 1524 2107 1562 mo·

286 1566 474 1659 winfrido
498 1593 567 1646 laec
590 1595 625 1647 de
648 1593 708 1646 illis
731 1592 803 1661 dici,
829 1609 929 1662 reapse
952 1600 1042 1646 autem
1058 1592 1130 1646 nibil
1146 1592 1245 1646 iorum
1270 1591 1335 1645 vebo
1353 1593 1647 1650 aoadcladrumtuum
1665 1596 1780 1649 deloco
1798 1612 1862 1664 suo,
1888 1594 1945 1649 risi
1958 1593 2108 1665 poeaiten-

286 1670 400 1763 tb⁸¹r¹o¹⁸nl⁸sl
413 1676 542 1749 reprobis
554 1681 706 1733 eoaoeaire.
736 1679 962 1750 Respondemus:
984 1684 1006 1736 1.
1019 1678 1089 1734 Cum
1102 1678 1246 1750 Scriptura
1271 1678 1341 1731 dom
1356 1679 1461 1749 eperis5
1481 1696 1513 1735 ex
1531 1698 1587 1752 quo
1603 1680 1749 1737 manifeste
1766 1687 1892 1752 apparet,
1911 1681 1986 1753 quod
2001 1679 2108 1735 carita

286 1784 400 1823 saraam.
414 1766 546 1837 temporis
557 1771 718 1822 tantumet
738 1766 890 1822 durationis
907 1773 955 1822 aut
976 1766 1057 1823 etiam
1074 1767 1179 1839 gradus
1194 1764 1244 1820 dii·
1257 1825 1260 1861 Ι
1272 1763 1361 1818 amitti
1382 1767 1476 1836 possit.
1512 1767 1625 1822 Dictum
1648 1785 1715 1839 ergo
1741 1767 1770 1822 iu
1789 1767 1905 1842 Cautico
1927 1783 2109 1840 nequaquam

413 1853 559 1910 ferentium
592 1859 679 1924 ponat
715 1852 786 1908 inter
822 1852 1001 1924 reproborum
1037 1859 1065 1910 et
1095 1849 1324 1935 electorumihoc
1334 1852 1403 1921 vult,
1421 1854 1496 1924 quod
1515 1855 1616 1910 caritas
1633 1873 1688 1910 non
1704 1855 1791 1926 possit
1810 1855 1908 1924 amitti,
1926 1855 1949 1909 si
1967 1855 2031 1926 quis
2043 1871 2108 1910 eam

409 1945 585 2014 χαρίσματα,
601 1939 682 1994 nobis
700 1956 812 2011 prorsus
831 1957 886 1994 uon
903 1939 968 1996 licet
985 1939 1025 1994 rei
1042 1947 1092 1995 aut
1110 1937 1339 2013 essentiaejrelit
1361 1938 1484 2010 abjicere
1513 1947 1541 1996 st
1569 1940 1800 2013 concupiscentiis
1831 1940 1923 1996 caruis
1957 1941 2110 2013 indulgere

415 2026 603 2082 diversitatem
623 2026 788 2098 confingere.
825 2031 849 2081 2.
867 2025 946 2081 Idem
973 2031 1015 2081 est
1038 2043 1145 2095 semen,
1170 2025 1244 2097 quod
1257 2083 1259 2094 ,
1273 2022 1403 2094 (Spiritus
1420 2025 1557 2081 excutitur
1570 2027 1729 2084 dominante
1746 2027 1876 2099 cupidine
1893 2028 1993 2093 caruis,
2010 2028 2108 2100 siSpi·

413 2113 485 2167 iuter
508 2111 617 2184 spinas,
642 2113 670 2167 in
695 2119 769 2168 terra
792 2119 904 2183 petrosa
926 2119 954 2168 et
977 2119 1051 2169 terra
1069 2112 1142 2168 bona
1160 2112 1246 2168 crevit
1271 2110 1353 2174 ritus,
1378 2110 1474 2182 utique
1491 2112 1574 2168 etiam
1592 2114 1709 2183 caritas,
1728 2131 1800 2185 quae
1818 2119 1861 2169 est
1871 2115 1991 2183 fructus
2010 2114 2108 2184 Spiri-

414 2199 512 2256 Metth.
533 2205 572 2256 13.
599 2198 640 2254 sie
667 2200 765 2254 eadem
789 2198 858 2255 fides
876 2199 981 2255 ratione
1000 2199 1134 2255 esseutiae
1153 2217 1245 2271 repro
1258 2264 1259 2268 ρ
1272 2205 1331 2264 tus,
1356 2195 1448 2254 Galat.
1471 2204 1501 2268 5,
1524 2217 1551 2254 v.
1573 2202 1629 2268 22),
1660 2200 1709 2257 sed
1739 2200 1813 2272 quod
1838 2207 1966 2256 manente
1987 2200 2110 2259 mitam

414 2286 511 2342 borum
529 2293 557 2341 et
570 2286 727 2342 electorum.
755 2292 778 2341 3.
792 2284 950 2341 Earuudem
962 2287 1136 2342 functionum
1148 2287 1367 2349 eademomues
1390 2283 1583 2340 tribulationes
1600 2286 1682 2342 facile
1700 2287 1860 2355 tolerentur,
1881 2305 2016 2360 uquarum
2032 2287 2110 2344 euim

413 2380 478 2428 suut
500 2372 645 2444 principia.
681 2371 811 2428 Sentiunt
833 2372 873 2427 illi
896 2380 986 2429 motus
1013 2372 1134 2444 Spiritus
1156 2360 1383 2445 sauctifnomine
1400 2370 1592 2427 tribulationes
1611 2372 1728 2446 intelligi
1748 2373 1874 2445 pluribus
1899 2391 1931 2429 ex
1954 2373 2023 2429 locis
2042 2393 2110 2432 cou-

413 2460 441 2515 in
460 2458 598 2527 cordibus,
617 2458 740 2512 sentiunt
756 2459 881 2528 virtutes,
893 2446 928 2513 'id
946 2464 989 2514 est
1006 2459 1141 2531 primitias
1159 2459 1247 2514 futuri
1273 2463 1336 2512 stet.
1371 2456 1471 2528 Aquae
1483 2457 1552 2512 alias
1564 2458 1745 2530 exstinguunt
1762 2459 1863 2532 ignem,
1884 2460 1933 2516 sed
1951 2477 2042 2533 equae
2058 2460 2110 2517 tri·

413 2546 512 2615 seculi,
541 2545 664 2601 sentiunt
684 2546 888 2600 consolationes
907 2546 1060 2617 ineffabiles
1083 2552 1104 2603 l.
1123 2545 1185 2603 Cor.
1208 2552 1247 2614 12,
1258 2527 1261 2553 ⁸
1273 2542 1446 2598 bulationum
1465 2561 1521 2598 non
1539 2552 1655 2615 possunt
1674 2546 1848 2619 exstinguere
1866 2546 1960 2618 iguem
1971 2547 2108 2603 caritatia

413 2653 439 2689 v.
457 2640 482 2691 3.
500 2632 580 2688 Rour.
601 2638 641 2697 111,
660 2649 684 2688 r.
708 2637 747 2688 14.
768 2638 791 2689 1.
809 2631 871 2689 Cor.
891 2639 915 2700 9,
933 2651 958 2688 v.
980 2637 1020 2690 24.
1058 2639 1081 2689 4.
1093 2632 1253 2708 Apostolus,
1273 2631 1304 2665 ³*
1312 2635 1336 2685 3.
1356 2628 1457 2683 Psalm.
1479 2636 1526 2696 92,
1551 2648 1576 2684 v.
1606 2638 1648 2687 13:
1678 2633 1779 2687 Jrsstus
1803 2641 1833 2686 ut
1855 2634 1958 2702 palma
1982 2635 2109 2703 florebit

414 2726 496 2791 urget
513 2718 669 2788 exemplum
686 2717 870 2786 ludaeorum,
895 2718 943 2790 qui
967 2718 996 2773 in
1014 2726 1115 2774 terram
1133 2700 1497 2786 Cauaau¹Respondemusz
1525 2715 1627 2772 Sensus
1651 2722 1708 2787 est,
1735 2718 1809 2789 quod
1833 2735 1888 2773 non
1912 2719 1948 2774 sit
1964 2720 2110 2792 periturus

414 2825 468 2862 non
484 2806 665 2867 intraverunt,
685 2806 759 2875 quod
780 2805 855 2859 eludi
873 2805 916 2859 his
935 2805 1056 2876 strophis
1073 2822 1128 2860 nou
1145 2810 1246 2876 potest.
1259 2786 1261 2805 ¹
1273 2801 1504 2875 quemadmodum
1522 2803 1624 2874 impius
1643 2821 1669 2860 v.
1690 2810 1730 2860 10.
1752 2822 1807 2859 αοα
1824 2804 1959 2875 absolute,
1977 2807 2028 2862 sed
2040 2824 2109 2879 qna·
2134 2843 2137 2848 ‹

416 2901 441 2950 5.
462 2891 586 2947 Marcion
607 2895 678 2946 teste
686 2890 858 2946 Tertulliano
876 2892 904 2945 in
922 2892 985 2949 libr.
1003 2892 1039 2948 de
1053 2908 1136 2948 carue
1145 2892 1247 2949 Christi
1259 2946 1261 2973 Ι
1273 2897 1353 2945 tenus
1371 2895 1413 2944 est
1432 2895 1460 2944 et
1477 2896 1571 2945 manet
1587 2891 1729 2961 plantatus
1749 2891 1778 2945 iu
1796 2891 1877 2946 domo
1894 2892 2007 2947 Domini
2025 2912 2051 2947 v.
2068 2901 2109 2951 14.

417 2977 566 3036 Catholicis
590 2976 772 3048 probantibus
799 2977 943 3033 veritatem
967 2977 1057 3033 carnis
1084 2978 1187 3034 Christi
1214 2998 1245 3036 ex
1259 3032 1261 3037 ,
1273 2983 1409 3049 quatenus
1427 2975 1456 3031 in
1467 2977 1513 3031 via
1531 2983 1709 3048 peccatorum
1726 2996 1782 3034 nou
1799 2979 1877 3034 stetit
1888 2980 1991 3036 Psalm.
2008 2985 2032 3047 1,
2044 2999 2070 3036 v.
2085 2988 2108 3039 1.

415 3081 461 3133 eo,
481 3063 555 3135 quod
574 3068 669 3128 natus,
694 3079 806 3133 passus,
830 3069 969 3128 mortuus,
990 3063 1114 3134 sepultus
1133 3071 1185 3123 etc.
1206 3080 1323 3129 resen
1340 3070 1477 3135 quatenus
1496 3080 1514 3118 a
1532 3062 1593 3120 Deo
1613 3083 1643 3120 se
1661 3082 1716 3119 non
1728 3065 1861 3120 subduxit
1872 3065 1901 3121 in
1913 3066 2109 3138 perditionem,

414 3150 583 3222 spondebat,
613 3152 803 3222 pertumescit
832 3153 879 3204 sal
903 3149 971 3205 κατὰ
995 3149 1026 3205 τὸ
1055 3152 1148 3206 δοκεῖν
1178 3141 1360 3207 ὴαθαΗαὶπ.
1384 3154 1429 3218 10,
1448 3167 1473 3206 v.
1495 3154 1536 3206 38.
1573 3156 1597 3206 4.
1615 3149 1717 3205 Peulm.
1735 3155 1782 3219 l'l,
1807 3167 1831 3206 V.
1851 3157 1898 3208 24:
1922 3153 2025 3207 Jusaa
2044 3172 2109 3209 cum

415 3237 500 3292 iuisse
518 3237 601 3302 facta,
620 3245 702 3306 atque
720 3238 764 3291 aa
783 3238 910 3291 aoadliis
929 3237 1031 3309 (inquit
1047 3237 1247 3307 Tertullianus)
1272 3236 1412 3305 ceciderit,
1427 3254 1483 3290 aon
1501 3236 1658 3291 collidetur.
1685 3235 1907 3308 Respondemus:
1927 3238 2108 3311 loquiturrel

415 3332 455 3378 tot
478 3324 633 3391 oripiaalia
659 3322 767 3377 Christi
789 3324 915 3378 instituta
941 3325 1125 3381 debuerat*
1159 3321 1308 3381 Porrode
1333 3321 1412 3393 lapsu
1440 3322 1615 3377 adversitatis
1639 3321 1683 3377 vel
1706 3322 1870 3395 iniquitatis.
1906 3323 1937 3380 Si
1959 3326 2052 3396 prius,
2074 3335 2108 3384 u:

415 3410 559 3466 adducunt
577 3409 721 3481 sequeutia
733 3409 894 3480 Scripturas
907 3408 995 3465 dicta:
1021 3416 1040 3464 1.
1060 3410 1106 3468 Ps.
1130 3418 1151 3481 1,
1170 3429 1196 3466 v.
1217 3417 1245 3466 ³:
1258 3470 1260 3490 Ι
1272 3407 1374 3478 accipit
1397 3406 1523 3462 Piscator
1546 3407 1574 3462 iu
1601 3408 1685 3465 schol.
1704 3414 1746 3465 24.
1771 3408 1841 3462 nihil
1859 3407 1928 3465 iacit
1946 3411 1982 3466 ad
2004 3431 2106 3484 propo-

414 3499 513 3550 Justus
532 3505 571 3550 est
596 3505 626 3550 ut
649 3497 735 3550 arbor
757 3497 893 3565 plantata
918 3498 959 3549 ad
976 3497 1075 3563 sortes
1098 3493 1369 3567 aptarum,²situm;
1404 3494 1426 3548 si
1452 3494 1604 3565 posterius,
1628 3499 1688 3549 tum
1713 3493 1877 3565 intelligitur
1899 3495 2033 3568 iniquitas
2053 3518 2106 3556 seu

416 3583 496 3651 cujas
518 3583 595 3646 folia
617 3599 758 3651 aureuma
779 3582 917 3635 ἀασίάααί.
958 3583 1038 3652 Erpa
1060 3593 1173 3638 reamur
1190 3585 1417 3651 aaa.peccatum
1434 3580 1478 3635 vel
1496 3579 1663 3635 infirmitatis
1682 3580 1727 3635 vel
1745 3579 1933 3650 malignitatis.
1965 3583 2104 3649 Nouhoa

412 3675 507 3738 potest
530 3669 627 3738 pratia
650 3668 711 3721 Dei
734 3667 870 3723 asidera.
912 3667 1009 3722 Polani
1042 3669 1076 3724 de
1105 3671 1245 3741 praedest.
1258 3647 1260 3670 ¹
1273 3666 1340 3736 quia
1349 3666 1460 3737 quaudo
1477 3666 1558 3721 horno
1572 3667 1667 3737 justus
1684 3673 1782 3737 peccat
1792 3667 1913 3739 maligne
1926 3677 1955 3725 et
1965 3678 2105 3744 proterve,

417 3773 443 3825 p.
462 3759 502 3810 86.
522 3752 662 3823 responsio
674 3752 703 3807 iu
716 3759 794 3807 textu
807 3752 846 3807 sic
860 3752 992 3809 habetur:
1011 3756 1118 3809 Beatus
1130 3758 1181 3825 vir,
1196 3758 1248 3825 qui
1272 3758 1330 3806 tum
1347 3752 1424 3807 Deus
1447 3769 1502 3807 non
1525 3753 1643 3823 amplius
1667 3758 1804 3808 sustentat
1821 3770 1933 3809 manum
1951 3757 2027 3828 ejus,
2050 3777 2105 3816 uec

415 3860 470 3895 aaa
490 3840 615 3893 ambulat
634 3840 664 3892 ia
681 3839 798 3893 coasilio
817 3840 966 3908 impiorum
985 3849 1011 3893 et
1034 3842 1063 3894 ia
1082 3841 1129 3895 oia
1144 3859 1245 3911 pecca·
1257 3894 1259 3902 ,
1272 3838 1389 3910 amplius
1408 3857 1500 3895 amore
1519 3846 1548 3894 et
1564 3840 1655 3911 gratia
1672 3839 1785 3910 speciali
1801 3839 1842 3894 illi
1860 3841 1979 3908 assistit,
2000 3845 2049 3900 sed
2066 3846 2105 3902 ab

415 3935 505 3981 torum
528 3944 583 3979 aon
605 3926 679 3979 stetit
705 3933 730 3978 et
755 3925 784 3978 ia
803 3924 938 3978 cathedra
955 3927 1114 3980 derisorum
1130 3946 1186 3982 aaa
1204 3924 1331 3996 se·3ips0
1357 3926 1514 3997 sejungitur
1535 3932 1564 3981 et
1587 3927 1768 3982 absconditur
1789 3927 1874 3982 facies
1897 3928 1957 3998 ejus
1976 3927 2042 3987 Est.
2061 3938 2106 4002 59,

415 4015 466 4078 dit,
486 4032 511 4066 v.
535 4019 563 4082 t,
591 4014 642 4066 sed
660 4013 689 4065 ia
707 4011 766 4079 lepe
783 4011 903 4065 Domini
921 4012 1051 4082 eolrptas
1069 4015 1146 4085 ejus,·
1171 4024 1197 4068 el
1215 4018 1245 4069 ia
1257 3992 1259 4099 ἱ
1272 4029 1297 4068 v,
1319 4016 1343 4067 2.
1367 4029 1418 4068 uec
1442 4018 1507 4068 aute
1530 4013 1607 4068 Deus
1631 4012 1732 4068 desinit
1757 4018 1880 4069 avertere
1896 4013 1997 4071 faciem
2016 4035 2106 4085 suam,

416 4102 475 4171 lepe
488 4101 550 4169 ejus
562 4098 741 4153 meditabitur
760 4097 806 4150 die
825 4114 860 4151 ac
878 4105 957 4151 aoote
975 4116 998 4154 v.
1015 4104 1038 4154 2.
1057 4107 1082 4153 et
1100 4102 1154 4155 erit
1171 4103 1246 4157 veliet
1257 4107 1259 4132 ³
1272 4114 1355 4168 quam
1374 4099 1408 4152 ad
1427 4099 1517 4169 ipsum
1534 4099 1616 4154 homo
1633 4098 1716 4154 fuerit
1732 4115 1858 4155 reversus
1876 4098 1934 4157 Jer.
1955 4108 1985 4170 3,
2013 4120 2039 4157 v.
2065 4108 2106 4160 12.

414 4189 522 4256 lippum
539 4186 697 4255 plantatum
715 4201 793 4238 secus
810 4184 886 4237 rivos
904 4202 1057 4253 aaronem,
1084 4190 1160 4256 quod
1176 4192 1245 4257 fru-
1272 4184 1346 4256 Ergo
1364 4183 1442 4250 illud,
1459 4191 1491 4240 ut
1508 4191 1617 4241 constat
1634 4202 1667 4240 ex
1685 4185 1786 4240 Psalm.
1806 4192 1863 4255 145,
1882 4204 1907 4244 v.
1923 4193 1961 4243 14.
1974 4188 2101 4246 etProv.

415 4282 487 4328 ctum
501 4291 581 4326 ercam
600 4272 679 4325 dabit
697 4272 727 4325 ia
745 4279 866 4340 tempore
885 4289 936 4324 suo
954 4279 981 4324 et
990 4273 1099 4339 folium
1113 4275 1175 4342 ejus
1190 4295 1259 4373 aaa1
1273 4276 1313 4338 24,
1332 4289 1357 4325 τ.
1376 4277 1415 4327 16.
1445 4269 1546 4326 Confer
1561 4270 1662 4326 Psnlm.
1676 4278 1756 4342 bS,r.
1769 4278 1809 4328 20.
1823 4272 2046 4339 etPsalm.'ll,v.
2060 4280 2104 4333 20.

416 4360 525 4413 decidet
546 4368 571 4412 et
589 4374 677 4421 omae,
696 4359 773 4427 quod
781 4358 885 4425 faciet,
903 4360 1090 4427 prosperabit,
1102 4377 1128 4416 v.
1142 4366 1166 4417 3.
1191 4360 1259 4417 Ηία
1275 4364 1296 4413 l.
1309 4357 1371 4413 Cor.
1391 4363 1429 4419 10,
1447 4376 1472 4414 v,
1486 4364 1526 4414 13.
1543 4357 1646 4414 Psalm.
1662 4365 1702 4423 37,
1716 4377 1741 4414 v.
1755 4364 1795 4414 23.
1814 4358 1928 4414 dicitur:
1949 4361 1976 4414 A
1989 4361 2103 4417 Jeloca

414 4440 544 4501 accurate
570 4443 692 4499 notanda
716 4448 758 4497 est
786 4442 935 4513 descriptio
960 4443 1095 4514 subjecti,
1119 4447 1165 4518 qui
1190 4428 1328 4507 nonffviri
1344 4444 1423 4498 illias
1439 4461 1550 4512 pressas
1568 4452 1741 4514 statuantur,
1769 4445 1850 4514 cujus
1870 4446 2025 4501 mactmus
2045 4448 2104 4514 oia,

416 4531 540 4587 ambulat
556 4531 585 4585 in
606 4529 720 4586 consilio
738 4529 898 4600 impiorum,
922 4529 971 4583 sed
994 4531 1022 4584 in
1047 4531 1111 4603 lege
1133 4533 1246 4588 Domini
1257 4583 1260 4603 ,
1271 4532 1321 4585 loe
1338 4539 1378 4584 est
1394 4532 1475 4584 Deus
1489 4532 1541 4601 pio
1559 4531 1589 4584 ia
1607 4533 1732 4585 omuibus
1750 4533 2027 4602 actoribuselicem
2039 4553 2103 4590 sue

415 4617 569 4673 delectatur
589 4617 633 4671 die
653 4621 681 4670 et
699 4619 793 4684 nocte,
809 4614 833 4669 is
853 4621 895 4669 est
912 4615 1010 4670 beatus
1033 4622 1062 4672 et
1079 4618 1171 4674 arbori
1189 4608 1258 4678 ssu-J
1271 4635 1375 4670 cessum
1396 4617 1525 4684 larpitur.
1561 4634 1586 4669 v.
1611 4623 1651 4673 24.
1679 4617 1821 4690 objicitur:
1850 4621 1995 4689 Ariaspe
2018 4621 2104 4676 uiam

413 4705 520 4778 giferae
540 4702 806 4773 similis3quateuus
827 4706 939 4773 ergoet
959 4703 1169 4776 quamdiuquis
1182 4686 1334 4781 talistius
1358 4704 1387 4756 in
1412 4703 1587 4757 solmnitates
1614 4704 1725 4767 incidit,
1751 4705 1864 4774 ejusque
1888 4713 1987 4776 acepta
2011 4709 2104 4762 miraris

413 4799 456 4849 est
480 4797 509 4846 ct
526 4798 632 4855 manet,
657 4797 770 4845 eatenus
788 4798 817 4844 ct
837 4789 944 4845 tamdiu
965 4796 1007 4844 est
1026 4789 1125 4846 beatus
1143 4799 1171 4848 et
1187 4791 1382 4869 stu-'felicem
1411 4791 1566 4844 sortiuntur
1590 4790 1699 4844 exitum.
1733 4791 1895 4861 Respondet
1920 4791 2025 4863 psaltes
2052 4812 2104 4865 per

413 4879 520 4952 giferao
539 4877 630 4932 arbori
649 4876 761 4947 similis;
781 4882 898 4931 testatur
915 4882 1009 4932 autem
1027 4876 1161 4949 Christus,
1180 4883 1245 4950 pal-
1257 4874 1259 4903 ³
1271 4877 1466 4931 correctionem
1485 4882 1513 4931 et
1530 4875 1750 4934 concessionem:
1778 4875 1876 4942 Cadit,
1896 4878 2018 4934 sednon
2037 4898 2102 4952 pro

413 4968 506 5021 mitem
529 4983 586 5016 aon
608 4966 751 5031 ferentem
777 4964 902 5025 fraretum
923 4980 1049 5017 arescere
1068 4973 1094 5018 et
1111 4963 1348 5031 cusandi,:cidit,
1366 4968 1458 5016 πίπτει
1474 4959 1507 5015 οὐ
1523 4969 1702 5033 παραπίπτει,
1720 4979 1783 5017 nam
1801 4980 1864 5017 cum
1882 4964 1965 5030 cadit,
1982 4983 2039 5021 uon
2056 4966 2104 5024 de·

412 5054 479 5110 Jol.
498 5055 548 5118 15,
571 5070 595 5105 o.
616 5053 641 5104 2.
660 5057 686 5103 et
705 5052 729 5103 6.
766 5049 848 5104 Adde
872 5049 947 5120 quod
971 5049 999 5104 iu
1024 5056 1102 5105 textu
1124 5045 1180 5107 uon
1196 5053 1244 5109 ba·
1256 5023 1259 5088 l
1268 5049 1372 5120 jicitur,
1383 5049 1568 5119 quiaJelrooa
1580 5057 1714 5102 autemut
1727 5068 1840 5104 ararum
1853 5052 1922 5119 ejice.
1935 5051 2009 5107 idem
2020 5069 2046 5106 v.
2062 5060 2104 5111 25.

413 5140 511 5196 beatur
528 5136 596 5191 folia
615 5136 676 5206 ejus
695 5152 836 5205 uunquam
855 5136 992 5200 decident,
1020 5136 1069 5191 sed
1085 5137 1246 5208 simpliciter
1271 5154 1321 5190 suo
1341 5135 1513 5206 aliorumque
1535 5135 1660 5206 exemplo
1677 5153 1740 5190 cum
1758 5143 1923 5208 paupertate
1942 5130 2103 5196 conflictan-

414 5226 526 5294 dicitur,
552 5240 608 5277 non
633 5221 778 5290 decidunt,
807 5226 942 5293 quatenus
961 5221 1066 5277 scilicet
1089 5223 1171 5278 arbor
1198 5225 1247 5281 illa
1272 5224 1339 5277 tium
1358 5221 1466 5292 probet
1503 5220 1605 5277 Confer
1624 5221 1727 5280 Psalm.
1751 5228 1810 5286 118,
1836 5241 1860 5278 r.
1890 5230 1934 5281 te:
1965 5225 2105 5282 Graedsr

412 5329 490 5367 secus
508 5311 582 5365 rivos
600 5324 734 5380 aquarum
753 5308 880 5379 plantata
897 5308 1036 5362 vivificum
1051 5326 1164 5364 succum
1178 5310 1245 5366 hau·
1271 5309 1427 5379 impuleras
1456 5325 1497 5361 me
1523 5317 1553 5361 ut
1576 5311 1718 5376 caderem,
1749 5311 1800 5363 sed
1824 5310 1935 5364 Jelrova
1956 5313 2015 5377 fuit
2035 5315 2107 5370 midi

414 5398 449 5452 rit
466 5404 494 5453 et
514 5396 642 5465 attrahit;
669 5394 719 5448 sed
744 5394 855 5465 quaudo
875 5395 919 5448 vel
940 5395 1110 5462 eradicatur,
1134 5396 1177 5452 vel
1195 5396 1378 5473 hu-ssousilie
1396 5401 1424 5449 et
1441 5395 1572 5451 Proverb.
1591 5401 1638 5459 24,
1659 5415 1683 5450 v.
1705 5403 1747 5451 16:
1774 5397 1882 5465 Septies
1899 5399 1997 5467 jsutus
2015 5403 2104 5457 cadit.

413 5499 487 5538 more
505 5482 672 5549 destituitur,
691 5495 849 5536 exerescere
868 5479 990 5551 cogitem
1011 5481 1050 5535 ita
1067 5499 1177 5552 quoque
1197 5484 1245 5555 qui
1257 5478 1260 5515 l
1271 5481 1371 5537 lunius
1389 5481 1419 5537 in
1437 5480 1490 5536 hoc
1508 5481 1569 5536 loco
1587 5481 1687 5536 Psalm.
1702 5489 1747 5537 37:
1765 5483 1911 5540 Rationem
1929 5485 2034 5551 reddit,
2054 5507 2106 5543 aur

412 5587 430 5623 a
447 5569 571 5640 Christo,
600 5568 675 5623 ritae
693 5566 806 5633 arbore,
832 5584 862 5622 se
885 5566 1039 5622 voluntarie
1060 5566 1192 5639 aiellunt,
1213 5569 1540 5639 sepulcrocrum:
1559 5576 1585 5621 et
1604 5578 1743 5637 raaaeaat,
1763 5589 1823 5624 eum
1844 5572 1964 5641 improbi
1972 5585 2107 5646 paseat,

414 5655 534 5725 Spiritus
556 5673 639 5711 succo
652 5653 849 5719 destituuntur,
869 5652 980 5707 taudem
999 5660 1162 5709 exarescunt
1175 5660 1204 5709 et
1217 5655 1245 5709 in
1257 5622 1260 5693 l
1272 5674 1291 5709 a
1309 5655 1497 5708 leaeooleutia
1517 5663 1542 5708 et
1560 5656 1739 5725 beneficentia
1756 5658 1819 5725 Dei,
1838 5659 1888 5726 qui
1907 5659 1991 5713 etism
2009 5661 2106 5717 labea-

413 5741 505 5813 ignem
523 5741 717 5813 projiciuntur.
752 5739 833 5796 Rom.
854 5745 899 5804 11,
918 5756 943 5797 v,
965 5745 1010 5797 2οε
1040 5742 1097 5795 Per
1116 5699 1313 5800 isseretio-tter
1338 5758 1370 5795 ea
1393 5742 1556 5808 infimitate
1580 5743 1703 5810 pretiose
1730 5742 1853 5801 εατίίπαί.
1889 5746 1954 5799 Noa
1972 5747 2049 5804 caim
2065 5751 2108 5806 ita
