4800 6659
967 645 1019 704 Dii
1035 645 1148 706 Bonus
1165 647 1361 708 OPEBIBUS.
1974 664 2013 721 43

326 803 444 871 Ipsaque
464 803 599 857 uirtutum
620 806 728 873 qaudia
747 806 849 859 uulnus
867 805 981 869 babent,
1003 804 1153 858 ni‘Domi-
1179 813 1256 874 sunt,
1276 823 1348 876 quae
1365 806 1580 876 comprehendit.
1617 809 1705 863 Dicet
1723 825 1789 879 erqo
1807 809 1884 880 quis,
1904 809 2016 862 etiamsi

324 906 371 941 mss
393 890 557 944 miseranda
581 891 656 945 lauet
681 891 784 945 delicta
808 909 921 945 ntorum
947 900 972 944 et
1000 894 1073 944 dans
1097 893 1153 944 uir-
1179 892 1303 946 babuem
1323 894 1437 962 air'quid
1451 894 1565 964 justum,
1581 912 1636 948 non
1653 897 1837 966 respondebo,
1855 897 1908 949 sed
1924 912 2013 949 meum

323 982 406 1027 tutum
424 993 541 1030 munera
561 980 607 1030 det
623 979 740 1031 ueniam.
776 976 927 1048 Gregorius
946 976 993 1031 lib.
1016 982 1038 1033 8.
1057 976 1153 1032 moral.
1173 978 1317 1047 judicium
1343 982 1522 1050 deprecabor.
1569 982 1650 1035 Velut
1675 982 1703 1035 si
1732 983 1859 1053 apertius
1885 984 2014 1047 fatentia

322 1077 342 1115 c.
363 1066 408 1115 23:
433 1061 613 1123 Quantalibet
623 1065 740 1133 jscstitia
755 1064 893 1134 polleant,
912 1080 1086 1133 nequaqssam
1099 1063 1154 1116 sibi
1180 1066 1294 1123 anenn-
1323 1068 1390 1121 Etsi
1416 1070 1457 1121 ad
1473 1086 1544 1137 opus
1560 1069 1672 1122 oirtrstis
1690 1086 1845 1134 wetere,
1870 1070 1912 1122 ad
1928 1072 2013 1121 os'tan

322 1148 361 1200 ud
383 1149 571 1203 innocentiam
595 1151 678 1204 electi
700 1152 858 1220 sufficiunt,
882 1150 910 1203 si
930 1151 960 1204 in
972 1151 1088 1219 jndicio
1108 1152 1152 1204 di·
1178 1170 1234 1205 non
1252 1170 1286 1206 ea
1304 1154 1413 1224 merito,
1432 1157 1486 1208 sed
1504 1171 1537 1208 eu·
1553 1156 1635 1209 uenia
1653 1156 1821 1210 convalesco.
1857 1154 1945 1208 Prece
1959 1155 2012 1208 ito·

320 1234 415 1287 stricto
432 1237 632 1305 requirantnr,·
655 1239 707 1291 sed
724 1238 776 1291 boc
792 1225 925 1291 nunc'ad
940 1238 1075 1291 solatium
1095 1238 1152 1291 sive
1179 1256 1232 1308 quc
1258 1241 1430 1294 innitendum
1454 1249 1512 1310 est,
1539 1259 1602 1295 cum
1624 1249 1697 1296 reete
1723 1243 1849 1311 aqimus,
1875 1249 1907 1295 ut
1934 1257 2013 1294 omne

323 1321 486 1374 erectionem
498 1324 646 1391 inueniunt,
667 1326 744 1393 quod
760 1341 937 1393 nequaqnam
955 1340 985 1377 se
994 1340 1078 1394 posse
1091 1326 1151 1389 suf·
1179 1327 1258 1393 quod
1266 1326 1346 1394 juste
1362 1327 1487 1395 uiuimus,
1507 1344 1539 1379 ec
1555 1326 1714 1381 hnmilitate
1733 1328 1905 1383 cmdiamus.
1927 1344 1949 1381 c.
1969 1332 2010 1382 26.

320 1406 413 1475 ficere,
440 1407 583 1461 humiliter
604 1410 702 1463 sciunt.
737 1409 785 1467 lib.
808 1417 832 1465 9.
858 1410 952 1465 morai
976 1428 1000 1466 c.
1024 1417 1054 1466 2:
1079 1410 1151 1464 San·
1177 1410 1207 1463 in
1226 1410 1310 1479 illud,
1332 1412 1450 1466 verebar
1469 1414 1564 1466 omnia
1581 1430 1669 1483 opera
1686 1430 1761 1482 meo,
1796 1414 1837 1467 Ae
1853 1415 1891 1483 si,
1914 1413 2012 1485 inquit,

320 1499 377 1545 ctus
393 1494 446 1560 uir,
467 1495 535 1562 quia
555 1512 632 1547 omne
649 1496 760 1549 uirtutis
778 1505 891 1551 nostrae
907 1498 1035 1551 meritum
1052 1498 1150 1551 uitium
1177 1495 1280 1551 bamili
1305 1499 1481 1563 confessione
1500 1499 1655 1568 dicerdur,
1683 1516 1756 1569 quae
1780 1507 1878 1569 aperte
1901 1501 2011 1569 eqsrim,

320 1593 376 1630 esse
404 1580 556 1649 conspicit,
578 1581 605 1633 si
630 1582 666 1633 ab
687 1584 801 1636 interno
823 1584 944 1637 arbitrio
963 1584 1089 1637 destricte
1102 1582 1151 1651 ju·
1177 1582 1273 1650 uideo,
1295 1585 1348 1636 sed
1369 1600 1440 1652 quae
1457 1586 1487 1637 in
1505 1583 1548 1637 bis
1565 1585 1684 1638 latenter
1697 1585 1881 1654 pertulerim,
1905 1586 2012 1655 iqnorc.

319 1665 439 1733 dicetur,
457 1674 533 1719 recte
549 1667 704 1737 subjnnqit,
726 1671 888 1724 si=ooluerit
907 1671 1073 1724 contendere
1091 1687 1151 1729 cum
1178 1682 1200 1721 c.
1214 1672 1261 1723 28:
1279 1670 1444 1722 Notandum
1456 1672 1534 1739 quod
1545 1672 1589 1723 eir
1608 1680 1722 1725 sanctus
1740 1688 1796 1725 non
1814 1672 1864 1740 ait,
1878 1672 2013 1736 firmarem

319 1766 361 1817 eo,
392 1769 450 1804 non
478 1753 583 1821 poterit
615 1755 642 1806 ei
675 1758 844 1824 respondere
874 1775 959 1809 unum
984 1773 1039 1826 pro
1066 1756 1151 1808 mille.
1177 1770 1279 1807 monus
1301 1772 1379 1808 meae
1402 1756 1617 1826 mundusimae,
1640 1759 1693 1810 sed
1714 1758 1789 1811 uelut
1813 1758 2012 1812 mundissimae

319 1836 437 1908 (Excipit
469 1838 667 1908 Bellarminus‚
699 1843 826 1895 districte
852 1844 987 1912 judicari
1012 1843 1062 1895 boc
1088 1843 1150 1897 loco
1177 1856 1277 1892 monim
1294 1858 1379 1910 meae,
1398 1844 1466 1911 quia
1484 1859 1625 1913 quousque
1640 1860 1735 1912 poena
1754 1844 1944 1913 comptionis
1960 1846 2012 1897 ad·

318 1924 387 1976 nibil
405 1924 490 1978 aliud
508 1944 578 1995 esse,
602 1945 685 1997 quum
698 1930 834 1998 judicari
852 1946 884 1981 eu
901 1929 958 1994 bis,
979 1945 1051 1998 quoe
1068 1929 1149 1982 boma
1177 1927 1356 1995 strinqimur,
1389 1930 1538 1997 quamlibet
1569 1932 1653 1983 rectis
1683 1931 1815 1999 aperilem
1843 1931 2012 1998 insudemus,
2077 1957 2079 1962 ·

318 2010 394 2064 babet
425 2028 458 2064 ea
485 2030 515 2065 se
543 2018 657 2068 remotis
684 2015 766 2069 donis
791 2016 903 2084 qratiae
929 2017 1003 2084 Dei;
1035 2015 1080 2068 eui
1106 2032 1149 2070 ex·
1176 2028 1270 2065 veram
1294 2016 1456 2069 munditiem
1482 2032 1659 2086 nequaquam
1683 2017 1935 2087 apprehendimus,
1962 2019 2014 2070 sed

319 2097 438 2167 ceptioui
460 2099 527 2170 quid
545 2100 724 2155 tribuendum
744 2100 787 2169 sit,
809 2102 917 2173 patebit
935 2118 968 2155 ex
988 2101 1051 2156 eiiis
1069 2101 1149 2157 dictis
1178 2099 1325 2152 imitamur.
1373 2100 1421 2158 lib.
1452 2103 1503 2159 ult
1533 2120 1556 2157 c.
1586 2104 1652 2158 ult:
1686 2102 1720 2157 Si
1747 2107 1783 2157 de
1812 2104 1857 2158 liis
1886 2106 2013 2159 munte

319 2179 463 2255 Gregorii).
496 2185 573 2240 Idem
593 2186 640 2242 lib.
661 2194 685 2244 9.
703 2188 797 2243 moral.
817 2205 841 2243 c.
863 2193 908 2243 11:
931 2189 1054 2258 Repente
1072 2191 1151 2242 Dens
1177 2184 1356 2255 discutimur,
1383 2190 1446 2257 quis
1473 2190 1547 2242 inter
1573 2190 1629 2243 isto
1652 2197 1778 2243 remanet
1803 2191 2012 2257 submisimus,

319 2269 484 2338 interraqat,
508 2291 569 2325 mem
593 2291 645 2327 nos
669 2275 710 2327 ad
728 2276 931 2327 districtionem
950 2276 997 2329 sui
1014 2277 1151 2329 mominis
1177 2274 1291 2340 meando
1316 2282 1341 2327 et
1365 2276 1444 2328 mala
1464 2283 1563 2329 nostro
1589 2294 1666 2345 puro
1689 2276 1767 2329 mala
1791 2284 1856 2329 msnt
1880 2285 1907 2331 et
1930 2278 2011 2347 bonu,

318 2364 408 2423 cocat,
435 2359 487 2410 sed
510 2361 552 2412 ad
579 2360 825 2429 interroqationcm
844 2361 923 2414 illius
938 2362 1018 2416 bomo
1037 2380 1149 2433 respon·
1177 2374 1249 2426 qtae
1269 2378 1326 2413 non
1349 2361 1449 2414 babere
1472 2362 1626 2432 eredimus,
1644 2364 1815 2432 petrabona
1833 2380 1892 2418 esee
1908 2380 2010 2433 nequa·

320 2442 384 2494 dere
401 2459 457 2494 non
475 2447 590 2511 msfiu‘t,
609 2447 676 2515 quia
693 2448 720 2499 si
734 2455 842 2500 rennota
862 2455 926 2501 tunc
938 2448 1047 2517 pietate
1057 2450 1149 2502 discu
1177 2462 1261 2513 quam
1272 2455 1401 2515 posstmt.
1425 2442 1619 2515 (Bellsrminus
1632 2450 1811 2520 repetiturus
1826 2449 2009 2521 exceptiones,

319 2529 398 2595 turer,
427 2529 457 2581 in
475 2530 526 2582 illc
546 2534 671 2585 examine
690 2534 773 2586 etiam
785 2534 932 2602 justorum
951 2535 1009 2588 uita
1028 2552 1150 2589 unarm-
1177 2531 1211 2587 de
1230 2532 1331 2603 quibus
1348 2550 1382 2589 ex
1398 2534 1625 2590 antecedentibus
1639 2542 1713 2591 etex
1726 2535 1794 2606 ipsis
1807 2533 1936 2608 Gregorii
1948 2554 2007 2593 ren

319 2614 355 2666 bit
373 2614 453 2685 (qnid
472 2615 508 2669 ad
530 2616 633 2670 clariss.
654 2617 707 2673 hoc
727 2620 831 2673 dictum
852 2620 1056 2676 Bellerminus?
1078 2623 1149 2677 exci·
1175 2618 1219 2673 bis
1239 2618 1376 2690 J'udicium
1401 2620 1461 2675 fieri
1485 2622 1596 2692 potest)
1636 2621 1797 2679 Notandum
1822 2620 2007 2694 singulariter,

319 2701 362 2771 pit,
382 2719 470 2771 opera
481 2703 626 2770 justorum
643 2704 674 2755 in
686 2706 799 2772 judicio
814 2707 874 2759 Dei
891 2709 1074 2778 succcumbere,
1093 2727 1149 2764 non
1175 2706 1251 2775 quod
1269 2705 1455 2761 Bellarminue
1474 2707 1526 2762 hoe
1545 2707 1606 2763 loco
1624 2709 1765 2777 concedit,
1778 2718 1898 2779 peccata
1916 2711 2008 2764 tenia-

320 2790 392 2856 quod
414 2788 479 2857 ipsa
505 2790 560 2842 sint
581 2797 713 2857 peccata,
739 2790 792 2841 sed
808 2792 963 2859 quiajnsti
979 2794 1149 2863 inpeccatis
1175 2790 1225 2859 lia,
1242 2791 1270 2844 n·
1285 2807 1341 2845 non
1362 2794 1583 2848 misericorditer
1599 2796 1785 2864 remittantur,
1804 2796 1961 2866 impediant
1973 2798 2008 2849 ab

319 2874 500 2942 inueniuntur,
519 2876 554 2928 de
573 2875 672 2943 quibus
687 2875 795 2928 nullam
814 2885 928 2943 eperunt
936 2881 1146 2943 poenitentiam.
1173 2878 1302 2946 inqressu
1320 2880 1447 2934 caelatis
1463 2882 1560 2950 reqni,·
1582 2881 1658 2952 qnod
1675 2880 1699 2936 si
1716 2898 1811 2937 verum
1824 2888 1873 2952 est,
1892 2888 2009 2938 utcerte

319 2959 354 3013 At
376 2959 400 3012 si
426 2959 456 3013 in
479 2959 604 3014 districto
622 2960 675 3015 Dei
702 2960 827 3015 examine
853 2960 912 3014 ritu
932 2961 1069 3031 justornm
1087 2981 1148 3017 suc-
1173 2971 1216 3017 est
1244 2963 1432 3036 verissimum,
1463 2967 1601 3038 quomodo
1633 2973 1750 3038 peccata
1780 2968 1829 3022 ilia
1855 2974 1936 3024 emunt
1958 2985 2010 3023 sua

319 3046 429 3109 cumbit,
449 3047 587 3118 quomodo
607 3046 725 3101 actualis
740 3046 851 3117 Justitia
869 3046 922 3100 erit
932 3046 1075 3117 perfecta?
1092 3067 1148 3104 nou
1172 3056 1273 3103 natura
1301 3051 1442 3105 venialia?
1478 3052 1616 3123 quomodo
1642 3054 1780 3124 J'ustitiam
1810 3071 1924 3126 operum
1953 3071 2008 3110 uon

320 3130 447 3196 dicimus,
471 3133 545 3187 bona
571 3150 656 3203 opera
666 3134 804 3203 justorum
826 3148 885 3187 esse
911 3132 1063 3188 formaliter
1086 3151 1148 3205 pec·
1173 3132 1296 3187 reddunt
1314 3130 1504 3201 imperfectam
1521 3146 1551 3192 et
1566 3139 1725 3209 impuram?
1765 3139 1825 3197 Nec
1851 3148 1906 3208 est,
1934 3140 2008 3213 quod

319 3226 393 3286 csta,
421 3219 496 3273 absit
515 3218 588 3274 enim
605 3225 637 3273 ut
654 3217 800 3274 discrimen
817 3218 889 3273 inter
906 3225 1062 3289 peccataet
1075 3219 1150 3275 bonu
1174 3215 1359 3271 Bellarminus
1395 3222 1537 3288 obruerat,
1576 3226 1802 3279 misericordiam
1841 3227 1900 3281 Dei
1928 3228 2009 3296 justo

319 3321 398 3375 opera
415 3304 555 3373 tollamus,
575 3306 623 3360 sed
641 3305 717 3360 bonu
734 3322 819 3376 opera
837 3305 952 3360 dicimus
972 3324 1032 3361 esse
1049 3306 1149 3378 imper·
1168 3302 1284 3371 judicio
1304 3303 1401 3356 deberi
1410 3303 1514 3372 justu,
1543 3309 1593 3373 qui
1611 3309 1676 3361 bene
1703 3316 1871 3376 operantur-,-
1895 3311 2008 3366 sienim

318 3391 387 3447 iectu
405 3398 435 3446 et
452 3391 574 3464 peccatis
595 3392 790 3459 contaminata,
805 3408 860 3463 quo
879 3408 963 3446 seusu
982 3399 1148 3463 etrespectu
1175 3396 1217 3442 est
1235 3405 1300 3443 vere
1318 3397 1348 3443 et
1364 3387 1475 3459 proprie
1491 3388 1566 3443 dicta
1592 3388 1792 3455 misericordia,
1814 3407 1870 3445 nou
1898 3397 1951 3447 srit
1963 3398 2008 3462 J‘u·

318 3486 430 3547 peccata
455 3478 593 3533 dicuntur.
624 3477 755 3533 Caeteros
772 3478 802 3532 iu
821 3477 952 3533 enchirid.
970 3496 998 3549 p.
1016 3484 1075 3536 217.
1092 3498 1149 3535 non
1174 3475 1267 3531 stitiae
1287 3475 1417 3530 debitum.
1452 3476 1531 3531 Rom
1555 3482 1594 3541 11,
1612 3493 1637 3530 v.
1659 3482 1689 3532 t:
1710 3477 1745 3531 st
1763 3493 1796 3529 ea
1812 3478 1920 3546 potia,
1942 3479 2007 3545 jam

318 3563 463 3635 diffitetur,
490 3566 602 3636 quando
627 3565 656 3618 in
682 3565 791 3619 actione
814 3565 939 3635 quamvis
958 3582 1008 3635 por
1027 3582 1056 3619 se
1074 3565 1149 3620 bona
1173 3580 1229 3616 non
1252 3579 1286 3616 eu
1306 3563 1444 3633 operibus.
1480 3560 1559 3617 Idem
1583 3562 1612 3616 in
1635 3579 1659 3619 c.
1679 3569 1702 3619 7.
1723 3561 1804 3618 Jobi:
1825 3562 1906 3616 Justi
1921 3577 2008 3631 omne,

318 3651 404 3706 adhuc
424 3651 531 3723 aliquid
550 3652 641 3720 decet,
668 3652 742 3723 quod
761 3652 858 3708 adesse
877 3652 986 3721 debeat,
1005 3651 1033 3706 id
1052 3669 1147 3724 pecca·
1174 3651 1251 3718 quod
1270 3656 1370 3719 aqunt,
1387 3656 1523 3718 metuunt,
1542 3650 1609 3701 dum
1627 3656 1707 3702 carde
1725 3649 1920 3712 considerant,
1943 3656 2008 3703 ante

317 3744 371 3793 tum
398 3755 467 3794 esse.
509 3738 591 3803 Quod
615 3739 699 3810 justis
724 3739 861 3810 quaedam
885 3747 1001 3810 peccata
1024 3738 1148 3795 minuun-
1174 3737 1251 3804 quod
1272 3735 1412 3803 indicium
1434 3735 1553 3787 stabunt.
1595 3734 1771 3788 &undant
1796 3734 1875 3788 mala
1893 3735 2011 3805 proprii

317 3831 371 3894 tur,
399 3826 434 3880 de
454 3824 556 3896 quibus
574 3825 679 3879 nullum
698 3825 806 3897 egerint
820 3826 1032 3896 poenitentiam,
1058 3826 1148 3898 dupli·
1174 3822 1269 3891 operis
1287 3830 1311 3875 et
1329 3830 1428 3875 contra
1444 3829 1616 3890 eraqqerost
1635 3822 1707 3875 bona
1719 3822 1830 3891 prateae
1843 3821 2007 3878 conditoris.

318 3910 382 3965 citer
414 3910 533 3983 intelligi
563 3920 670 3982 potest,
703 3912 748 3967 vel
777 3912 811 3965 de
837 3911 959 3983 peccetis
986 3912 1148 3968 voluntariis
1174 3907 1363 3962 Conciderant
1377 3922 1471 3978 meua
1488 3923 1573 3977 quam
1590 3907 1717 3961 districte
1731 3908 1857 3976 judicet,
1884 3915 1910 3961 et
1936 3908 2008 3962 bona

319 4006 412 4052 cauma
449 3997 646 4052 conscientium
681 3998 825 4062 admissis,
869 3998 970 4069 quodsi
1014 4000 1048 4054 de
1094 4000 1149 4055 illis
1173 4012 1262 4064 opero
1280 4011 1364 4064 quarn
1381 3994 1523 4048 subtiliter
1539 4000 1637 4063 penset
1655 4000 1682 4047 et
1695 3994 1841 4062 perituros
1858 4011 1888 4048 se
1904 3994 2007 4063 absque

318 4100 368 4139 non
399 4091 489 4155 agunt
516 4085 727 4156 poenitentiam,
757 4085 887 4140 desinunt
906 4101 974 4140 ‘csse
994 4086 1078 4157 justi;
1104 4088 1149 4142 vel
1174 4081 1356 4151 antisquitate
1362 4080 1539 4150 eracemum,
1559 4081 1586 4133 εἰ
1602 4087 1710 4134 remota
1717 4080 2009 4149 pietatejuditentm,

318 4169 349 4225 ds
381 4170 505 4242 peccatis
541 4170 721 4235 infirmitatis,
760 4171 796 4224 ds
830 4170 932 4241 quibus
969 4173 1094 4243 quamvis
1119 4172 1149 4226 in
1175 4169 1243 4237 quia
1266 4168 1318 4220 boc
1343 4168 1434 4236 ipsum
1461 4183 1568 4236 quoque
1594 4168 1671 4236 quod
1687 4167 1761 4235 justi
1776 4167 1904 4220 uidem
1917 4167 2010 4220 uiuere

318 4257 406 4326 specie
440 4274 495 4310 non
530 4264 618 4328 egunt
652 4256 870 4328 poenitentiam,
907 4258 1073 4328 generaliter
1108 4266 1148 4312 ta·
1176 4264 1216 4308 est
1232 4254 1326 4323 culpa,
1344 4254 1371 4306 si
1388 4253 1475 4307 mium
1494 4260 1628 4321 nostram,
1646 4270 1708 4307 cum
1717 4253 1834 4321 judicat
1846 4254 2011 4322 bancapud

318 4359 375 4397 men
414 4360 448 4399 ea
481 4350 637 4415 agnoscunt
674 4360 706 4398 ac
744 4342 890 4414 deplorant
930 4351 1015 4417 atque
1054 4361 1149 4400 eorum
1175 4358 1218 4410 se,
1245 4341 1343 4394 diuina
1367 4338 1562 4393 misericordia
1587 4356 1643 4393 non
1667 4346 1787 4395 eanum.
1827 4337 1915 4395 ibid:
1939 4339 2010 4408 Ipsa

318 4431 501 4485 remissionem
528 4447 578 4501 per
604 4429 686 4485 fidem
719 4429 876 4500 impetrent
923 4429 953 4486 si
991 4431 1025 4487 de
1059 4437 1149 4503 poste·
1174 4428 1286 4497 justitia
1304 4434 1400 4481 nostra
1421 4429 1464 4480 ad
1481 4442 1595 4479 women
1609 4425 1743 4494 justitiae
1762 4425 1876 4480 diuinae
1889 4426 2011 4479 deducta

319 4516 378 4570 nnn
406 4526 586 4587 metaurum
613 4533 713 4587 genere
737 4515 924 4571 reclinatum
947 4500 1083 4589 ioquin,
1108 4518 1149 4572 in-
1175 4514 1316 4583 ujmna
1332 4522 1381 4582 ar,
1398 4514 1495 4567 saar
1512 4513 1542 4566 a
1561 4512 1735 4566 namnum
1748 4512 1870 4582 juant,
1888 4514 1965 4582 qua
1981 4512 2010 4566 n

319 4604 447 4657 vertimus
481 4604 542 4674 ejus
579 4618 746 4674 responsum.
795 4602 901 4667 Quodsi
924 4604 1012 4658 ‘enim
1046 4604 1150 4659 renatis
1176 4601 1368 4654 aestimatione
1382 4599 1475 4668 fulqet
1494 4600 1645 4668 operantis,
1674 4600 1749 4652 unde
1766 4606 1793 4652 et
1811 4599 1930 4667 Paulus,
1948 4617 2009 4652 mm

248 4694 274 4737 111.
283 4699 349 4743 unc
374 4689 459 4759 justis
486 4690 623 4760 quaedam
650 4697 767 4761 peccata
794 4689 958 4759 adhaerent,
987 4690 1022 4744 de
1048 4690 1149 4762 quibus
1176 4687 1295 4740 dana:
1312 4686 1385 4739 nibil
1401 4686 1472 4738 mebi
1487 4685 1614 4739 conamus
1630 4702 1698 4753 sum,
1712 4685 1846 4753 protinus
1861 4686 2010 4755 adjunxit,-

319 4793 369 4830 uon
386 4782 476 4848 egunt
492 4776 700 4847 poenitentiam,
716 4776 768 4831 hoc
787 4782 830 4831 est
847 4794 918 4847 quae
938 4776 967 4829 in
984 4776 1075 4847 specie
1094 4792 1149 4830 non
1175 4776 1228 4826 sed
1253 4774 1283 4826 in
1306 4774 1359 4827 boc
1381 4791 1437 4826 non
1463 4790 1523 4825 sum
1548 4771 1727 4840 justificatus.
1776 4770 1811 4825 In
1834 4789 1856 4828 c.
1885 4778 1909 4828 9.
1928 4770 2009 4827 Jobi:

319 4870 470 4935 agnoscunt
487 4879 520 4917 ac
538 4863 701 4934 nequidem
721 4880 872 4935 agnoscere
885 4870 1008 4935 possunt,
1024 4864 1074 4917 sed
1086 4880 1149 4918 cum
1177 4860 1297 4913 sanna
1316 4860 1369 4913 Iob
1384 4858 1510 4925 videbat,
1529 4858 1624 4911 amnia
1640 4865 1738 4912 nostra
1756 4858 1829 4911 bona
1846 4875 1933 4928 opera
1951 4874 2010 4910 esse

319 4952 402 5020 psalte
422 4949 501 5021 regio
519 4966 598 5006 orare
617 4955 755 5023 coguntur
771 4951 875 5005 Psalm.
898 4957 943 5015 19,
969 4968 994 5005 v.
1018 4955 1062 5006 13:
1091 4953 1150 5005 De·
1174 4964 1254 4999 mera
1267 4954 1401 5016 peccata,
1426 4945 1454 4998 si
1465 4945 1637 5013 judicantur
1654 4961 1674 4997 o
1691 4945 1771 5014 Deo,
1796 4947 1861 4998 ideo
1879 4944 1962 5011 dicit,
1984 4944 2012 4996 n·

320 5036 383 5089 licta
409 5039 473 5106 quis
497 5036 644 5106 inteltiqit,
661 5038 707 5090 »ab
737 5038 855 5091 occultis
879 5038 948 5090 meis
971 5038 1076 5090 munda
1099 5054 1149 5105 me,
1175 5032 1294 5087 voluerit
1311 5033 1391 5085 borno
1412 5033 1578 5085 contendere
1596 5048 1657 5085 cum
1675 5046 1717 5101 eo,
1735 5048 1791 5084 non
1806 5030 1914 5099 poterit
1931 5029 2009 5081 eire-

320 5123 455 5192 quomodo
477 5122 624 5178 inhaerens
642 5129 670 5178 et
688 5124 805 5178 actualis
824 5123 947 5194 ipsorum
962 5122 1072 5193 justitia
1087 5130 1149 5194 pot·
1175 5121 1314 5189 spondam
1342 5136 1427 5171 unum
1450 5131 1507 5187 pro
1537 5117 1624 5171 mille.
1670 5116 1704 5172 Iu
1722 5115 1821 5172 Erech.
1851 5114 1943 5170 homri
1975 5118 2008 5168 4:

320 5209 367 5262 erit
383 5226 445 5264 esse
463 5225 496 5263 ac
514 5209 569 5263 dici
586 5208 731 5281 perfecta?
749 5207 778 5265 Si
790 5216 903 5281 propter
914 5209 1024 5264 occulta
1034 5217 1150 5279 peccata
1178 5205 1383 5269 Quantumlibet
1416 5206 1509 5258 saneti
1534 5205 1590 5258 sint
1613 5204 1671 5258 uiri
1691 5205 1723 5258 in
1745 5205 1799 5258 bac
1823 5203 1917 5256 adbuc
1941 5200 2009 5269 uite,

318 5296 370 5350 rito
384 5297 523 5367 justorum
542 5296 571 5349 in
590 5296 716 5351 districto
735 5296 820 5351 divini
834 5296 933 5367 judicii
953 5296 1077 5351 examine
1089 5313 1149 5350 suc·
1175 5295 1275 5347 babent
1293 5300 1391 5360 tamen,
1409 5294 1487 5361 qiud
1497 5299 1563 5345 ante
1571 5292 1632 5345 Dei
1649 5292 1746 5346 omnmo
1760 5290 1871 5361 operire
1883 5288 2009 5351 debeam,

319 5383 430 5451 cumbit,
455 5383 593 5453 quomodo
611 5387 728 5453 peccata
748 5382 796 5436 illa
817 5391 898 5437 erunt
916 5400 967 5437 sun
986 5388 1086 5436 natura
1104 5399 1149 5437 vc·
1175 5381 1244 5449 quia
1261 5379 1371 5433 omnino
1390 5384 1431 5431 est
1448 5378 1629 5460 impossibile,
1647 5386 1677 5431 ut
1693 5379 1793 5432 autin
1809 5389 1893 5445 opere
1910 5382 1960 5428 out
1980 5374 2010 5428 in

319 5468 399 5522 nsua
425 5467 485 5523 nn
509 5468 592 5524 venia
619 5468 740 5541 cinni)
777 5468 856 5524 uem
880 5468 943 5525 nur.
969 5468 1029 5523 eoa.
1052 5454 1312 5525 nominamus
1331 5465 1615 5534 antennarum
1634 5482 1691 5517 mn
1707 5463 1881 5530 autumn.
1911 5460 2011 5516 Ama-

286 5542 293 5553 *
318 5569 338 5608 c.
357 5561 401 5610 li:
430 5553 527 5608 Omnis
552 5557 675 5609 humana
697 5556 814 5626 justitia
839 5555 982 5625 injustitia
1002 5572 1061 5609 esse
1086 5529 1236 5609 con-imus
1254 5553 1283 5608 in
1306 5558 1328 5608 1.
1346 5551 1407 5608 Cor.
1425 5558 1458 5608 4:
1478 5553 1529 5606 Ad
1545 5552 1607 5621 ejus
1624 5567 1738 5605 momen
1763 5549 1823 5602 uita
1842 5557 1942 5602 nostra
1959 5550 2010 5601 du·

317 5639 448 5710 matur,
470 5642 497 5693 si
518 5642 646 5694 dictricte
662 5643 818 5711 judicetur,
838 5659 926 5711 prece
940 5659 1006 5711 erqo
1023 5650 1087 5713 post
1101 5604 1257 5711 ‚iu-icitur,
1285 5642 1408 5710 subque
1427 5641 1584 5693 etoirtutes
1601 5646 1716 5692 nostroe
1732 5636 1885 5706 trepidant.
1925 5635 2011 5690 Beru-

317 5728 418 5781 sinan
443 5727 564 5796 indiqu,
589 5738 620 5781 nt
643 5745 715 5798 quae
732 5730 908 5782 succcumbere
927 5730 1055 5782 discussa
1067 5711 1278 5835 pote-²hardua
1305 5742 1385 5781 serm.
1407 5732 1431 5781 5.
1460 5725 1494 5781 de
1515 5724 1590 5780 verb.
1614 5723 1714 5777 muse
1736 5722 1787 5779 coi
1811 5728 1877 5777 250:
1901 5722 2010 5775 Nostra

316 5808 366 5883 rm,
382 5832 416 5869 eu
429 5814 496 5868 sola
506 5814 619 5883 judicis
632 5815 739 5883 pietate
758 5816 964 5871 conualescant.
1002 5817 1086 5870 Mens
1101 5817 1149 5869 bu-
1162 5855 1163 5872 2
1174 5816 1201 5868 si
1218 5821 1332 5884 quaest
1353 5812 1466 5867 ianuis
1479 5811 1611 5881 justitia,
1636 5816 1713 5863 reeta
1734 5810 1856 5876 forsan,
1880 5809 1932 5861 sed
1955 5823 2010 5861 non

316 5919 396 5955 mana
424 5901 472 5953 uic
496 5902 694 5971 comprehensa
719 5903 832 5971 peragit
860 5909 885 5953 ct
911 5902 997 5954 ualde
1024 5910 1147 5957 ennena
1160 5876 1163 5923 Ι
1168 5918 1266 5971 pura,
1283 5900 1342 5955 nisi
1354 5901 1430 5965 forte
1447 5898 1576 5952 meliores
1593 5913 1644 5950 nos
1668 5912 1726 5951 esse
1743 5896 1899 5962 credimus,
1924 5907 2010 5962 quam
