4800 6659
948 575 999 630 DE
1021 574 1143 632 SACRO
1160 574 1363 633 BAPTISMO.
1946 586 2005 644 stt

308 722 473 797 Pelagisni,
504 729 541 784 de
569 730 670 801 quibus
696 729 825 785 Peresius
851 736 996 785 comment
1023 730 1053 783 in
1071 745 1097 786 c.
1118 734 1143 782 5.
1156 744 1159 812 1
1171 728 1322 800 colligitur,
1343 730 1418 802 quod
1438 729 1507 786 nihil
1525 729 1647 785 sordium
1665 729 1695 783 in
1712 730 1839 801 subjecto
1857 731 2005 803 relinquat

308 808 386 865 Rom.
406 830 482 867 num.
502 822 531 869 9:
558 815 713 900 Pelopiqni
737 817 805 869 oiim
824 817 999 886 asfinpebont
1019 814 1142 868 0111110ῑί-
1171 813 1293 887 Sanguis
1311 816 1413 872 Christi
1437 817 1554 872 mundat
1577 832 1632 871 non
1654 815 1784 886 physice,
1806 818 1856 871 sod
1879 818 2005 888 mystice,

309 896 349 950 cis
366 898 454 951 talem
473 915 612 967 errorem,
636 902 720 970 quasi
736 903 873 971 dicerent,
895 903 1144 972 perceptionum
1171 919 1228 956 non
1250 903 1279 957 in
1298 903 1391 958 oculis
1416 903 1571 971 hominum,
1593 902 1642 958 sed
1658 901 1720 957 Dei.
1755 902 1834 958 Haec
1854 910 1886 958 ut
1903 905 2005 960 rectius

309 985 427 1053 auferri
448 988 561 1042 omnino
582 998 716 1057 peccota,
742 992 794 1043 sed
821 990 906 1058 quasi
929 989 1051 1057 capillos
1069 987 1144 1051 rodi,
1171 987 1331 1059 alligantur,
1361 997 1428 1045 nota
1457 991 1592 1061 porroz**
1630 996 1652 1045 t.
1675 987 1824 1044 Peccatum
1847 990 2005 1045 considera·

307 1072 515 1126 remanentibus
540 1090 635 1127 eorum
657 1076 816 1143 radicibus,
844 1077 919 1129 uncte
944 1076 1045 1128 iterum
1063 1091 1144 1128 reuc—
1170 1082 1217 1129 tur
1233 1074 1278 1130 vel
1296 1075 1422 1132 absolute
1441 1075 1470 1129 in
1488 1075 1713 1145 praedicamento
1729 1074 1887 1145 qualitatis,
1912 1081 1944 1129 ut
1960 1080 2004 1129 est
2018 1077 2054 1169 11,
2070 1076 2113 1120 ¹72

307 1164 430 1212 uantur.
475 1157 663 1228 Amasenus,
692 1162 814 1229 Dicunt,
847 1162 952 1230 inquit,
984 1159 1144 1228 Pelopiam,
1171 1159 1321 1232 vitiositas,
1345 1162 1512 1216 inordinatio
1535 1167 1563 1216 et
1586 1159 1705 1233 ἀνομίας
1726 1159 1889 1229 velrelate,
1910 1128 2078 1215 111111111011

308 1242 477 1311 baptismum
504 1263 560 1298 non
579 1247 650 1300 dare
670 1264 777 1301 omnem
795 1247 1000 1316 induiqentiem
1015 1256 1144 1316 peccato·
1171 1245 1329 1303 damnabile
1353 1247 1435 1319 quid,
1462 1265 1523 1303 reos
1541 1265 1591 1302 nos
1609 1247 1713 1302 faciens
1730 1264 1822 1302 coram
1842 1247 1911 1302 Deo.
1951 1246 2005 1302 Re·

306 1346 369 1381 rum
387 1338 438 1383 eut
456 1333 573 1399 auferre
591 1333 724 1399 crimina,
751 1334 802 1386 secl
823 1334 939 1400 redere,
968 1342 998 1386 ut
1023 1332 1144 1386 omnium
1170 1340 1269 1404 spectu
1287 1334 1439 1404 posteriore
1457 1333 1541 1406 plane
1559 1334 1680 1398 tollitur,
1699 1334 1824 1389 aufertur
1842 1351 1875 1388 ac
1895 1332 2005 1388 detetur

303 1424 486 1482 peccatorum
502 1418 617 1470 radices
637 1419 669 1471 in
688 1419 766 1472 nscia
784 1435 869 1472 eurise
889 1427 1045 1474 teneantur.
1078 1418 1144 1482 Quis
1171 1427 1332 1491 peccatum,
1360 1422 1413 1477 hoc
1439 1427 1482 1477 est
1508 1428 1600 1477 reatus
1625 1422 1733 1491 peccati
1761 1421 1789 1475 in
1813 1419 2005 1486 credentibua3

307 1501 358 1553 loc
387 1503 525 1555 adversm
552 1502 727 1573 Catholicos,
757 1505 846 1573 inquit
873 1508 1063 1574 Aequstinus,
1088 1505 1147 1558 nesi
1170 1515 1298 1578 respectu
1322 1508 1413 1578 priore
1437 1526 1494 1563 non
1515 1508 1597 1579 plane
1622 1507 1743 1571 tollitur,
1768 1513 1862 1562 manet
1876 1506 1949 1561 enim
1966 1507 2006 1559 vi-

307 1587 435 1650 infidelis
458 1589 607 1657 affirmet!
640 1592 772 1645 Dicimus
794 1592 867 1644 enim
886 1592 1054 1661 baptismum
1073 1594 1144 1646 dore
1170 1594 1277 1649 tiositas
1304 1594 1354 1648 illa
1380 1599 1509 1657 naturae,
1543 1593 1608 1647 licct
1634 1593 1769 1661 refracta,
1797 1593 1944 1648 imminuta
1980 1599 2007 1646 et

308 1676 431 1728 omnium
456 1675 661 1744 indulgentiam
683 1685 864 1747 peccatorum
892 1686 918 1731 et
944 1681 1063 1744 aufem
1090 1680 1144 1731 cri·
1170 1679 1377 1751 castigatucui
1397 1679 1598 1751 perspiritum
1617 1698 1638 1735 s.
1656 1679 1745 1734 renati
1763 1680 1886 1751 quotidie
1905 1678 2008 1733 debent

307 1762 393 1827 uuna,
411 1778 468 1815 uon
487 1764 600 1826 radere,
616 1779 666 1816 nec
683 1771 713 1816 ut
733 1763 854 1816 omnium
868 1773 1050 1832 peccatorum
1064 1764 1143 1818 radi·
1168 1764 1309 1833 resistere,
1348 1766 1466 1821 candem
1502 1765 1667 1821 mortificare
1704 1772 1733 1821 et
1768 1767 1797 1820 in
1828 1764 2007 1821 renovatione

308 1864 351 1901 ces
370 1848 401 1901 in
419 1847 498 1901 maia
517 1866 603 1903 cerne
622 1857 780 1916 terreantur,
805 1851 887 1918 quum
902 1868 1033 1905 rasorum
1049 1851 1079 1904 in
1098 1868 1143 1904 co·
1170 1861 1300 1907 crescere
1342 1857 1367 1907 2.
1392 1852 1474 1906 Hanc
1503 1852 1708 1907 distinctionem
1735 1851 1900 1906 confirmant
1925 1868 2006 1922 argu·

304 1935 363 2002 pite
393 1933 579 2004 capiliorum,
608 1938 683 1989 unde
706 1944 833 1990 crescunt
857 1936 958 1990 iterum
978 1938 1143 1990 resecanda.
1171 1944 1266 1991 ments
1290 1938 1417 2008 superius
1440 1937 1576 2006 adducta,
1605 1955 1677 2009 quae
1695 1944 1845 2005 testantur,
1875 1940 1905 1991 in
1923 1953 2007 1991 come

308 2020 418 2074 Eodem
435 2029 564 2089 spectare
581 2021 701 2089 uidetur,
721 2026 797 2091 quod
818 2023 973 2091 Greporiue
991 2024 1088 2077 hebet:
1110 2023 1146 2077 si
1170 2032 1331 2078 renatorum
1351 2025 1476 2078 habiture
1498 2025 1593 2078 adhuc
1608 2033 1755 2093 peccatum
1775 2024 1855 2080 Rom.
1876 2031 1899 2088 i,
1918 2042 1942 2079 v.
1968 2030 2007 2080 te.

308 2107 358 2175 qui
373 2114 447 2169 sunt,
466 2109 518 2175 qui
532 2109 664 2162 dicuntur
678 2109 844 2177 baptismate
853 2117 971 2178 peccatu
983 2110 1144 2178 superficie·
1170 2110 1378 2165 renovationem
1406 2112 1532 2180 quotidie
1559 2111 1659 2164 debere
1686 2128 1811 2165 mercem
1842 2116 1866 2165 2.
1893 2110 1955 2165 Cor.
1983 2116 2007 2177 t,

309 2201 388 2247 mnus
403 2194 523 2260 dimitti,
541 2194 666 2263 infidelis
686 2203 735 2251 eet.
772 2195 806 2249 Si
819 2204 938 2264 peccato
957 2197 987 2250 in
1006 2196 1144 2265 baptismo
1171 2214 1196 2249 v.
1219 2203 1258 2252 16.
1275 2206 1392 2251 veterem
1409 2196 1547 2251 hominem
1565 2198 1721 2251 exuendum
1740 2196 1799 2251 Col.
1819 2200 1843 2264 3,
1862 2214 1887 2248 ν.
1903 2203 1926 2250 9.
1956 2195 2006 2250 Co·

308 2298 363 2334 noa
382 2281 521 2347 funditus
545 2280 738 2351 dimittuntur,
764 2285 903 2351 quomodo
928 2283 978 2352 qui
1000 2283 1076 2337 lotus
1096 2292 1144 2350 cat,
1171 2282 1266 2337 rinthii
1289 2290 1355 2337 sunt
1372 2284 1464 2353 azymi
1480 2289 1509 2337 et
1527 2289 1621 2338 nmen
1635 2282 1770 2353 jubentur
1788 2298 1946 2351 expurgare
1964 2298 2006 2336 ue-

307 2368 429 2419 mundus
450 2373 491 2419 est
512 2374 599 2437 totus,
625 2386 686 2422 crem
710 2370 746 2421 de
767 2378 884 2438 peccato
905 2368 1019 2437 aliquid
1036 2385 1144 2422 reman-
1171 2378 1216 2421 tus
1232 2371 1407 2437 fermentum
1429 2375 1451 2424 1.
1470 2366 1533 2423 Cor.
1553 2376 1584 2436 5,
1602 2385 1628 2424 v.
1649 2374 1672 2422 1.
1707 2367 1800 2421 Nullo
1818 2374 1858 2421 est
1877 2369 2005 2420 condem·

307 2454 367 2506 stet
403 2456 429 2506 2.
452 2454 604 2506 Lutherum
627 2463 652 2507 et
678 2455 845 2525 Philippum
869 2456 1081 2510 Melanthonem
1103 2454 1143 2508 in·
1171 2456 1250 2510 natio
1268 2457 1298 2508 in
1319 2456 1370 2524 hes,
1388 2455 1438 2524 qui
1453 2462 1518 2510 sunt
1536 2454 1566 2506 in
1586 2452 1698 2507 Christo
1716 2453 1789 2507 Jesu
1800 2450 1879 2506 Rom.
1899 2457 1923 2520 8,
1942 2471 1968 2505 v.
1983 2458 2004 2507 1.

306 2541 387 2607 sipne
404 2540 581 2593 mendacium
598 2542 783 2610 commississe,
808 2544 875 2596 dum
895 2543 1054 2611 Aupsesiino
1073 2540 1145 2595 hunc
1171 2546 1200 2595 et
1219 2549 1313 2596 tamem
1332 2543 1383 2610 qui
1401 2540 1509 2595 Christi
1526 2548 1604 2606 sunt,
1630 2539 1796 2608 mucifiptmt
1814 2556 1925 2593 carnem
1944 2557 2005 2592 cum

306 2625 445 2680 sententio
469 2627 637 2681 mtrihuunt:
667 2629 817 2682 Peccatum
843 2630 873 2682 in
898 2630 1034 2698 baptismo
1053 2628 1144 2681 remit·
1170 2629 1230 2681 suis
1256 2627 1488 2699 concupiscentiis
1512 2627 1575 2683 Gal.
1594 2634 1624 2696 5,
1649 2645 1675 2680 v.
1693 2634 1734 2683 24.
1766 2626 1871 2681 Paulus
1891 2643 1941 2696 per
1957 2625 2006 2680 ba·

283 2713 391 2780 ·titur,
430 2730 486 2766 non
522 2721 552 2764 ut
585 2731 641 2766 non
671 2714 721 2777 sit,
759 2715 810 2767 sed
837 2723 867 2768 ut
897 2732 952 2768 non
984 2716 1143 2784 imputetur.
1170 2714 1302 2785 ptismune
1328 2715 1441 2771 ablutus
1465 2724 1506 2770 est
1529 2735 1548 2770 o
1568 2715 1695 2785 peccatis
1713 2714 1777 2768 Act.
1801 2719 1846 2783 22,
1865 2730 1890 2770 v.
1913 2719 1952 2769 lb.
1978 2719 2007 2767 et

307 2799 462 2852 Instheruns
488 2818 506 2851 c
525 2800 668 2869 Roffensi,
692 2801 859 2870 Philippum
880 2802 1090 2855 Melanthonem
1109 2801 1144 2854 ab
1170 2807 1265 2855 tamen
1281 2802 1467 2873 conqueritur,
1485 2803 1516 2857 in
1533 2819 1619 2857 corne
1637 2802 1794 2855 modius
1806 2801 2005 2868 habitorepec·

307 2886 396 2939 Eccio
424 2887 590 2953 convictum,
623 2889 701 2955 qnod
723 2888 801 2941 locus
826 2888 981 2956 nupserint
1005 2888 1080 2941 mule
1108 2887 1145 2940 sit
1169 2886 1521 2956 σα111111,Βοι11.7,1.17.
1560 2887 1683 2957 sanquis
1703 2888 1778 2942 Filii
1797 2887 1858 2941 Dei
1873 2888 2005 2941 emundat

307 2972 419 3024 citotm.
464 2970 685 3041 Respondemus:
719 2974 753 3028 dc
786 2980 846 3028 tots
873 2974 925 3029 hac
954 2990 985 3027 re
1011 2972 1144 3028 latissime
1169 2991 1222 3027 nos
1246 2974 1282 3027 ab
1307 2974 1385 3028 omni
1399 2983 1520 3043 peccato
1545 2979 1569 3029 1.
1589 2975 1654 3029 Jot.
1673 2978 1704 3039 1,
1724 2992 1748 3028 o.
1769 2977 1792 3027 7.
1818 2978 1846 3029 et
1868 2973 2006 3027 tamensi

309 3057 511 3128 disputavimus
531 3057 561 3111 in
582 3065 663 3113 tract.
683 3060 718 3114 de
737 3059 859 3130 peccabo
877 3059 1033 3115 actualibus
1053 3057 1082 3135 ζ).
1102 3066 1144 3116 ot.
1170 3061 1332 3129 deberimus,
1351 3078 1404 3115 nos
1419 3079 1475 3115 non
1497 3061 1599 3115 habere
1613 3070 1777 3130 peccatum,
1795 3062 1944 3113 mendaces
1963 3077 2006 3112 sss·

309 3151 339 3198 et
356 3149 398 3200 68.
1170 3164 1232 3200 mus
1253 3165 1278 3200 v.
1300 3153 1324 3203 8.
1359 3145 1520 3217 Baptismus
1546 3152 1589 3203 est
1612 3147 1758 3201 lavacrum
1785 3146 2007 3216 regenerationis

250 3241 296 3285 111
346 3237 403 3287 133.
439 3230 491 3283 His
522 3231 562 3284 ita
594 3231 767 3301 praemissis,
799 3231 886 3286 aciem
917 3239 1144 3303 argumentorum
1169 3232 1225 3290 Tit.
1244 3239 1273 3298 3,
1294 3250 1320 3289 v.
1340 3239 1364 3289 5.
1390 3238 1528 3290 ettamen
1545 3234 1665 3288 interior·
1682 3241 1777 3288 noster
1792 3233 1873 3287 tomo
1891 3249 2006 3286 renova·

250 3306 296 3392 ,¹:21⁰
308 3334 421 3373 suorum
448 3333 480 3371 ex
506 3316 656 3387 Scripturis
680 3316 866 3372 Bellurminus
889 3324 987 3374 contra
1007 3336 1057 3374 nos
1081 3336 1143 3389 pro-
1170 3327 1217 3374 tur
1241 3322 1277 3374 de
1303 3320 1350 3373 die
1373 3318 1404 3372 in
1421 3321 1496 3373 diem
1518 3326 1544 3377 2.
1562 3318 1624 3376 Cor.
1643 3326 1674 3388 t,
1694 3336 1720 3373 v.
1743 3325 1781 3376 16.
1819 3326 1843 3374 3.
1862 3317 1896 3372 Id
1913 3317 2005 3387 ipsum

250 3398 291 3492 'fin
309 3404 400 3458 ducit:
419 3408 443 3458 1.
462 3403 612 3472 Scriptura
630 3407 665 3458 de
682 3406 845 3458 remissione
857 3413 1039 3474 peccatorum
1055 3407 1144 3460 utitur
1170 3405 1218 3461 alii
1235 3406 1276 3461 sic
1294 3406 1427 3460 efferunt:
1456 3405 1607 3463 Peccatum
1624 3405 1816 3462 consideratur
1834 3404 1879 3459 vel
1896 3405 2004 3459 ratione

250 3530 257 3543 .
308 3491 452 3545 vocabulis
472 3492 642 3555 nunciandi,
662 3492 789 3555 tollendi,
807 3492 929 3558 delendi,
947 3493 1101 3555 auferendi
1117 3501 1143 3547 et
1170 3491 1334 3560 materialis,
1358 3498 1495 3563 quatenus
1519 3500 1562 3548 cst
1584 3492 1724 3563 corruptio
1742 3498 1859 3547 naturae
1876 3506 2004 3562 pugnans
2105 3541 2107 3545 .

250 3556 270 3594 '¹‘
308 3578 461 3645 similibus,
490 3594 561 3646 queue
587 3596 644 3631 non
665 3585 787 3646 possunt
814 3578 872 3631 nisi
898 3578 1070 3647 ineptissime
1099 3596 1142 3632 es·
1170 3596 1233 3634 cum
1257 3578 1320 3650 lege
1341 3578 1395 3634 Dei
1418 3585 1470 3635 etc.
1496 3580 1541 3634 vel
1569 3580 1675 3636 ratione
1703 3578 1826 3634 formalis
1858 3577 1916 3632 sive
1945 3594 2003 3633 rea·

250 3719 256 3749 Ι
305 3664 378 3733 poni
390 3680 447 3731 per
464 3682 521 3717 non
538 3664 683 3733 imputari,
702 3681 759 3717 non
776 3663 848 3716 caim
867 3671 939 3718 recte
957 3664 1020 3733 quis
1038 3666 1144 3719 dicitur
1169 3674 1225 3730 tus,
1245 3672 1382 3738 quatenus
1399 3681 1451 3720 nos
1469 3672 1535 3721 sctu
1553 3682 1615 3721 reos
1632 3666 1702 3720 iacit
1720 3666 1779 3720 irae
1795 3665 1851 3720 Dei
1871 3669 1899 3718 ct
1916 3673 2004 3720 aeter·

250 3770 290 3800 ss-
308 3749 407 3803 tollere
428 3749 619 3818 iqnorantiam
638 3750 680 3803 oei
699 3750 839 3803 molitiem
852 3749 888 3803 ab
899 3749 966 3813 elio,
985 3752 1052 3818 quia
1065 3751 1142 3819 igme·
1169 3769 1221 3807 nae
1243 3750 1436 3807 damnationis.
1472 3750 1503 3806 Si
1521 3751 1555 3808 de
1577 3759 1692 3822 peccato
1710 3752 1858 3823 loquamur
1876 3757 2004 3820 respectu

250 3813 293 3903 is·
306 3837 360 3889 seit
383 3836 445 3903 ilii,
468 3838 546 3904 quod
564 3837 677 3905 aliquid
695 3837 859 3904 ipnmonter
875 3843 925 3888 aut
941 3837 1081 3891 malitiose
1100 3839 1142 3900 fs·
1168 3838 1291 3893 formalis
1310 3855 1343 3892 sc
1361 3844 1464 3905 reatus
1483 3842 1590 3892 certum
1608 3845 1657 3903 est,
1676 3855 1709 3893 eo
1727 3838 1809 3893 modo
1827 3838 1937 3907 penitus
1956 3838 2002 3892 ds·

250 3919 292 3956 ’‘⁶-
306 3924 384 3975 cerit.
411 3921 636 3992 Respondemus:
654 3921 851 3979 **1.Peccate
869 3928 1066 3992 comparantur
1085 3943 1140 3980 sor·
1168 3925 1233 3995 leri,
1250 3923 1362 3988 remitti,
1380 3922 1485 3979 auferri
1503 3929 1532 3978 et
1548 3923 1687 3986 mundari,
1705 3929 1738 3978 ut
1755 3941 1811 3979 non
1830 3924 1948 3993 amplius
1965 3923 2002 3978 sd

306 4008 406 4076 dibus,
431 4009 555 4062 remissio
582 4008 730 4074 ablutioni,
754 4009 802 4063 sed
829 4026 846 4063 a
871 4010 1038 4080 comparatis
1058 4018 1086 4067 et
1104 4012 1141 4065 si·
1168 4010 1373 4066 damnationem
1398 4009 1550 4079 imputetur
1569 4008 1648 4063 Rom.
1670 4014 1701 4073 8,
1718 4027 1744 4063 v.
1767 4016 1789 4065 1.
1825 4010 1854 4065 si
1879 4026 1944 4064 vero
1968 4010 2003 4064 de

305 4094 419 4149 milibus
443 4095 514 4148 citra
534 4093 653 4164 Spiritus
671 4113 692 4150 s.
719 4094 856 4150 dictamen
880 4112 935 4149 non
959 4103 1050 4165 potest
1074 4114 1140 4167 apo·
1167 4103 1284 4167 peccato
1309 4095 1457 4167 loquamur
1480 4094 1588 4149 radone
1616 4093 1785 4160 materialis,
1805 4102 1942 4164 quatenus
1961 4102 2003 4150 est

307 4181 437 4237 dicticum
468 4181 533 4235 duci
565 4187 766 4253 argumentum.
820 4188 844 4237 2.
874 4173 938 4237 Non
970 4189 1013 4237 est
1042 4184 1140 4239 eadem
1167 4184 1302 4238 vitiositas
1332 4187 1360 4237 et
1384 4181 1526 4251 corruptio
1552 4184 1669 4235 naturae
1693 4197 1822 4251 pugnans
1851 4198 1913 4235 cum
1940 4180 2002 4253 lege

306 4267 378 4322 ratio
403 4267 576 4320 macularum
599 4273 627 4321 et
649 4268 785 4338 sordium,
810 4284 882 4339 quae
899 4267 1015 4323 haerent
1034 4268 1062 4323 in
1081 4287 1139 4325 our·
1166 4270 1229 4338 Dei,
1248 4275 1366 4324 testatur
1378 4267 1524 4338 Scriptura
1539 4274 1568 4323 et
1580 4267 1642 4339 ipsa
1653 4273 1811 4323 renatorum
1824 4266 2002 4337 experientia,

306 4353 565 4427 perscriberem,
584 4355 702 4425 quaein
719 4355 822 4409 anima.
863 4354 933 4410 lllue
951 4355 1006 4410 elui
1024 4363 1141 4425 possunt
1167 4356 1245 4425 quoe
1280 4355 1311 4409 in
1347 4372 1433 4409 corne
1461 4361 1529 4424 post
1564 4354 1732 4423 baptismum
1763 4352 1854 4406 adbuc
1884 4361 2002 4419 maneat,

305 4440 437 4496 facillime
460 4457 545 4495 manu
572 4447 601 4495 et
628 4457 713 4512 opera
737 4441 873 4508 humana,
903 4441 956 4496 hae
981 4459 1037 4497 non
1064 4442 1139 4498 item.
1166 4441 1246 4498 Rom.
1268 4447 1297 4508 1,
1322 4458 1348 4498 r.
1367 4446 1408 4498 23.
1437 4439 1612 4495 debilitatum
1636 4446 1731 4495 tamen
1747 4447 1776 4495 et
1792 4439 1956 4509 refractum,
1972 4447 2004 4495 ut

307 4532 330 4583 3.
354 4526 443 4582 Nimis
468 4526 589 4582 tenuiter
615 4534 643 4582 ct
669 4527 779 4591 exiliter
806 4529 842 4583 de
868 4533 982 4599 peccato
1009 4528 1140 4598 sentiunt,
1168 4527 1257 4600 possit
1275 4525 1357 4583 homo
1375 4535 1489 4583 renatus
1506 4526 1706 4597 perspiritum
1725 4544 1746 4581 s.
1764 4525 1805 4579 illi
1825 4525 1953 4582 resistere
1969 4542 2003 4581 ac

307 4613 355 4684 qui
385 4613 488 4667 malum
517 4612 586 4667 illud
614 4614 754 4669 internum
779 4622 808 4670 et
835 4614 1081 4686 profundissimum
1107 4613 1320 4688 scgdominium
1351 4614 1441 4670 eidem
1467 4613 1584 4669 auierre.
1620 4620 1645 4669 t.
1667 4613 1730 4667 Hoc
1753 4613 1911 4668 discnmine
1927 4620 2003 4668 recte

307 4716 363 4753 non
382 4700 437 4753 nisi
459 4713 510 4769 per
527 4697 667 4753 Christum
694 4699 876 4756 auferendum
898 4701 984 4756 instar
1011 4707 1140 4757 externae
1153 4697 1155 4716 '
1166 4701 1315 4756 observato
1326 4717 1408 4755 verus
1421 4716 1518 4754 sensus
1530 4699 1667 4753 dictorum
1676 4697 1837 4770 Scripturas
1846 4715 1901 4753 non
1911 4705 2003 4769 potest

306 4787 426 4856 aiicujus
449 4784 624 4856 udspcrginis
647 4785 760 4843 habent
797 4793 822 4841 4.
847 4786 1003 4858 Purgatur,
1026 4787 1139 4858 tegitur,
1167 4803 1227 4842 esse
1251 4787 1386 4842 obscurus
1411 4786 1456 4840 vei
1484 4784 1595 4839 dubius.
1629 4783 1711 4847 Quod
1737 4785 1810 4839 enim
1828 4797 1943 4856 peccata
1961 4783 2003 4837 di·

307 4872 414 4927 tollitur
437 4877 596 4943 peccatum,
620 4888 677 4926 non
697 4877 728 4926 ut
746 4872 870 4938 nonsit,
895 4880 927 4927 ut
945 4880 1093 4929 evanescat
1113 4881 1141 4929 et
1166 4882 1268 4928 cuntur
1294 4872 1396 4941 deleri,
1425 4870 1544 4936 auferri,
1568 4871 1697 4926 mundari
1716 4878 1767 4928 stc.
1787 4871 1817 4925 id
1836 4875 1944 4940 spectat
1960 4887 2002 4925 rc-

308 4959 463 5029 dispereat,
487 4959 527 5013 sic
552 4957 634 5012 enim.
649 4957 753 5013 iactum
771 4957 851 5013 fieret
870 4957 1017 5027 infectum,
1042 4959 1092 5014 sed
1109 4945 1155 5032 ut}
1166 4960 1324 5014 missionem
1342 4958 1388 5013 sel
1404 4974 1460 5012 non
1477 4957 1690 5027 imputationem
1701 4956 1820 5027 peccati,
1838 4955 1913 5027 quod
1924 4956 2003 5010 Deus

306 5062 342 5100 ne
364 5047 528 5115 imputetur,
551 5051 650 5098 noceat
675 5052 704 5099 st
728 5045 757 5098 in
782 5044 988 5099 damnationem
1012 5045 1093 5100 cedat
1111 5052 1139 5100 et
1164 5045 1236 5100 illud
1258 5063 1314 5100 non
1337 5044 1469 5116 imputet,
1490 5043 1539 5098 sed
1558 5043 1645 5115 pulis
1667 5042 1870 5098 misericordiae
1888 5051 2002 5112 propter

306 5148 358 5186 ceu
376 5150 519 5204 nunquam
537 5136 641 5214 iactum
661 5130 757 5186 aDeo
775 5137 927 5187 censentur.
963 5137 987 5186 t.
1006 5129 1080 5186 Hinc
1098 5131 1138 5186 di·
1165 5130 1307 5186 Christum
1336 5137 1426 5199 tepet,
1459 5135 1543 5200 prout
1568 5131 1677 5201 peceati
1704 5127 1828 5184 remissio
1855 5129 2001 5198 exponitur

306 5219 378 5272 citur
400 5220 493 5274 anima
515 5217 603 5273 renati
626 5216 731 5271 munds
758 5217 788 5270 in
807 5215 916 5286 judicio
935 5223 964 5272 et
981 5217 1066 5271 oculis
1085 5218 1138 5273 Dei
1165 5217 1266 5273 Psalm.
1285 5222 1334 5283 32,
1357 5234 1383 5272 v.
1406 5222 1428 5272 1.
1451 5216 1526 5288 quod
1544 5216 1622 5271 Deus
1642 5222 1823 5285 peccatorum
1840 5221 2001 5268 nostrorum

305 5313 451 5376 peccatum
477 5302 639 5361 remittentis
664 5308 693 5357 ct
717 5318 736 5356 a
757 5308 911 5372 conspectu
930 5318 981 5358 suo
1000 5319 1139 5359 removen·
1165 5321 1222 5357 non
1246 5303 1369 5373 emplius
1392 5304 1542 5356 recordari
1563 5303 1644 5364 oelr't,
1676 5300 1733 5355 Jer.
1752 5304 1798 5364 31,
1821 5317 1847 5354 r.
1865 5305 1906 5355 31.
1927 5300 2001 5371 quod

305 5392 348 5461 tie,
367 5410 422 5448 non
439 5401 531 5448 autem
549 5392 577 5445 iu
594 5388 681 5445 oculis
698 5388 840 5444 hominum
851 5395 967 5459 peccata
979 5389 1140 5444 habentium
1165 5395 1283 5460 peccata
1301 5395 1395 5443 nostra
1410 5388 1492 5444 nobis
1508 5390 1650 5459 imputare
1667 5385 1744 5453 nolit,
1764 5390 1787 5442 2.
1802 5385 1864 5439 Cor.
1880 5391 1904 5452 5,
1919 5404 1943 5438 r.
1961 5392 2001 5444 to.

306 5486 334 5533 et
358 5480 535 5536 sentientium
562 5483 582 5532 1.
606 5473 669 5532 Joh.
699 5481 725 5538 1,
751 5493 777 5528 v.
806 5479 829 5530 8.
871 5481 895 5530 6.
922 5474 952 5531 Si
978 5476 1139 5547 mysterium
1167 5475 1240 5539 Quis
1263 5492 1330 5547 ergo
1349 5475 1418 5531 haec
1437 5476 1545 5546 peccati
1563 5471 1687 5529 remissio
1705 5471 1764 5525 sive
1782 5487 1839 5527 non
1855 5470 2002 5541 imputatio

303 5564 508 5635 justificationis
544 5577 675 5618 censurae
711 5559 850 5616 humanae
880 5561 993 5616 rationis
1024 5561 1140 5617 velimus
1166 5569 1224 5616 tam
1253 5578 1319 5617 vera
1346 5560 1393 5617 vel
1415 5560 1515 5616 efficax
1540 5566 1583 5615 est
1611 5574 1704 5613 coram
1730 5556 1808 5626 Deo,
1833 5573 1867 5611 ac
1886 5558 1909 5611 ai
1926 5558 2003 5613 nulls

306 5650 453 5719 subjicere,
471 5651 584 5724 sanguis
602 5646 703 5705 Christi
721 5647 871 5718 adspersus
889 5647 982 5717 potius
1003 5648 1141 5704 videbitur
1166 5647 1286 5719 amplius
1309 5647 1418 5718 peccati
1442 5646 1553 5702 msculs
1577 5643 1659 5698 nobis
1677 5643 1848 5713 inhaereret,
1872 5643 1935 5698 ideo
1955 5658 2002 5698 vo·

306 5731 508 5790 commaculare
531 5754 616 5809 quam
636 5748 764 5807 purgare.
802 5739 828 5789 1.
845 5731 927 5798 Quod
950 5733 1089 5805 abstergit
1114 5739 1141 5788 et
1166 5740 1247 5789 catur
1264 5732 1375 5799 deletio,
1392 5731 1509 5800 ablutio,
1526 5730 1670 5786 mundatio
1688 5736 1741 5787 etc.
1775 5728 1892 5785 Interim
1908 5735 2002 5784 tamen

307 5815 442 5875 emotum
461 5823 623 5878 natussum
646 5828 675 5875 et
690 5820 807 5890 physica
824 5821 939 5889 ratione,
960 5820 997 5872 ds
1015 5819 1339 5893 eovrecteqvcrissirnum
1357 5830 1412 5886 est,
1435 5817 1688 5887 concupiscentiam
1706 5833 1820 5887 prusam
1838 5817 1921 5871 otiam
1939 5822 2004 5886 post
