<?xml version="1.0" encoding="UTF-8"?>
<!DOCTYPE html PUBLIC "-//W3C//DTD XHTML 1.0 Transitional//EN"
    "http://www.w3.org/TR/xhtml1/DTD/xhtml1-transitional.dtd">
<html xmlns="http://www.w3.org/1999/xhtml" xml:lang="en" lang="en">
 <head>
  <title>
</title>
<meta http-equiv="Content-Type" content="text/html;charset=utf-8" />
  <meta name='ocr-system' content='tesseract 3.04.00' />
  <meta name='ocr-capabilities' content='ocr_page ocr_carea ocr_par ocr_line ocrx_word'/>
</head>
<body>
  <div class='ocr_page' id='page_1' title='image "./locitheologicit02gerhgoog_0146.png"; bbox 0 0 4800 6659; ppageno 0'>
   <div class='ocr_carea' id='block_1_1' title="bbox 535 1790 1766 2235">
    <p class='ocr_par' dir='ltr' id='par_1_1' title="bbox 535 1790 1766 2235">
     <span class='ocr_line' id='line_1_1' title="bbox 586 1790 1766 1915; baseline 0.001 -4"><span class='ocrx_word' id='word_1_1' title='bbox 586 1791 869 1914; x_wconf 80' lang='lat' dir='ltr'>LOCUS</span> <span class='ocrx_word' id='word_1_2' title='bbox 910 1790 1309 1915; x_wconf 82' lang='lat' dir='ltr'>DECIMUS</span> <span class='ocrx_word' id='word_1_3' title='bbox 1353 1791 1766 1914; x_wconf 80' lang='lat' dir='ltr'><strong>OCTAVUS</strong></span> 
     </span>
     <span class='ocr_line' id='line_1_2' title="bbox 535 1996 1564 2235; baseline 0.003 -7"><span class='ocrx_word' id='word_1_4' title='bbox 535 1996 537 2000; x_wconf 65' lang='grc'><strong>’</strong></span> <span class='ocrx_word' id='word_1_5' title='bbox 790 2077 893 2229; x_wconf 79' lang='lat' dir='ltr'><strong>oo</strong></span> <span class='ocrx_word' id='word_1_6' title='bbox 949 2078 1564 2235; x_wconf 78' lang='lat' dir='ltr'><strong>SAORAMENTIS.</strong></span> 
     </span>
    </p>
   </div>
   <div class='ocr_carea' id='block_1_2' title="bbox 1159 2380 1186 2446">
    <p class='ocr_par' dir='ltr' id='par_1_2' title="bbox 1159 2380 1186 2446">
     <span class='ocr_line' id='line_1_3' title="bbox 1159 2380 1186 2446; baseline -0.074 0"><span class='ocrx_word' id='word_1_7' title='bbox 1159 2380 1186 2446; x_wconf 91' lang='lat'><strong>1.</strong></span> 
     </span>
    </p>
   </div>
   <div class='ocr_carea' id='block_1_3' title="bbox 244 2491 2018 2811">
    <p class='ocr_par' dir='ltr' id='par_1_3' title="bbox 244 2491 2018 2811">
     <span class='ocr_line' id='line_1_4' title="bbox 244 2491 2018 2624; baseline -0.002 -21"><span class='ocrx_word' id='word_1_8' title='bbox 244 2562 315 2605; x_wconf 83' lang='grc'><strong>11101.</strong></span> <span class='ocrx_word' id='word_1_9' title='bbox 364 2491 446 2606; x_wconf 69' lang='lat' dir='ltr'><strong>Cum</strong></span> <span class='ocrx_word' id='word_1_10' title='bbox 474 2551 555 2620; x_wconf 91' lang='lat' dir='ltr'><strong>primi</strong></span> <span class='ocrx_word' id='word_1_11' title='bbox 584 2552 693 2623; x_wconf 80' lang='lat' dir='ltr'><strong>generis</strong></span> <span class='ocrx_word' id='word_1_12' title='bbox 721 2554 807 2608; x_wconf 78' lang='lat' dir='ltr'>nostri</span> <span class='ocrx_word' id='word_1_13' title='bbox 831 2559 958 2624; x_wconf 86' lang='lat' dir='ltr'><strong>parentes</strong></span> <span class='ocrx_word' id='word_1_14' title='bbox 981 2550 1086 2607; x_wconf 91' lang='lat' dir='ltr'><strong>diaboli</strong></span> <span class='ocrx_word' id='word_1_15' title='bbox 1112 2552 1162 2605; x_wconf 93' lang='lat' dir='ltr'><strong>im·</strong></span> <span class='ocrx_word' id='word_1_16' title='bbox 1187 2555 1350 2623; x_wconf 71' lang='lat' dir='ltr'><strong>adspectm</strong></span> <span class='ocrx_word' id='word_1_17' title='bbox 1376 2555 1467 2622; x_wconf 84' lang='lat' dir='ltr'><strong>cadit,</strong></span> <span class='ocrx_word' id='word_1_18' title='bbox 1503 2553 1595 2607; x_wconf 78' lang='lat' dir='ltr'><strong>altera</strong></span> <span class='ocrx_word' id='word_1_19' title='bbox 1622 2549 1766 2605; x_wconf 71' lang='lat' dir='ltr'><strong>arabonam</strong></span> <span class='ocrx_word' id='word_1_20' title='bbox 1793 2564 1903 2602; x_wconf 73' lang='lat' dir='ltr'><strong>seawm</strong></span> <span class='ocrx_word' id='word_1_21' title='bbox 1924 2546 2018 2615; x_wconf 75' lang='lat' dir='ltr'><strong>sapit,-</strong></span> 
     </span>
     <span class='ocr_line' id='line_1_5' title="bbox 244 2618 2017 2711; baseline -0.003 -21"><span class='ocrx_word' id='word_1_22' title='bbox 244 2618 316 2708; x_wconf 55' lang='lat' dir='ltr'><strong>ffi’fssss</strong></span> <span class='ocrx_word' id='word_1_23' title='bbox 329 2635 412 2706; x_wconf 88' lang='lat' dir='ltr'><strong>pulsu</strong></span> <span class='ocrx_word' id='word_1_24' title='bbox 434 2652 468 2689; x_wconf 89' lang='lat' dir='ltr'><strong>ac</strong></span> <span class='ocrx_word' id='word_1_25' title='bbox 488 2635 591 2693; x_wconf 77' lang='lat' dir='ltr'><strong>liberae</strong></span> <span class='ocrx_word' id='word_1_26' title='bbox 610 2640 759 2695; x_wconf 86' lang='lat' dir='ltr'><strong>voluntatis</strong></span> <span class='ocrx_word' id='word_1_27' title='bbox 780 2641 870 2695; x_wconf 87' lang='lat' dir='ltr'><strong>abusu</strong></span> <span class='ocrx_word' id='word_1_28' title='bbox 890 2640 919 2694; x_wconf 93' lang='lat' dir='ltr'><strong>iu</strong></span> <span class='ocrx_word' id='word_1_29' title='bbox 936 2645 1082 2710; x_wconf 87' lang='lat' dir='ltr'><strong>peccatum</strong></span> <span class='ocrx_word' id='word_1_30' title='bbox 1099 2655 1160 2707; x_wconf 83' lang='lat' dir='ltr'><strong>pro</strong></span> <span class='ocrx_word' id='word_1_31' title='bbox 1186 2640 1297 2693; x_wconf 70' lang='lat' dir='ltr'><strong>ababa</strong></span> <span class='ocrx_word' id='word_1_32' title='bbox 1311 2641 1629 2711; x_wconf 62' lang='lat' dir='ltr'><strong>qaowrsboscoastot</strong></span> <span class='ocrx_word' id='word_1_33' title='bbox 1641 2636 1801 2704; x_wconf 80' lang='lat' dir='ltr'><strong>baptismus,</strong></span> <span class='ocrx_word' id='word_1_34' title='bbox 1823 2651 1899 2703; x_wconf 79' lang='lat' dir='ltr'><strong>aqua</strong></span> <span class='ocrx_word' id='word_1_35' title='bbox 1910 2631 2017 2685; x_wconf 75' lang='lat' dir='ltr'><strong>sedicet</strong></span> 
     </span>
     <span class='ocr_line' id='line_1_6' title="bbox 244 2721 2015 2811; baseline -0.014 -17"><span class='ocrx_word' id='word_1_36' title='bbox 244 2728 297 2811; x_wconf 59' lang='lat'><strong>5²2²:</strong></span> <span class='ocrx_word' id='word_1_37' title='bbox 330 2721 401 2791; x_wconf 57' lang='lat' dir='ltr'><strong>la1³⁸³</strong></span> <span class='ocrx_word' id='word_1_38' title='bbox 418 2738 436 2775; x_wconf 69' lang='lat'>⁸</span> <span class='ocrx_word' id='word_1_39' title='bbox 455 2721 516 2777; x_wconf 75' lang='lat' dir='ltr'><strong>D00</strong></span> <span class='ocrx_word' id='word_1_40' title='bbox 536 2731 659 2780; x_wconf 75' lang='lat' dir='ltr'><strong>creatore</strong></span> <span class='ocrx_word' id='word_1_41' title='bbox 678 2743 738 2783; x_wconf 89' lang='lat' dir='ltr'><strong>sese</strong></span> <span class='ocrx_word' id='word_1_42' title='bbox 755 2726 930 2794; x_wconf 87' lang='lat' dir='ltr'><strong>avertissent,</strong></span> <span class='ocrx_word' id='word_1_43' title='bbox 953 2742 987 2779; x_wconf 89' lang='lat' dir='ltr'><strong>ac</strong></span> <span class='ocrx_word' id='word_1_44' title='bbox 1004 2726 1031 2778; x_wconf 86' lang='lat' dir='ltr'><strong>ri</strong></span> <span class='ocrx_word' id='word_1_45' title='bbox 1052 2724 1160 2778; x_wconf 76' lang='grc'><strong>(11111100</strong></span> <span class='ocrx_word' id='word_1_46' title='bbox 1186 2733 1212 2778; x_wconf 78' lang='lat' dir='ltr'><strong>et</strong></span> <span class='ocrx_word' id='word_1_47' title='bbox 1231 2726 1354 2795; x_wconf 76' lang='lat' dir='ltr'><strong>Spiritu,</strong></span> <span class='ocrx_word' id='word_1_48' title='bbox 1384 2726 1439 2779; x_wconf 86' lang='lat' dir='ltr'><strong>iiia</strong></span> <span class='ocrx_word' id='word_1_49' title='bbox 1466 2725 1573 2779; x_wconf 56' lang='lat' dir='ltr'><strong>vehibili</strong></span> <span class='ocrx_word' id='word_1_50' title='bbox 1590 2730 1616 2777; x_wconf 79' lang='lat' dir='ltr'><strong>et</strong></span> <span class='ocrx_word' id='word_1_51' title='bbox 1634 2738 1769 2791; x_wconf 81' lang='lat' dir='ltr'><strong>corporeo</strong></span> <span class='ocrx_word' id='word_1_52' title='bbox 1788 2721 1871 2774; x_wconf 80' lang='lat' dir='ltr'><strong>modo</strong></span> <span class='ocrx_word' id='word_1_53' title='bbox 1892 2726 2015 2788; x_wconf 62' lang='lat' dir='ltr'><strong>acepta,</strong></span> 
     </span>
    </p>
   </div>
   <div class='ocr_carea' id='block_1_4' title="bbox 295 2807 2149 5993">
    <p class='ocr_par' dir='ltr' id='par_1_4' title="bbox 295 2807 2149 5993">
     <span class='ocr_line' id='line_1_7' title="bbox 329 2807 2017 2881; baseline -0.002 -20"><span class='ocrx_word' id='word_1_54' title='bbox 329 2808 548 2863; x_wconf 76' lang='lat' dir='ltr'><strong>comminationis</strong></span> <span class='ocrx_word' id='word_1_55' title='bbox 572 2810 752 2880; x_wconf 82' lang='lat' dir='ltr'><strong>prohibitioni</strong></span> <span class='ocrx_word' id='word_1_56' title='bbox 777 2811 813 2865; x_wconf 93' lang='lat' dir='ltr'><strong>de</strong></span> <span class='ocrx_word' id='word_1_57' title='bbox 840 2829 896 2865; x_wconf 91' lang='lat' dir='ltr'><strong>non</strong></span> <span class='ocrx_word' id='word_1_58' title='bbox 920 2810 1089 2865; x_wconf 90' lang='lat' dir='ltr'><strong>comedendo</strong></span> <span class='ocrx_word' id='word_1_59' title='bbox 1114 2824 1159 2863; x_wconf 83' lang='lat' dir='ltr'><strong>ve·</strong></span> <span class='ocrx_word' id='word_1_60' title='bbox 1185 2812 1239 2863; x_wconf 84' lang='lat' dir='ltr'><strong>bac</strong></span> <span class='ocrx_word' id='word_1_61' title='bbox 1262 2827 1328 2865; x_wconf 82' lang='lat' dir='ltr'><strong>asro</strong></span> <span class='ocrx_word' id='word_1_62' title='bbox 1353 2812 1518 2881; x_wconf 79' lang='lat' dir='ltr'><strong>incorporeo</strong></span> <span class='ocrx_word' id='word_1_63' title='bbox 1542 2817 1568 2864; x_wconf 84' lang='lat' dir='ltr'><strong>ct</strong></span> <span class='ocrx_word' id='word_1_64' title='bbox 1590 2807 1805 2878; x_wconf 67' lang='lat' dir='ltr'><strong>innominabili</strong></span> <span class='ocrx_word' id='word_1_65' title='bbox 1828 2812 2017 2861; x_wconf 81' lang='lat' dir='ltr'><strong>eoacarrcats.</strong></span> 
     </span>
     <span class='ocr_line' id='line_1_8' title="bbox 328 2893 2017 2968; baseline -0.002 -22"><span class='ocrx_word' id='word_1_66' title='bbox 328 2893 397 2948; x_wconf 83' lang='lat' dir='ltr'><strong>titas</strong></span> <span class='ocrx_word' id='word_1_67' title='bbox 415 2893 520 2947; x_wconf 85' lang='lat' dir='ltr'><strong>arboris</strong></span> <span class='ocrx_word' id='word_1_68' title='bbox 537 2894 629 2950; x_wconf 87' lang='lat' dir='ltr'><strong>fructu</strong></span> <span class='ocrx_word' id='word_1_69' title='bbox 647 2897 760 2952; x_wconf 84' lang='lat' dir='ltr'><strong>additae</strong></span> <span class='ocrx_word' id='word_1_70' title='bbox 779 2915 833 2952; x_wconf 91' lang='lat' dir='ltr'><strong>nou</strong></span> <span class='ocrx_word' id='word_1_71' title='bbox 851 2897 932 2952; x_wconf 89' lang='lat' dir='ltr'><strong>modo</strong></span> <span class='ocrx_word' id='word_1_72' title='bbox 950 2914 987 2964; x_wconf 90' lang='lat' dir='ltr'><strong>se,</strong></span> <span class='ocrx_word' id='word_1_73' title='bbox 1005 2896 1054 2951; x_wconf 90' lang='lat' dir='ltr'><strong>sed</strong></span> <span class='ocrx_word' id='word_1_74' title='bbox 1066 2912 1160 2950; x_wconf 80' lang='lat' dir='ltr'><strong>omnes</strong></span> <span class='ocrx_word' id='word_1_75' title='bbox 1186 2897 1359 2968; x_wconf 76' lang='lat' dir='ltr'><strong>Augustinus</strong></span> <span class='ocrx_word' id='word_1_76' title='bbox 1377 2897 1425 2953; x_wconf 87' lang='lat' dir='ltr'><strong>lib.</strong></span> <span class='ocrx_word' id='word_1_77' title='bbox 1444 2901 1468 2953; x_wconf 86' lang='lat'><strong>8.</strong></span> <span class='ocrx_word' id='word_1_78' title='bbox 1488 2897 1522 2951; x_wconf 88' lang='lat' dir='ltr'><strong>de</strong></span> <span class='ocrx_word' id='word_1_79' title='bbox 1534 2895 1639 2951; x_wconf 81' lang='lat' dir='ltr'><strong>Genesi</strong></span> <span class='ocrx_word' id='word_1_80' title='bbox 1655 2894 1691 2948; x_wconf 89' lang='lat' dir='ltr'><strong>sd</strong></span> <span class='ocrx_word' id='word_1_81' title='bbox 1709 2893 1750 2948; x_wconf 91' lang='lat' dir='ltr'><strong>lit.</strong></span> <span class='ocrx_word' id='word_1_82' title='bbox 1769 2910 1794 2949; x_wconf 91' lang='lat' dir='ltr'><strong>c.</strong></span> <span class='ocrx_word' id='word_1_83' title='bbox 1813 2898 1844 2949; x_wconf 78' lang='lat'><strong>4:</strong></span> <span class='ocrx_word' id='word_1_84' title='bbox 1863 2895 1939 2946; x_wconf 82' lang='lat' dir='ltr'><strong>Erat</strong></span> <span class='ocrx_word' id='word_1_85' title='bbox 1951 2908 2017 2959; x_wconf 76' lang='lat' dir='ltr'><strong>erpo</strong></span> 
     </span>
     <span class='ocr_line' id='line_1_9' title="bbox 330 2979 2019 3054; baseline -0.002 -21"><span class='ocrx_word' id='word_1_86' title='bbox 330 2979 443 3050; x_wconf 85' lang='lat' dir='ltr'><strong>insuper</strong></span> <span class='ocrx_word' id='word_1_87' title='bbox 461 2990 593 3050; x_wconf 90' lang='lat' dir='ltr'><strong>posteros,</strong></span> <span class='ocrx_word' id='word_1_88' title='bbox 613 2982 660 3053; x_wconf 88' lang='lat' dir='ltr'><strong>qui</strong></span> <span class='ocrx_word' id='word_1_89' title='bbox 678 2983 708 3037; x_wconf 94' lang='lat' dir='ltr'><strong>in</strong></span> <span class='ocrx_word' id='word_1_90' title='bbox 725 2983 825 3037; x_wconf 90' lang='lat' dir='ltr'><strong>lumbis</strong></span> <span class='ocrx_word' id='word_1_91' title='bbox 837 2983 959 3054; x_wconf 90' lang='lat' dir='ltr'><strong>ipsorum</strong></span> <span class='ocrx_word' id='word_1_92' title='bbox 970 2981 1062 3037; x_wconf 87' lang='lat' dir='ltr'><strong>adhuc</strong></span> <span class='ocrx_word' id='word_1_93' title='bbox 1073 2987 1159 3045; x_wconf 89' lang='lat' dir='ltr'><strong>crant,</strong></span> <span class='ocrx_word' id='word_1_94' title='bbox 1186 2991 1212 3037; x_wconf 84' lang='lat' dir='ltr'><strong>et</strong></span> <span class='ocrx_word' id='word_1_95' title='bbox 1235 2984 1342 3051; x_wconf 75' lang='lat' dir='ltr'><strong>liparam</strong></span> <span class='ocrx_word' id='word_1_96' title='bbox 1364 2983 1438 3035; x_wconf 83' lang='lat' dir='ltr'><strong>ritas</strong></span> <span class='ocrx_word' id='word_1_97' title='bbox 1464 2982 1671 3051; x_wconf 78' lang='lat' dir='ltr'><strong>qrwdammodo</strong></span> <span class='ocrx_word' id='word_1_98' title='bbox 1695 2988 1780 3049; x_wconf 81' lang='lat' dir='ltr'><strong>petra</strong></span> <span class='ocrx_word' id='word_1_99' title='bbox 1801 2979 1944 3046; x_wconf 59' lang='grc'><strong>01110100,</strong></span> <span class='ocrx_word' id='word_1_100' title='bbox 1969 2993 2019 3031; x_wconf 84' lang='lat' dir='ltr'><strong>aaa</strong></span> 
     </span>
     <span class='ocr_line' id='line_1_10' title="bbox 328 3065 2021 3137; baseline -0.003 -16"><span class='ocrx_word' id='word_1_101' title='bbox 328 3066 488 3137; x_wconf 82' lang='lat' dir='ltr'><strong>temporalis</strong></span> <span class='ocrx_word' id='word_1_102' title='bbox 512 3076 541 3122; x_wconf 89' lang='lat' dir='ltr'><strong>et</strong></span> <span class='ocrx_word' id='word_1_103' title='bbox 571 3073 699 3124; x_wconf 83' lang='lat' dir='ltr'><strong>aeternae</strong></span> <span class='ocrx_word' id='word_1_104' title='bbox 724 3070 820 3124; x_wconf 90' lang='lat' dir='ltr'><strong>mortis</strong></span> <span class='ocrx_word' id='word_1_105' title='bbox 846 3086 907 3124; x_wconf 89' lang='lat' dir='ltr'><strong>reos</strong></span> <span class='ocrx_word' id='word_1_106' title='bbox 931 3070 1078 3125; x_wconf 86' lang='lat' dir='ltr'><strong>fecissent:</strong></span> <span class='ocrx_word' id='word_1_107' title='bbox 1106 3067 1159 3121; x_wconf 87' lang='lat' dir='ltr'><strong>cle·</strong></span> <span class='ocrx_word' id='word_1_108' title='bbox 1184 3069 1244 3121; x_wconf 84' lang='lat' dir='ltr'><strong>siae</strong></span> <span class='ocrx_word' id='word_1_109' title='bbox 1261 3068 1399 3136; x_wconf 76' lang='lat' dir='ltr'><strong>mysteriis</strong></span> <span class='ocrx_word' id='word_1_110' title='bbox 1409 3084 1504 3120; x_wconf 82' lang='lat' dir='ltr'><strong>rerum</strong></span> <span class='ocrx_word' id='word_1_111' title='bbox 1518 3066 1712 3134; x_wconf 80' lang='lat' dir='ltr'><strong>spiritualium</strong></span> <span class='ocrx_word' id='word_1_112' title='bbox 1728 3065 1916 3134; x_wconf 67' lang='lat' dir='ltr'><strong>corporaliter</strong></span> <span class='ocrx_word' id='word_1_113' title='bbox 1930 3072 2021 3133; x_wconf 70' lang='lat' dir='ltr'><strong>praa*</strong></span> 
     </span>
     <span class='ocr_line' id='line_1_11' title="bbox 328 3150 2015 3227; baseline 0 -20"><span class='ocrx_word' id='word_1_114' title='bbox 328 3152 514 3207; x_wconf 79' lang='lat' dir='ltr'><strong>mentiosimus</strong></span> <span class='ocrx_word' id='word_1_115' title='bbox 538 3154 615 3207; x_wconf 89' lang='lat' dir='ltr'><strong>Deus</strong></span> <span class='ocrx_word' id='word_1_116' title='bbox 640 3171 673 3209; x_wconf 84' lang='lat' dir='ltr'><strong>ex</strong></span> <span class='ocrx_word' id='word_1_117' title='bbox 699 3171 801 3210; x_wconf 88' lang='lat' dir='ltr'><strong>arcana</strong></span> <span class='ocrx_word' id='word_1_118' title='bbox 823 3150 977 3227; x_wconf 86' lang='lat' dir='ltr'><strong>majestatis</strong></span> <span class='ocrx_word' id='word_1_119' title='bbox 1001 3171 1067 3210; x_wconf 83' lang='lat' dir='ltr'><strong>suae</strong></span> <span class='ocrx_word' id='word_1_120' title='bbox 1094 3153 1159 3209; x_wconf 90' lang='lat' dir='ltr'><strong>sede</strong></span> <span class='ocrx_word' id='word_1_121' title='bbox 1183 3156 1300 3207; x_wconf 77' lang='lat' dir='ltr'><strong>scutatis</strong></span> <span class='ocrx_word' id='word_1_122' title='bbox 1323 3154 1411 3208; x_wconf 81' lang='lat' dir='ltr'><strong>uoluit</strong></span> <span class='ocrx_word' id='word_1_123' title='bbox 1434 3154 1572 3208; x_wconf 76' lang='lat' dir='ltr'><strong>bominem</strong></span> <span class='ocrx_word' id='word_1_124' title='bbox 1597 3155 1677 3205; x_wconf 82' lang='lat' dir='ltr'><strong>Deus</strong></span> <span class='ocrx_word' id='word_1_125' title='bbox 1704 3151 1734 3203; x_wconf 87' lang='lat' dir='ltr'><strong>ia</strong></span> <span class='ocrx_word' id='word_1_126' title='bbox 1759 3151 1897 3219; x_wconf 82' lang='lat' dir='ltr'><strong>paradiso</strong></span> <span class='ocrx_word' id='word_1_127' title='bbox 1916 3152 2015 3207; x_wconf 73' lang='lat' dir='ltr'><strong>cissis.</strong></span> 
     </span>
     <span class='ocr_line' id='line_1_12' title="bbox 328 3237 2015 3311; baseline -0.001 -19"><span class='ocrx_word' id='word_1_128' title='bbox 328 3238 459 3308; x_wconf 89' lang='lat' dir='ltr'><strong>prodiens</strong></span> <span class='ocrx_word' id='word_1_129' title='bbox 473 3240 662 3308; x_wconf 83' lang='lat' dir='ltr'><strong>evangelicam</strong></span> <span class='ocrx_word' id='word_1_130' title='bbox 674 3240 709 3295; x_wconf 91' lang='lat' dir='ltr'><strong>de</strong></span> <span class='ocrx_word' id='word_1_131' title='bbox 722 3242 826 3298; x_wconf 90' lang='lat' dir='ltr'><strong>semine</strong></span> <span class='ocrx_word' id='word_1_132' title='bbox 839 3242 960 3297; x_wconf 90' lang='lat' dir='ltr'><strong>mulieris</strong></span> <span class='ocrx_word' id='word_1_133' title='bbox 973 3240 1159 3311; x_wconf 88' lang='lat' dir='ltr'><strong>serpentinum</strong></span> <span class='ocrx_word' id='word_1_134' title='bbox 1184 3242 1260 3294; x_wconf 83' lang='lat' dir='ltr'><strong>Erat</strong></span> <span class='ocrx_word' id='word_1_135' title='bbox 1283 3241 1310 3294; x_wconf 78' lang='lat' dir='ltr'><strong>si</strong></span> <span class='ocrx_word' id='word_1_136' title='bbox 1334 3258 1401 3309; x_wconf 76' lang='lat' dir='ltr'><strong>erpo</strong></span> <span class='ocrx_word' id='word_1_137' title='bbox 1422 3241 1452 3293; x_wconf 89' lang='lat' dir='ltr'><strong>ia</strong></span> <span class='ocrx_word' id='word_1_138' title='bbox 1469 3240 1555 3309; x_wconf 73' lang='lat' dir='ltr'><strong>iiqais</strong></span> <span class='ocrx_word' id='word_1_139' title='bbox 1573 3238 1691 3291; x_wconf 80' lang='lat' dir='ltr'><strong>caeteris</strong></span> <span class='ocrx_word' id='word_1_140' title='bbox 1709 3237 1883 3305; x_wconf 78' lang='lat' dir='ltr'><strong>alimaniam,</strong></span> <span class='ocrx_word' id='word_1_141' title='bbox 1908 3238 1938 3289; x_wconf 83' lang='lat' dir='ltr'><strong>ia</strong></span> <span class='ocrx_word' id='word_1_142' title='bbox 1963 3237 2015 3291; x_wconf 88' lang='lat' dir='ltr'><strong>iilo</strong></span> 
     </span>
     <span class='ocr_line' id='line_1_13' title="bbox 329 3322 2077 3398; baseline -0.002 -19"><span class='ocrx_word' id='word_1_143' title='bbox 329 3332 413 3395; x_wconf 89' lang='lat' dir='ltr'><strong>caput</strong></span> <span class='ocrx_word' id='word_1_144' title='bbox 436 3324 587 3379; x_wconf 88' lang='lat' dir='ltr'><strong>contritura</strong></span> <span class='ocrx_word' id='word_1_145' title='bbox 612 3326 819 3395; x_wconf 79' lang='lat' dir='ltr'><strong>promissionem</strong></span> <span class='ocrx_word' id='word_1_146' title='bbox 838 3328 905 3398; x_wconf 92' lang='lat' dir='ltr'><strong>ipsis</strong></span> <span class='ocrx_word' id='word_1_147' title='bbox 923 3328 1056 3398; x_wconf 90' lang='lat' dir='ltr'><strong>protulit,</strong></span> <span class='ocrx_word' id='word_1_148' title='bbox 1075 3331 1108 3381; x_wconf 90' lang='lat' dir='ltr'><strong>ut</strong></span> <span class='ocrx_word' id='word_1_149' title='bbox 1126 3342 1159 3381; x_wconf 87' lang='lat' dir='ltr'><strong>er</strong></span> <span class='ocrx_word' id='word_1_150' title='bbox 1185 3335 1277 3382; x_wconf 80' lang='lat' dir='ltr'><strong>autem</strong></span> <span class='ocrx_word' id='word_1_151' title='bbox 1300 3326 1550 3380; x_wconf 57' lang='lat' dir='ltr'><strong>sacramanta*</strong></span> <span class='ocrx_word' id='word_1_152' title='bbox 1585 3324 1625 3380; x_wconf 89' lang='lat' dir='ltr'><strong>Ut</strong></span> <span class='ocrx_word' id='word_1_153' title='bbox 1645 3339 1711 3394; x_wconf 82' lang='lat' dir='ltr'><strong>ergo</strong></span> <span class='ocrx_word' id='word_1_154' title='bbox 1729 3322 1880 3390; x_wconf 89' lang='lat' dir='ltr'><strong>hominem,</strong></span> <span class='ocrx_word' id='word_1_155' title='bbox 1905 3339 1969 3377; x_wconf 90' lang='lat' dir='ltr'><strong>cum</strong></span> <span class='ocrx_word' id='word_1_156' title='bbox 1987 3323 2017 3378; x_wconf 92' lang='lat' dir='ltr'><strong>in</strong></span> <span class='ocrx_word' id='word_1_157' title='bbox 2069 3369 2077 3375; x_wconf 91' lang='lat'><em>.</em></span> 
     </span>
     <span class='ocr_line' id='line_1_14' title="bbox 329 3408 2016 3482; baseline 0.001 -19"><span class='ocrx_word' id='word_1_158' title='bbox 329 3415 416 3465; x_wconf 87' lang='lat' dir='ltr'><strong>morte</strong></span> <span class='ocrx_word' id='word_1_159' title='bbox 442 3410 597 3479; x_wconf 82' lang='lat' dir='ltr'><strong>advitam,</strong></span> <span class='ocrx_word' id='word_1_160' title='bbox 616 3427 649 3465; x_wconf 85' lang='lat' dir='ltr'><strong>ex</strong></span> <span class='ocrx_word' id='word_1_161' title='bbox 669 3412 768 3467; x_wconf 86' lang='lat' dir='ltr'><strong>inferni</strong></span> <span class='ocrx_word' id='word_1_162' title='bbox 787 3412 916 3469; x_wconf 83' lang='lat' dir='ltr'><strong>faucibus</strong></span> <span class='ocrx_word' id='word_1_163' title='bbox 935 3413 972 3467; x_wconf 91' lang='lat' dir='ltr'><strong>ad</strong></span> <span class='ocrx_word' id='word_1_164' title='bbox 991 3414 1107 3482; x_wconf 87' lang='lat' dir='ltr'><strong>coelum,</strong></span> <span class='ocrx_word' id='word_1_165' title='bbox 1126 3428 1159 3467; x_wconf 86' lang='lat' dir='ltr'><strong>er</strong></span> <span class='ocrx_word' id='word_1_166' title='bbox 1184 3419 1260 3467; x_wconf 85' lang='lat' dir='ltr'><strong>statu</strong></span> <span class='ocrx_word' id='word_1_167' title='bbox 1289 3418 1453 3468; x_wconf 86' lang='lat' dir='ltr'><strong>concreatae</strong></span> <span class='ocrx_word' id='word_1_168' title='bbox 1484 3409 1651 3482; x_wconf 77' lang='lat' dir='ltr'><strong>integritatis</strong></span> <span class='ocrx_word' id='word_1_169' title='bbox 1672 3408 1763 3463; x_wconf 87' lang='lat' dir='ltr'><strong>adhuc</strong></span> <span class='ocrx_word' id='word_1_170' title='bbox 1788 3408 1962 3477; x_wconf 81' lang='lat' dir='ltr'><strong>consisteret,</strong></span> <span class='ocrx_word' id='word_1_171' title='bbox 1987 3416 2016 3464; x_wconf 88' lang='lat' dir='ltr'><strong>et</strong></span> 
     </span>
     <span class='ocr_line' id='line_1_15' title="bbox 329 3494 2016 3571; baseline 0 -21"><span class='ocrx_word' id='word_1_172' title='bbox 329 3496 459 3551; x_wconf 86' lang='lat' dir='ltr'><strong>barathro</strong></span> <span class='ocrx_word' id='word_1_173' title='bbox 479 3496 678 3568; x_wconf 80' lang='lat' dir='ltr'><strong>desperationis</strong></span> <span class='ocrx_word' id='word_1_174' title='bbox 696 3498 734 3551; x_wconf 92' lang='lat' dir='ltr'><strong>ad</strong></span> <span class='ocrx_word' id='word_1_175' title='bbox 751 3500 912 3569; x_wconf 78' lang='lat' dir='ltr'><strong>paradisum</strong></span> <span class='ocrx_word' id='word_1_176' title='bbox 924 3499 1046 3555; x_wconf 85' lang='lat' dir='ltr'><strong>laetitiae</strong></span> <span class='ocrx_word' id='word_1_177' title='bbox 1059 3516 1105 3554; x_wconf 85' lang='lat' dir='ltr'><strong>eos</strong></span> <span class='ocrx_word' id='word_1_178' title='bbox 1117 3516 1159 3554; x_wconf 93' lang='lat' dir='ltr'><strong>re·</strong></span> <span class='ocrx_word' id='word_1_179' title='bbox 1184 3500 1270 3555; x_wconf 82' lang='lat' dir='ltr'><strong>verbo</strong></span> <span class='ocrx_word' id='word_1_180' title='bbox 1292 3506 1321 3555; x_wconf 85' lang='lat' dir='ltr'><strong>ct</strong></span> <span class='ocrx_word' id='word_1_181' title='bbox 1337 3500 1416 3571; x_wconf 83' lang='lat' dir='ltr'><strong>siguo</strong></span> <span class='ocrx_word' id='word_1_182' title='bbox 1446 3504 1558 3553; x_wconf 86' lang='lat' dir='ltr'><strong>externo</strong></span> <span class='ocrx_word' id='word_1_183' title='bbox 1580 3496 1617 3551; x_wconf 89' lang='lat' dir='ltr'><strong>ad</strong></span> <span class='ocrx_word' id='word_1_184' title='bbox 1636 3494 1759 3551; x_wconf 91' lang='lat' dir='ltr'><strong>debitum</strong></span> <span class='ocrx_word' id='word_1_185' title='bbox 1778 3494 1941 3565; x_wconf 86' lang='lat' dir='ltr'><strong>obsequium</strong></span> <span class='ocrx_word' id='word_1_186' title='bbox 1959 3495 2016 3551; x_wconf 89' lang='lat' dir='ltr'><strong>sibi</strong></span> 
     </span>
     <span class='ocr_line' id='line_1_16' title="bbox 329 3580 2014 3657; baseline 0.001 -21"><span class='ocrx_word' id='word_1_187' title='bbox 329 3589 448 3638; x_wconf 85' lang='lat' dir='ltr'><strong>voearet.</strong></span> <span class='ocrx_word' id='word_1_188' title='bbox 488 3582 568 3638; x_wconf 87' lang='lat' dir='ltr'><strong>Haec</strong></span> <span class='ocrx_word' id='word_1_189' title='bbox 591 3581 736 3654; x_wconf 89' lang='lat' dir='ltr'><strong>promissio</strong></span> <span class='ocrx_word' id='word_1_190' title='bbox 758 3584 921 3657; x_wconf 80' lang='lat' dir='ltr'><strong>evangelica</strong></span> <span class='ocrx_word' id='word_1_191' title='bbox 937 3602 1000 3640; x_wconf 91' lang='lat' dir='ltr'><strong>cum</strong></span> <span class='ocrx_word' id='word_1_192' title='bbox 1018 3583 1101 3639; x_wconf 89' lang='lat' dir='ltr'><strong>fidem</strong></span> <span class='ocrx_word' id='word_1_193' title='bbox 1118 3601 1159 3639; x_wconf 90' lang='lat' dir='ltr'><strong>re·</strong></span> <span class='ocrx_word' id='word_1_194' title='bbox 1184 3584 1381 3657; x_wconf 89' lang='lat' dir='ltr'><strong>praestandum</strong></span> <span class='ocrx_word' id='word_1_195' title='bbox 1399 3583 1598 3651; x_wconf 82' lang='lat' dir='ltr'><strong>adstrinxerat3</strong></span> <span class='ocrx_word' id='word_1_196' title='bbox 1621 3582 1662 3637; x_wconf 86' lang='lat' dir='ltr'><strong>ita</strong></span> <span class='ocrx_word' id='word_1_197' title='bbox 1677 3587 1741 3652; x_wconf 92' lang='lat' dir='ltr'><strong>post</strong></span> <span class='ocrx_word' id='word_1_198' title='bbox 1756 3581 1865 3651; x_wconf 87' lang='lat' dir='ltr'><strong>lapsum</strong></span> <span class='ocrx_word' id='word_1_199' title='bbox 1884 3586 1913 3635; x_wconf 90' lang='lat' dir='ltr'><strong>et</strong></span> <span class='ocrx_word' id='word_1_200' title='bbox 1929 3580 2014 3637; x_wconf 83' lang='lat' dir='ltr'><strong>verbo</strong></span> 
     </span>
     <span class='ocr_line' id='line_1_17' title="bbox 329 3664 2016 3744; baseline -0.001 -21"><span class='ocrx_word' id='word_1_201' title='bbox 329 3668 421 3739; x_wconf 87' lang='lat' dir='ltr'><strong>quirat</strong></span> <span class='ocrx_word' id='word_1_202' title='bbox 447 3674 475 3723; x_wconf 90' lang='lat' dir='ltr'><strong>et</strong></span> <span class='ocrx_word' id='word_1_203' title='bbox 499 3686 563 3723; x_wconf 78' lang='lat' dir='ltr'><strong>uero</strong></span> <span class='ocrx_word' id='word_1_204' title='bbox 581 3686 631 3739; x_wconf 91' lang='lat' dir='ltr'><strong>per</strong></span> <span class='ocrx_word' id='word_1_205' title='bbox 647 3670 755 3739; x_wconf 85' lang='lat' dir='ltr'><strong>lapsum</strong></span> <span class='ocrx_word' id='word_1_206' title='bbox 772 3669 851 3724; x_wconf 87' lang='lat' dir='ltr'><strong>illum</strong></span> <span class='ocrx_word' id='word_1_207' title='bbox 868 3688 1009 3744; x_wconf 90' lang='lat' dir='ltr'><strong>nunquam</strong></span> <span class='ocrx_word' id='word_1_208' title='bbox 1027 3671 1094 3726; x_wconf 84' lang='lat' dir='ltr'><strong>satis</strong></span> <span class='ocrx_word' id='word_1_209' title='bbox 1113 3671 1160 3725; x_wconf 88' lang='lat' dir='ltr'><strong>do·</strong></span> <span class='ocrx_word' id='word_1_210' title='bbox 1185 3672 1372 3744; x_wconf 86' lang='lat' dir='ltr'><strong>promissionis</strong></span> <span class='ocrx_word' id='word_1_211' title='bbox 1390 3672 1508 3726; x_wconf 89' lang='lat' dir='ltr'><strong>eundem</strong></span> <span class='ocrx_word' id='word_1_212' title='bbox 1525 3669 1647 3725; x_wconf 87' lang='lat' dir='ltr'><strong>restituit</strong></span> <span class='ocrx_word' id='word_1_213' title='bbox 1666 3674 1695 3722; x_wconf 91' lang='lat' dir='ltr'><strong>et</strong></span> <span class='ocrx_word' id='word_1_214' title='bbox 1714 3667 1792 3739; x_wconf 77' lang='lat' dir='ltr'><strong>signo</strong></span> <span class='ocrx_word' id='word_1_215' title='bbox 1804 3673 1917 3722; x_wconf 85' lang='lat' dir='ltr'><strong>externo</strong></span> <span class='ocrx_word' id='word_1_216' title='bbox 1930 3664 2016 3724; x_wconf 84' lang='lat' dir='ltr'><strong>fidem</strong></span> 
     </span>
     <span class='ocr_line' id='line_1_18' title="bbox 329 3753 2015 3830; baseline 0.001 -22"><span class='ocrx_word' id='word_1_217' title='bbox 329 3754 442 3809; x_wconf 88' lang='lat' dir='ltr'><strong>lendum</strong></span> <span class='ocrx_word' id='word_1_218' title='bbox 477 3760 557 3809; x_wconf 88' lang='lat' dir='ltr'><strong>tauta</strong></span> <span class='ocrx_word' id='word_1_219' title='bbox 585 3771 619 3809; x_wconf 87' lang='lat' dir='ltr'><strong>ac</strong></span> <span class='ocrx_word' id='word_1_220' title='bbox 647 3761 705 3810; x_wconf 89' lang='lat' dir='ltr'><strong>tam</strong></span> <span class='ocrx_word' id='word_1_221' title='bbox 733 3755 870 3812; x_wconf 89' lang='lat' dir='ltr'><strong>horribilis</strong></span> <span class='ocrx_word' id='word_1_222' title='bbox 900 3757 1023 3812; x_wconf 90' lang='lat' dir='ltr'><strong>omnium</strong></span> <span class='ocrx_word' id='word_1_223' title='bbox 1051 3756 1160 3812; x_wconf 87' lang='lat' dir='ltr'><strong>animae</strong></span> <span class='ocrx_word' id='word_1_224' title='bbox 1185 3761 1246 3830; x_wconf 86' lang='lat' dir='ltr'><strong>ejus</strong></span> <span class='ocrx_word' id='word_1_225' title='bbox 1272 3757 1458 3825; x_wconf 84' lang='lat' dir='ltr'><strong>confirmavit,</strong></span> <span class='ocrx_word' id='word_1_226' title='bbox 1487 3755 1623 3828; x_wconf 85' lang='lat' dir='ltr'><strong>siquidem</strong></span> <span class='ocrx_word' id='word_1_227' title='bbox 1652 3753 1824 3825; x_wconf 87' lang='lat' dir='ltr'><strong>promissioni</strong></span> <span class='ocrx_word' id='word_1_228' title='bbox 1852 3753 1888 3808; x_wconf 89' lang='lat' dir='ltr'><strong>de</strong></span> <span class='ocrx_word' id='word_1_229' title='bbox 1911 3753 2015 3810; x_wconf 84' lang='lat' dir='ltr'><strong>semino</strong></span> 
     </span>
     <span class='ocr_line' id='line_1_19' title="bbox 329 3840 2015 3913; baseline -0.002 -18"><span class='ocrx_word' id='word_1_230' title='bbox 329 3841 427 3895; x_wconf 78' lang='lat' dir='ltr'><strong>virium</strong></span> <span class='ocrx_word' id='word_1_231' title='bbox 462 3840 603 3912; x_wconf 86' lang='lat' dir='ltr'><strong>corruptio</strong></span> <span class='ocrx_word' id='word_1_232' title='bbox 628 3840 658 3894; x_wconf 92' lang='lat' dir='ltr'><strong>in</strong></span> <span class='ocrx_word' id='word_1_233' title='bbox 685 3859 736 3896; x_wconf 94' lang='lat' dir='ltr'><strong>nos</strong></span> <span class='ocrx_word' id='word_1_234' title='bbox 765 3842 923 3898; x_wconf 84' lang='lat' dir='ltr'><strong>introducta</strong></span> <span class='ocrx_word' id='word_1_235' title='bbox 954 3844 1004 3913; x_wconf 92' lang='lat' dir='ltr'><strong>sit,</strong></span> <span class='ocrx_word' id='word_1_236' title='bbox 1042 3850 1074 3898; x_wconf 92' lang='lat' dir='ltr'><strong>ut</strong></span> <span class='ocrx_word' id='word_1_237' title='bbox 1104 3862 1159 3899; x_wconf 93' lang='lat' dir='ltr'><strong>non</strong></span> <span class='ocrx_word' id='word_1_238' title='bbox 1185 3844 1320 3913; x_wconf 89' lang='lat' dir='ltr'><strong>mulieris,</strong></span> <span class='ocrx_word' id='word_1_239' title='bbox 1347 3844 1400 3898; x_wconf 91' lang='lat' dir='ltr'><strong>hoc</strong></span> <span class='ocrx_word' id='word_1_240' title='bbox 1426 3849 1467 3898; x_wconf 89' lang='lat' dir='ltr'><strong>est</strong></span> <span class='ocrx_word' id='word_1_241' title='bbox 1495 3842 1530 3897; x_wconf 89' lang='lat' dir='ltr'><strong>de</strong></span> <span class='ocrx_word' id='word_1_242' title='bbox 1555 3840 1658 3897; x_wconf 78' lang='lat' dir='ltr'><strong>Messio</strong></span> <span class='ocrx_word' id='word_1_243' title='bbox 1682 3846 1768 3910; x_wconf 91' lang='lat' dir='ltr'><strong>caput</strong></span> <span class='ocrx_word' id='word_1_244' title='bbox 1791 3840 1925 3912; x_wconf 88' lang='lat' dir='ltr'><strong>serpentis</strong></span> <span class='ocrx_word' id='word_1_245' title='bbox 1950 3857 2015 3894; x_wconf 88' lang='lat' dir='ltr'><strong>con-</strong></span> 
     </span>
     <span class='ocr_line' id='line_1_20' title="bbox 330 3925 2017 4000; baseline -0.001 -20"><span class='ocrx_word' id='word_1_246' title='bbox 330 3927 418 3982; x_wconf 91' lang='lat' dir='ltr'><strong>solum</strong></span> <span class='ocrx_word' id='word_1_247' title='bbox 449 3944 526 3982; x_wconf 91' lang='lat' dir='ltr'><strong>mens</strong></span> <span class='ocrx_word' id='word_1_248' title='bbox 556 3927 677 3982; x_wconf 88' lang='lat' dir='ltr'><strong>humans</strong></span> <span class='ocrx_word' id='word_1_249' title='bbox 701 3926 793 3983; x_wconf 92' lang='lat' dir='ltr'><strong>Deum</strong></span> <span class='ocrx_word' id='word_1_250' title='bbox 821 3936 973 3985; x_wconf 85' lang='lat' dir='ltr'><strong>creatorem</strong></span> <span class='ocrx_word' id='word_1_251' title='bbox 1001 3928 1160 3985; x_wconf 71' lang='lat' dir='ltr'><strong>salutariter</strong></span> <span class='ocrx_word' id='word_1_252' title='bbox 1184 3930 1300 3995; x_wconf 89' lang='lat' dir='ltr'><strong>tritura,</strong></span> <span class='ocrx_word' id='word_1_253' title='bbox 1331 3929 1360 3983; x_wconf 93' lang='lat' dir='ltr'><strong>id</strong></span> <span class='ocrx_word' id='word_1_254' title='bbox 1389 3935 1432 3985; x_wconf 90' lang='lat' dir='ltr'><strong>est</strong></span> <span class='ocrx_word' id='word_1_255' title='bbox 1460 3944 1545 4000; x_wconf 86' lang='lat' dir='ltr'><strong>opera</strong></span> <span class='ocrx_word' id='word_1_256' title='bbox 1570 3925 1673 3982; x_wconf 90' lang='lat' dir='ltr'><strong>diaboli</strong></span> <span class='ocrx_word' id='word_1_257' title='bbox 1703 3926 1877 3980; x_wconf 76' lang='lat' dir='ltr'><strong>deshucturo</strong></span> <span class='ocrx_word' id='word_1_258' title='bbox 1903 3941 1936 3979; x_wconf 89' lang='lat' dir='ltr'><strong>ac</strong></span> <span class='ocrx_word' id='word_1_259' title='bbox 1965 3941 2017 3980; x_wconf 85' lang='lat' dir='ltr'><strong>sua</strong></span> 
     </span>
     <span class='ocr_line' id='line_1_21' title="bbox 329 4012 2016 4088; baseline 0.002 -22"><span class='ocrx_word' id='word_1_260' title='bbox 329 4028 481 4084; x_wconf 75' lang='lat' dir='ltr'><strong>agnoscere</strong></span> <span class='ocrx_word' id='word_1_261' title='bbox 504 4029 538 4067; x_wconf 87' lang='lat' dir='ltr'><strong>ac</strong></span> <span class='ocrx_word' id='word_1_262' title='bbox 556 4013 643 4067; x_wconf 81' lang='lat' dir='ltr'><strong>vitam</strong></span> <span class='ocrx_word' id='word_1_263' title='bbox 659 4014 734 4070; x_wconf 82' lang='lat' dir='ltr'><strong>vitas</strong></span> <span class='ocrx_word' id='word_1_264' title='bbox 751 4014 919 4086; x_wconf 83' lang='lat' dir='ltr'><strong>investigare</strong></span> <span class='ocrx_word' id='word_1_265' title='bbox 935 4032 969 4071; x_wconf 89' lang='lat' dir='ltr'><strong>ex</strong></span> <span class='ocrx_word' id='word_1_266' title='bbox 987 4033 1017 4071; x_wconf 92' lang='lat' dir='ltr'><strong>se</strong></span> <span class='ocrx_word' id='word_1_267' title='bbox 1035 4016 1096 4088; x_wconf 91' lang='lat' dir='ltr'><strong>ipsa</strong></span> <span class='ocrx_word' id='word_1_268' title='bbox 1113 4032 1159 4070; x_wconf 90' lang='lat' dir='ltr'><strong>ne·</strong></span> <span class='ocrx_word' id='word_1_269' title='bbox 1185 4017 1342 4073; x_wconf 89' lang='lat' dir='ltr'><strong>obedientia</strong></span> <span class='ocrx_word' id='word_1_270' title='bbox 1362 4023 1392 4072; x_wconf 91' lang='lat' dir='ltr'><strong>et</strong></span> <span class='ocrx_word' id='word_1_271' title='bbox 1415 4021 1503 4071; x_wconf 87' lang='lat' dir='ltr'><strong>morte</strong></span> <span class='ocrx_word' id='word_1_272' title='bbox 1527 4015 1656 4069; x_wconf 88' lang='lat' dir='ltr'><strong>amissam</strong></span> <span class='ocrx_word' id='word_1_273' title='bbox 1671 4012 1809 4084; x_wconf 86' lang='lat' dir='ltr'><strong>justitiam</strong></span> <span class='ocrx_word' id='word_1_274' title='bbox 1827 4019 1855 4068; x_wconf 89' lang='lat' dir='ltr'><strong>et</strong></span> <span class='ocrx_word' id='word_1_275' title='bbox 1871 4013 1956 4067; x_wconf 80' lang='lat' dir='ltr'><strong>vitam</strong></span> <span class='ocrx_word' id='word_1_276' title='bbox 1973 4031 2016 4070; x_wconf 88' lang='lat' dir='ltr'><strong>re·</strong></span> 
     </span>
     <span class='ocr_line' id='line_1_22' title="bbox 331 4098 2016 4174; baseline 0.002 -21"><span class='ocrx_word' id='word_1_277' title='bbox 331 4107 428 4172; x_wconf 80' lang='lat' dir='ltr'><strong>queat3</strong></span> <span class='ocrx_word' id='word_1_278' title='bbox 450 4099 500 4154; x_wconf 90' lang='lat' dir='ltr'><strong>sed</strong></span> <span class='ocrx_word' id='word_1_279' title='bbox 526 4104 554 4154; x_wconf 87' lang='lat' dir='ltr'><strong>et</strong></span> <span class='ocrx_word' id='word_1_280' title='bbox 577 4100 705 4155; x_wconf 84' lang='lat' dir='ltr'><strong>voluutas</strong></span> <span class='ocrx_word' id='word_1_281' title='bbox 730 4101 822 4156; x_wconf 88' lang='lat' dir='ltr'><strong>aDeo</strong></span> <span class='ocrx_word' id='word_1_282' title='bbox 840 4118 937 4157; x_wconf 87' lang='lat' dir='ltr'><strong>aversa</strong></span> <span class='ocrx_word' id='word_1_283' title='bbox 953 4102 988 4157; x_wconf 91' lang='lat' dir='ltr'><strong>de</strong></span> <span class='ocrx_word' id='word_1_284' title='bbox 1004 4102 1160 4173; x_wconf 90' lang='lat' dir='ltr'><strong>promissio·</strong></span> <span class='ocrx_word' id='word_1_285' title='bbox 1185 4104 1329 4172; x_wconf 84' lang='lat' dir='ltr'><strong>stituturo,</strong></span> <span class='ocrx_word' id='word_1_286' title='bbox 1353 4102 1462 4157; x_wconf 86' lang='lat' dir='ltr'><strong>addidit</strong></span> <span class='ocrx_word' id='word_1_287' title='bbox 1487 4102 1597 4174; x_wconf 82' lang='lat' dir='ltr'><strong>signum</strong></span> <span class='ocrx_word' id='word_1_288' title='bbox 1622 4104 1777 4161; x_wconf 85' lang='lat' dir='ltr'><strong>extemum,</strong></span> <span class='ocrx_word' id='word_1_289' title='bbox 1800 4098 1885 4153; x_wconf 88' lang='lat' dir='ltr'><strong>ritum</strong></span> <span class='ocrx_word' id='word_1_290' title='bbox 1909 4100 2016 4156; x_wconf 85' lang='lat' dir='ltr'><strong>scilicet</strong></span> 
     </span>
     <span class='ocr_line' id='line_1_23' title="bbox 330 4184 2149 4261; baseline 0.002 -21"><span class='ocrx_word' id='word_1_291' title='bbox 330 4186 412 4241; x_wconf 88' lang='lat' dir='ltr'><strong>nibus</strong></span> <span class='ocrx_word' id='word_1_292' title='bbox 429 4185 530 4240; x_wconf 83' lang='lat' dir='ltr'><strong>divinis</strong></span> <span class='ocrx_word' id='word_1_293' title='bbox 542 4192 675 4256; x_wconf 88' lang='lat' dir='ltr'><strong>perpetuo</strong></span> <span class='ocrx_word' id='word_1_294' title='bbox 686 4186 803 4256; x_wconf 89' lang='lat' dir='ltr'><strong>dubitet,</strong></span> <span class='ocrx_word' id='word_1_295' title='bbox 817 4187 879 4243; x_wconf 90' lang='lat' dir='ltr'><strong>ideo</strong></span> <span class='ocrx_word' id='word_1_296' title='bbox 892 4187 1160 4244; x_wconf 87' lang='lat' dir='ltr'><strong>misericordissimus</strong></span> <span class='ocrx_word' id='word_1_297' title='bbox 1185 4188 1369 4253; x_wconf 87' lang='lat' dir='ltr'><strong>sacrificandi,</strong></span> <span class='ocrx_word' id='word_1_298' title='bbox 1389 4205 1471 4261; x_wconf 89' lang='lat' dir='ltr'><strong>quem</strong></span> <span class='ocrx_word' id='word_1_299' title='bbox 1488 4205 1543 4242; x_wconf 92' lang='lat' dir='ltr'><strong>non</strong></span> <span class='ocrx_word' id='word_1_300' title='bbox 1560 4186 1680 4241; x_wconf 89' lang='lat' dir='ltr'><strong>humano</strong></span> <span class='ocrx_word' id='word_1_301' title='bbox 1693 4184 1807 4241; x_wconf 88' lang='lat' dir='ltr'><strong>arbitrio</strong></span> <span class='ocrx_word' id='word_1_302' title='bbox 1821 4185 2015 4258; x_wconf 83' lang='lat' dir='ltr'><strong>excogitatum,</strong></span> <span class='ocrx_word' id='word_1_303' title='bbox 2029 4200 2090 4243; x_wconf 78' lang='grc'><strong>1111,</strong></span> <span class='ocrx_word' id='word_1_304' title='bbox 2102 4200 2149 4246; x_wconf 74' lang='lat' dir='ltr'><strong>m.</strong></span> 
     </span>
     <span class='ocr_line' id='line_1_24' title="bbox 329 4270 2017 4335; baseline 0.002 -9"><span class='ocrx_word' id='word_1_305' title='bbox 329 4272 406 4327; x_wconf 91' lang='lat' dir='ltr'><strong>Deus</strong></span> <span class='ocrx_word' id='word_1_306' title='bbox 430 4277 459 4326; x_wconf 89' lang='lat' dir='ltr'><strong>et</strong></span> <span class='ocrx_word' id='word_1_307' title='bbox 478 4270 620 4327; x_wconf 91' lang='lat' dir='ltr'><strong>hominum</strong></span> <span class='ocrx_word' id='word_1_308' title='bbox 645 4272 729 4327; x_wconf 92' lang='lat' dir='ltr'><strong>saluti</strong></span> <span class='ocrx_word' id='word_1_309' title='bbox 754 4279 784 4328; x_wconf 91' lang='lat' dir='ltr'><strong>et</strong></span> <span class='ocrx_word' id='word_1_310' title='bbox 803 4272 870 4329; x_wconf 87' lang='lat' dir='ltr'><strong>fidei</strong></span> <span class='ocrx_word' id='word_1_311' title='bbox 888 4281 999 4330; x_wconf 88' lang='lat' dir='ltr'><strong>nostrae</strong></span> <span class='ocrx_word' id='word_1_312' title='bbox 1018 4274 1160 4330; x_wconf 90' lang='lat' dir='ltr'><strong>imbecilli·</strong></span> <span class='ocrx_word' id='word_1_313' title='bbox 1186 4276 1236 4333; x_wconf 90' lang='lat' dir='ltr'><strong>sed</strong></span> <span class='ocrx_word' id='word_1_314' title='bbox 1262 4275 1393 4330; x_wconf 83' lang='lat' dir='ltr'><strong>divinitus</strong></span> <span class='ocrx_word' id='word_1_315' title='bbox 1416 4275 1553 4329; x_wconf 85' lang='lat' dir='ltr'><strong>sancitum</strong></span> <span class='ocrx_word' id='word_1_316' title='bbox 1576 4271 1674 4335; x_wconf 81' lang='lat' dir='ltr'><strong>fuisse,</strong></span> <span class='ocrx_word' id='word_1_317' title='bbox 1703 4271 1822 4326; x_wconf 88' lang='lat' dir='ltr'><strong>immotis</strong></span> <span class='ocrx_word' id='word_1_318' title='bbox 1844 4272 2017 4330; x_wconf 85' lang='lat' dir='ltr'><strong>documentis</strong></span> 
     </span>
     <span class='ocr_line' id='line_1_25' title="bbox 329 4355 2017 4434; baseline 0.001 -20"><span class='ocrx_word' id='word_1_319' title='bbox 329 4360 381 4414; x_wconf 86' lang='lat' dir='ltr'><strong>tati</strong></span> <span class='ocrx_word' id='word_1_320' title='bbox 398 4358 553 4428; x_wconf 90' lang='lat' dir='ltr'><strong>consulens,</strong></span> <span class='ocrx_word' id='word_1_321' title='bbox 570 4375 626 4412; x_wconf 88' lang='lat' dir='ltr'><strong>non</strong></span> <span class='ocrx_word' id='word_1_322' title='bbox 643 4362 788 4415; x_wconf 82' lang='lat' dir='ltr'><strong>contentus</strong></span> <span class='ocrx_word' id='word_1_323' title='bbox 807 4359 975 4416; x_wconf 79' lang='lat' dir='ltr'><strong>uoluntatem</strong></span> <span class='ocrx_word' id='word_1_324' title='bbox 992 4378 1071 4416; x_wconf 89' lang='lat' dir='ltr'><strong>suam</strong></span> <span class='ocrx_word' id='word_1_325' title='bbox 1084 4363 1159 4434; x_wconf 91' lang='lat' dir='ltr'><strong>plus·</strong></span> <span class='ocrx_word' id='word_1_326' title='bbox 1186 4365 1216 4419; x_wconf 90' lang='lat' dir='ltr'><strong>iu</strong></span> <span class='ocrx_word' id='word_1_327' title='bbox 1234 4368 1315 4418; x_wconf 85' lang='lat' dir='ltr'><strong>tract.</strong></span> <span class='ocrx_word' id='word_1_328' title='bbox 1332 4364 1367 4418; x_wconf 90' lang='lat' dir='ltr'><strong>de</strong></span> <span class='ocrx_word' id='word_1_329' title='bbox 1383 4361 1493 4434; x_wconf 81' lang='lat' dir='ltr'><strong>legibus</strong></span> <span class='ocrx_word' id='word_1_330' title='bbox 1511 4376 1646 4416; x_wconf 85' lang='lat' dir='ltr'><strong>ceremon</strong></span> <span class='ocrx_word' id='word_1_331' title='bbox 1665 4365 1693 4415; x_wconf 87' lang='lat' dir='ltr'><strong>st</strong></span> <span class='ocrx_word' id='word_1_332' title='bbox 1711 4358 1813 4415; x_wconf 85' lang='lat' dir='ltr'><strong>forans.</strong></span> <span class='ocrx_word' id='word_1_333' title='bbox 1834 4355 1926 4434; x_wconf 77' lang='lat'>514.</span> <span class='ocrx_word' id='word_1_334' title='bbox 1944 4378 2017 4417; x_wconf 91' lang='lat' dir='ltr'><strong>com·</strong></span> 
     </span>
     <span class='ocr_line' id='line_1_26' title="bbox 329 4442 2019 4521; baseline 0.002 -22"><span class='ocrx_word' id='word_1_335' title='bbox 329 4462 413 4516; x_wconf 87' lang='lat' dir='ltr'><strong>quam</strong></span> <span class='ocrx_word' id='word_1_336' title='bbox 430 4451 574 4515; x_wconf 84' lang='lat' dir='ltr'><strong>paternam</strong></span> <span class='ocrx_word' id='word_1_337' title='bbox 591 4445 675 4500; x_wconf 84' lang='lat' dir='ltr'><strong>verbo</strong></span> <span class='ocrx_word' id='word_1_338' title='bbox 687 4444 864 4516; x_wconf 82' lang='lat' dir='ltr'><strong>evangelicas</strong></span> <span class='ocrx_word' id='word_1_339' title='bbox 875 4447 1063 4517; x_wconf 89' lang='lat' dir='ltr'><strong>promissionis</strong></span> <span class='ocrx_word' id='word_1_340' title='bbox 1075 4442 1160 4503; x_wconf 88' lang='lat' dir='ltr'><strong>maui-</strong></span> <span class='ocrx_word' id='word_1_341' title='bbox 1186 4449 1371 4521; x_wconf 83' lang='lat' dir='ltr'><strong>probavimus.</strong></span> <span class='ocrx_word' id='word_1_342' title='bbox 1407 4446 1525 4514; x_wconf 82' lang='lat' dir='ltr'><strong>Quando</strong></span> <span class='ocrx_word' id='word_1_343' title='bbox 1550 4446 1624 4501; x_wconf 90' lang='lat' dir='ltr'><strong>enim</strong></span> <span class='ocrx_word' id='word_1_344' title='bbox 1645 4446 1723 4501; x_wconf 89' lang='lat' dir='ltr'><strong>Deus</strong></span> <span class='ocrx_word' id='word_1_345' title='bbox 1744 4462 1777 4501; x_wconf 86' lang='lat' dir='ltr'><strong>ex</strong></span> <span class='ocrx_word' id='word_1_346' title='bbox 1802 4446 1922 4517; x_wconf 91' lang='lat' dir='ltr'><strong>pellibus</strong></span> <span class='ocrx_word' id='word_1_347' title='bbox 1946 4448 2019 4503; x_wconf 91' lang='lat' dir='ltr'><strong>occi·</strong></span> 
     </span>
     <span class='ocr_line' id='line_1_27' title="bbox 329 4531 2019 4605; baseline 0.001 -18"><span class='ocrx_word' id='word_1_348' title='bbox 329 4532 443 4601; x_wconf 77' lang='lat' dir='ltr'><strong>testare,</strong></span> <span class='ocrx_word' id='word_1_349' title='bbox 463 4532 583 4587; x_wconf 86' lang='lat' dir='ltr'><strong>externis</strong></span> <span class='ocrx_word' id='word_1_350' title='bbox 600 4531 712 4602; x_wconf 80' lang='lat' dir='ltr'><strong>insuper</strong></span> <span class='ocrx_word' id='word_1_351' title='bbox 729 4531 817 4604; x_wconf 84' lang='lat' dir='ltr'><strong>siguis</strong></span> <span class='ocrx_word' id='word_1_352' title='bbox 835 4532 952 4588; x_wconf 87' lang='lat' dir='ltr'><strong>eandem</strong></span> <span class='ocrx_word' id='word_1_353' title='bbox 968 4533 1157 4590; x_wconf 86' lang='lat' dir='ltr'><strong>confirmatam</strong></span> <span class='ocrx_word' id='word_1_354' title='bbox 1187 4554 1279 4592; x_wconf 90' lang='lat' dir='ltr'><strong>sorum</strong></span> <span class='ocrx_word' id='word_1_355' title='bbox 1298 4534 1460 4604; x_wconf 77' lang='lat' dir='ltr'><strong>animalium</strong></span> <span class='ocrx_word' id='word_1_356' title='bbox 1479 4541 1566 4587; x_wconf 66' lang='lat' dir='ltr'><strong>vasta</strong></span> <span class='ocrx_word' id='word_1_357' title='bbox 1587 4532 1691 4602; x_wconf 87' lang='lat' dir='ltr'><strong>primis</strong></span> <span class='ocrx_word' id='word_1_358' title='bbox 1712 4533 1879 4601; x_wconf 81' lang='lat' dir='ltr'><strong>parcatibrar</strong></span> <span class='ocrx_word' id='word_1_359' title='bbox 1892 4538 2019 4605; x_wconf 79' lang='lat' dir='ltr'><strong>paravit,</strong></span> 
     </span>
     <span class='ocr_line' id='line_1_28' title="bbox 329 4618 2019 4695; baseline 0.001 -21"><span class='ocrx_word' id='word_1_360' title='bbox 329 4619 420 4688; x_wconf 87' lang='lat' dir='ltr'><strong>dedit,</strong></span> <span class='ocrx_word' id='word_1_361' title='bbox 441 4626 473 4674; x_wconf 90' lang='lat' dir='ltr'><strong>ut</strong></span> <span class='ocrx_word' id='word_1_362' title='bbox 492 4619 530 4688; x_wconf 82' lang='lat' dir='ltr'><strong>id,</strong></span> <span class='ocrx_word' id='word_1_363' title='bbox 551 4618 625 4691; x_wconf 89' lang='lat' dir='ltr'><strong>quod</strong></span> <span class='ocrx_word' id='word_1_364' title='bbox 643 4619 678 4674; x_wconf 89' lang='lat' dir='ltr'><strong>de</strong></span> <span class='ocrx_word' id='word_1_365' title='bbox 696 4619 786 4676; x_wconf 87' lang='lat' dir='ltr'><strong>salute</strong></span> <span class='ocrx_word' id='word_1_366' title='bbox 802 4627 896 4676; x_wconf 85' lang='lat' dir='ltr'><strong>nostra</strong></span> <span class='ocrx_word' id='word_1_367' title='bbox 912 4621 942 4674; x_wconf 88' lang='lat' dir='ltr'><strong>in</strong></span> <span class='ocrx_word' id='word_1_368' title='bbox 959 4622 1043 4679; x_wconf 86' lang='lat' dir='ltr'><strong>verbo</strong></span> <span class='ocrx_word' id='word_1_369' title='bbox 1061 4640 1161 4695; x_wconf 91' lang='lat' dir='ltr'><strong>propo·</strong></span> <span class='ocrx_word' id='word_1_370' title='bbox 1188 4623 1259 4681; x_wconf 83' lang='lat' dir='ltr'><strong>Gen.</strong></span> <span class='ocrx_word' id='word_1_371' title='bbox 1280 4629 1305 4692; x_wconf 84' lang='grc'><strong>3,</strong></span> <span class='ocrx_word' id='word_1_372' title='bbox 1322 4640 1349 4679; x_wconf 83' lang='lat' dir='ltr'><strong>v.</strong></span> <span class='ocrx_word' id='word_1_373' title='bbox 1368 4627 1410 4678; x_wconf 85' lang='lat'><strong>21.</strong></span> <span class='ocrx_word' id='word_1_374' title='bbox 1428 4637 1461 4675; x_wconf 93' lang='lat' dir='ltr'><strong>eo</strong></span> <span class='ocrx_word' id='word_1_375' title='bbox 1478 4620 1540 4691; x_wconf 90' lang='lat' dir='ltr'><strong>ipso</strong></span> <span class='ocrx_word' id='word_1_376' title='bbox 1558 4619 1642 4674; x_wconf 90' lang='lat' dir='ltr'><strong>ritum</strong></span> <span class='ocrx_word' id='word_1_377' title='bbox 1660 4620 1801 4675; x_wconf 89' lang='lat' dir='ltr'><strong>mactandi</strong></span> <span class='ocrx_word' id='word_1_378' title='bbox 1820 4626 1848 4676; x_wconf 92' lang='lat' dir='ltr'><strong>et</strong></span> <span class='ocrx_word' id='word_1_379' title='bbox 1859 4620 2019 4676; x_wconf 84' lang='lat' dir='ltr'><strong>immolandi</strong></span> 
     </span>
     <span class='ocr_line' id='line_1_29' title="bbox 329 4704 2020 4780; baseline 0.002 -20"><span class='ocrx_word' id='word_1_380' title='bbox 329 4704 416 4770; x_wconf 85' lang='lat' dir='ltr'><strong>uitur,</strong></span> <span class='ocrx_word' id='word_1_381' title='bbox 441 4712 552 4761; x_wconf 85' lang='lat' dir='ltr'><strong>externo</strong></span> <span class='ocrx_word' id='word_1_382' title='bbox 572 4704 652 4774; x_wconf 81' lang='lat' dir='ltr'><strong>signo</strong></span> <span class='ocrx_word' id='word_1_383' title='bbox 675 4705 883 4777; x_wconf 89' lang='lat' dir='ltr'><strong>confirmatum,</strong></span> <span class='ocrx_word' id='word_1_384' title='bbox 903 4706 983 4762; x_wconf 86' lang='lat' dir='ltr'><strong>firma</strong></span> <span class='ocrx_word' id='word_1_385' title='bbox 1000 4716 1028 4764; x_wconf 88' lang='lat' dir='ltr'><strong>et</strong></span> <span class='ocrx_word' id='word_1_386' title='bbox 1045 4709 1161 4765; x_wconf 87' lang='lat' dir='ltr'><strong>immota</strong></span> <span class='ocrx_word' id='word_1_387' title='bbox 1187 4710 1317 4766; x_wconf 90' lang='lat' dir='ltr'><strong>animalia</strong></span> <span class='ocrx_word' id='word_1_388' title='bbox 1333 4708 1408 4780; x_wconf 85' lang='lat' dir='ltr'><strong>ipsos</strong></span> <span class='ocrx_word' id='word_1_389' title='bbox 1425 4706 1553 4766; x_wconf 82' lang='lat' dir='ltr'><strong>docuisse</strong></span> <span class='ocrx_word' id='word_1_390' title='bbox 1570 4706 1764 4776; x_wconf 90' lang='lat' dir='ltr'><strong>statuendum,</strong></span> <span class='ocrx_word' id='word_1_391' title='bbox 1789 4723 1861 4778; x_wconf 88' lang='lat' dir='ltr'><strong>quae</strong></span> <span class='ocrx_word' id='word_1_392' title='bbox 1884 4707 2020 4764; x_wconf 83' lang='lat' dir='ltr'><strong>sacrificia</strong></span> 
     </span>
     <span class='ocr_line' id='line_1_30' title="bbox 328 4790 2018 4866; baseline 0.002 -19"><span class='ocrx_word' id='word_1_393' title='bbox 328 4791 384 4848; x_wconf 91' lang='lat' dir='ltr'><strong>fide</strong></span> <span class='ocrx_word' id='word_1_394' title='bbox 408 4808 426 4846; x_wconf 86' lang='lat' dir='ltr'><strong>a</strong></span> <span class='ocrx_word' id='word_1_395' title='bbox 451 4790 531 4847; x_wconf 90' lang='lat' dir='ltr'><strong>uobis</strong></span> <span class='ocrx_word' id='word_1_396' title='bbox 551 4791 814 4863; x_wconf 85' lang='lat' dir='ltr'><strong>apprehenderetur,</strong></span> <span class='ocrx_word' id='word_1_397' title='bbox 837 4793 981 4866; x_wconf 90' lang='lat' dir='ltr'><strong>omnisque</strong></span> <span class='ocrx_word' id='word_1_398' title='bbox 1004 4812 1038 4851; x_wconf 89' lang='lat' dir='ltr'><strong>ex</strong></span> <span class='ocrx_word' id='word_1_399' title='bbox 1063 4795 1161 4851; x_wconf 89' lang='lat' dir='ltr'><strong>animis</strong></span> <span class='ocrx_word' id='word_1_400' title='bbox 1187 4797 1216 4851; x_wconf 90' lang='lat' dir='ltr'><strong>iu</strong></span> <span class='ocrx_word' id='word_1_401' title='bbox 1233 4795 1289 4851; x_wconf 84' lang='lat' dir='ltr'><strong>tide</strong></span> <span class='ocrx_word' id='word_1_402' title='bbox 1307 4794 1402 4851; x_wconf 85' lang='lat' dir='ltr'><strong>oblata</strong></span> <span class='ocrx_word' id='word_1_403' title='bbox 1420 4792 1475 4847; x_wconf 91' lang='lat' dir='ltr'><strong>sibi</strong></span> <span class='ocrx_word' id='word_1_404' title='bbox 1492 4796 1574 4864; x_wconf 81' lang='lat' dir='ltr'><strong>grata</strong></span> <span class='ocrx_word' id='word_1_405' title='bbox 1582 4791 1676 4860; x_wconf 83' lang='lat' dir='ltr'><strong>fuisse,</strong></span> <span class='ocrx_word' id='word_1_406' title='bbox 1695 4791 1888 4863; x_wconf 76' lang='lat' dir='ltr'><strong>iguecoelitus</strong></span> <span class='ocrx_word' id='word_1_407' title='bbox 1899 4794 2018 4850; x_wconf 90' lang='lat' dir='ltr'><strong>demisso</strong></span> 
     </span>
     <span class='ocr_line' id='line_1_31' title="bbox 331 4877 2018 4951; baseline -0.001 -12"><span class='ocrx_word' id='word_1_408' title='bbox 331 4879 432 4935; x_wconf 72' lang='lat' dir='ltr'><strong>nostris</strong></span> <span class='ocrx_word' id='word_1_409' title='bbox 451 4878 589 4934; x_wconf 75' lang='lat' dir='ltr'><strong>dubitatio</strong></span> <span class='ocrx_word' id='word_1_410' title='bbox 609 4877 807 4934; x_wconf 72' lang='lat' dir='ltr'><strong>excluderetur.</strong></span> <span class='ocrx_word' id='word_1_411' title='bbox 1188 4884 1284 4939; x_wconf 89' lang='lat' dir='ltr'><strong>eadem</strong></span> <span class='ocrx_word' id='word_1_412' title='bbox 1308 4882 1457 4937; x_wconf 84' lang='lat' dir='ltr'><strong>absumens</strong></span> <span class='ocrx_word' id='word_1_413' title='bbox 1483 4877 1704 4934; x_wconf 84' lang='lat' dir='ltr'><strong>manifestissimo</strong></span> <span class='ocrx_word' id='word_1_414' title='bbox 1722 4878 1802 4950; x_wconf 78' lang='lat' dir='ltr'><strong>siguo</strong></span> <span class='ocrx_word' id='word_1_415' title='bbox 1820 4880 2018 4951; x_wconf 82' lang='lat' dir='ltr'><strong>comprobavit,</strong></span> 
     </span>
     <span class='ocr_line' id='line_1_32' title="bbox 366 4962 2018 5040; baseline 0.001 -19"><span class='ocrx_word' id='word_1_416' title='bbox 366 4972 390 5021; x_wconf 91' lang='grc'><strong>2.</strong></span> <span class='ocrx_word' id='word_1_417' title='bbox 428 4964 463 5020; x_wconf 76' lang='lat' dir='ltr'><strong>ss·</strong></span> <span class='ocrx_word' id='word_1_418' title='bbox 489 4966 670 5034; x_wconf 77' lang='lat' dir='ltr'><strong>incorporeas</strong></span> <span class='ocrx_word' id='word_1_419' title='bbox 700 4981 789 5035; x_wconf 73' lang='lat' dir='ltr'><strong>assu,</strong></span> <span class='ocrx_word' id='word_1_420' title='bbox 825 4968 922 5023; x_wconf 89' lang='lat' dir='ltr'><strong>scribit</strong></span> <span class='ocrx_word' id='word_1_421' title='bbox 949 4966 1161 5039; x_wconf 76' lang='lat' dir='ltr'><strong>chrysostomus</strong></span> <span class='ocrx_word' id='word_1_422' title='bbox 1186 4971 1228 5025; x_wconf 88' lang='lat' dir='ltr'><strong>ita</strong></span> <span class='ocrx_word' id='word_1_423' title='bbox 1244 4982 1364 5040; x_wconf 89' lang='lat' dir='ltr'><strong>namque</strong></span> <span class='ocrx_word' id='word_1_424' title='bbox 1380 4973 1486 5021; x_wconf 82' lang='lat' dir='ltr'><strong>textum</strong></span> <span class='ocrx_word' id='word_1_425' title='bbox 1503 4963 1663 5020; x_wconf 84' lang='lat' dir='ltr'><strong>Hebraeum</strong></span> <span class='ocrx_word' id='word_1_426' title='bbox 1681 4962 1895 5031; x_wconf 77' lang='grc'><strong>(1011.4,1.4.</strong></span> <span class='ocrx_word' id='word_1_427' title='bbox 1929 4966 2018 5023; x_wconf 80' lang='lat' dir='ltr'><strong>&#39;Phao-</strong></span> 
     </span>
     <span class='ocr_line' id='line_1_33' title="bbox 331 5049 2019 5124; baseline 0.001 -18"><span class='ocrx_word' id='word_1_428' title='bbox 331 5052 403 5107; x_wconf 91' lang='lat' dir='ltr'><strong>hom.</strong></span> <span class='ocrx_word' id='word_1_429' title='bbox 422 5058 463 5107; x_wconf 87' lang='grc'><strong>60.</strong></span> <span class='ocrx_word' id='word_1_430' title='bbox 489 5052 525 5106; x_wconf 90' lang='lat' dir='ltr'><strong>ad</strong></span> <span class='ocrx_word' id='word_1_431' title='bbox 551 5068 615 5123; x_wconf 87' lang='lat' dir='ltr'><strong>pop.</strong></span> <span class='ocrx_word' id='word_1_432' title='bbox 633 5049 761 5105; x_wconf 80' lang='lat' dir='ltr'><strong>Antiooln</strong></span> <span class='ocrx_word' id='word_1_433' title='bbox 787 5058 816 5107; x_wconf 85' lang='lat' dir='ltr'><strong>et</strong></span> <span class='ocrx_word' id='word_1_434' title='bbox 834 5053 927 5109; x_wconf 86' lang='lat' dir='ltr'><strong>homil.</strong></span> <span class='ocrx_word' id='word_1_435' title='bbox 945 5059 987 5110; x_wconf 82' lang='grc'><strong>83.</strong></span> <span class='ocrx_word' id='word_1_436' title='bbox 1013 5056 1043 5110; x_wconf 92' lang='lat' dir='ltr'><strong>in</strong></span> <span class='ocrx_word' id='word_1_437' title='bbox 1064 5056 1162 5112; x_wconf 83' lang='lat' dir='ltr'><strong>Matth.</strong></span> <span class='ocrx_word' id='word_1_438' title='bbox 1188 5056 1284 5111; x_wconf 88' lang='lat' dir='ltr'><strong>dotion</strong></span> <span class='ocrx_word' id='word_1_439' title='bbox 1298 5052 1433 5109; x_wconf 83' lang='lat' dir='ltr'><strong>reddidit:</strong></span> <span class='ocrx_word' id='word_1_440' title='bbox 1453 5060 1479 5105; x_wconf 86' lang='lat' dir='ltr'><strong>et</strong></span> <span class='ocrx_word' id='word_1_441' title='bbox 1496 5052 1680 5120; x_wconf 82' lang='lat' dir='ltr'><strong>inflammavit</strong></span> <span class='ocrx_word' id='word_1_442' title='bbox 1694 5052 1834 5124; x_wconf 73' lang='lat' dir='ltr'><strong>Dominus</strong></span> <span class='ocrx_word' id='word_1_443' title='bbox 1850 5053 2019 5123; x_wconf 80' lang='lat' dir='ltr'><strong>supcrAbsl</strong></span> 
     </span>
     <span class='ocr_line' id='line_1_34' title="bbox 331 5137 2018 5212; baseline 0 -19"><span class='ocrx_word' id='word_1_444' title='bbox 331 5140 405 5193; x_wconf 80' lang='lat' dir='ltr'><strong>aude</strong></span> <span class='ocrx_word' id='word_1_445' title='bbox 424 5139 476 5191; x_wconf 84' lang='lat' dir='ltr'><strong>tibi</strong></span> <span class='ocrx_word' id='word_1_446' title='bbox 491 5139 556 5207; x_wconf 76' lang='lat' dir='ltr'><strong>ipsa</strong></span> <span class='ocrx_word' id='word_1_447' title='bbox 574 5140 650 5192; x_wconf 77' lang='lat' dir='ltr'><strong>aona</strong></span> <span class='ocrx_word' id='word_1_448' title='bbox 666 5137 835 5206; x_wconf 79' lang='lat' dir='ltr'><strong>incorporea</strong></span> <span class='ocrx_word' id='word_1_449' title='bbox 853 5143 969 5211; x_wconf 79' lang='lat' dir='ltr'><strong>(Deus)</strong></span> <span class='ocrx_word' id='word_1_450' title='bbox 988 5144 1163 5212; x_wconf 79' lang='lat' dir='ltr'><strong>tradidisset,</strong></span> <span class='ocrx_word' id='word_1_451' title='bbox 1187 5152 1215 5198; x_wconf 83' lang='lat' dir='ltr'><strong>st</strong></span> <span class='ocrx_word' id='word_1_452' title='bbox 1231 5157 1316 5210; x_wconf 77' lang='lat' dir='ltr'><strong>super</strong></span> <span class='ocrx_word' id='word_1_453' title='bbox 1332 5138 1502 5203; x_wconf 73' lang='lat' dir='ltr'><strong>sacrificium</strong></span> <span class='ocrx_word' id='word_1_454' title='bbox 1520 5144 1588 5204; x_wconf 81' lang='lat' dir='ltr'><strong>ejas,</strong></span> <span class='ocrx_word' id='word_1_455' title='bbox 1604 5137 1752 5209; x_wconf 90' lang='lat' dir='ltr'><strong>respiciens</strong></span> <span class='ocrx_word' id='word_1_456' title='bbox 1768 5137 1854 5193; x_wconf 90' lang='lat' dir='ltr'><strong>dubio</strong></span> <span class='ocrx_word' id='word_1_457' title='bbox 1872 5138 1970 5209; x_wconf 90' lang='lat' dir='ltr'><strong>procul</strong></span> <span class='ocrx_word' id='word_1_458' title='bbox 1981 5138 2018 5194; x_wconf 90' lang='lat' dir='ltr'><strong>ad</strong></span> 
     </span>
     <span class='ocr_line' id='line_1_35' title="bbox 295 5216 2089 5299; baseline 0.002 -20"><span class='ocrx_word' id='word_1_459' title='bbox 295 5216 301 5228; x_wconf 82' lang='grc'>’</span> <span class='ocrx_word' id='word_1_460' title='bbox 331 5225 464 5296; x_wconf 78' lang='lat' dir='ltr'><strong>quoniam</strong></span> <span class='ocrx_word' id='word_1_461' title='bbox 482 5241 546 5277; x_wconf 84' lang='lat' dir='ltr'><strong>asro</strong></span> <span class='ocrx_word' id='word_1_462' title='bbox 564 5222 714 5290; x_wconf 81' lang='lat' dir='ltr'><strong>aoajaacta</strong></span> <span class='ocrx_word' id='word_1_463' title='bbox 732 5226 849 5293; x_wconf 86' lang='lat' dir='ltr'><strong>corpori</strong></span> <span class='ocrx_word' id='word_1_464' title='bbox 867 5236 908 5282; x_wconf 81' lang='lat' dir='ltr'><strong>ast</strong></span> <span class='ocrx_word' id='word_1_465' title='bbox 924 5229 1021 5283; x_wconf 80' lang='lat' dir='ltr'><strong>anima</strong></span> <span class='ocrx_word' id='word_1_466' title='bbox 1039 5238 1103 5299; x_wconf 85' lang='lat' dir='ltr'><strong>tao,</strong></span> <span class='ocrx_word' id='word_1_467' title='bbox 1122 5231 1163 5283; x_wconf 86' lang='lat' dir='ltr'><strong>ia·</strong></span> <span class='ocrx_word' id='word_1_468' title='bbox 1188 5228 1291 5283; x_wconf 89' lang='lat' dir='ltr'><strong>similes</strong></span> <span class='ocrx_word' id='word_1_469' title='bbox 1315 5224 1460 5293; x_wconf 86' lang='lat' dir='ltr'><strong>historias,</strong></span> <span class='ocrx_word' id='word_1_470' title='bbox 1483 5224 1514 5279; x_wconf 93' lang='lat' dir='ltr'><strong>in</strong></span> <span class='ocrx_word' id='word_1_471' title='bbox 1533 5223 1634 5296; x_wconf 90' lang='lat' dir='ltr'><strong>quibus</strong></span> <span class='ocrx_word' id='word_1_472' title='bbox 1648 5224 1714 5295; x_wconf 81' lang='lat' dir='ltr'><strong>igue</strong></span> <span class='ocrx_word' id='word_1_473' title='bbox 1733 5224 1844 5280; x_wconf 88' lang='lat' dir='ltr'><strong>coelesti</strong></span> <span class='ocrx_word' id='word_1_474' title='bbox 1863 5224 1958 5281; x_wconf 88' lang='lat' dir='ltr'><strong>itidem</strong></span> <span class='ocrx_word' id='word_1_475' title='bbox 1975 5242 2033 5282; x_wconf 85' lang='lat' dir='ltr'><strong>sa··</strong></span> <span class='ocrx_word' id='word_1_476' title='bbox 2083 5243 2089 5255; x_wconf 88' lang='lat'><strong>·</strong></span> 
     </span>
     <span class='ocr_line' id='line_1_36' title="bbox 331 5308 2018 5385; baseline 0.005 -23"><span class='ocrx_word' id='word_1_477' title='bbox 331 5311 509 5366; x_wconf 77' lang='lat' dir='ltr'><strong>sensibilibus</strong></span> <span class='ocrx_word' id='word_1_478' title='bbox 533 5308 719 5377; x_wconf 77' lang='lat' dir='ltr'><strong>inteilipsada</strong></span> <span class='ocrx_word' id='word_1_479' title='bbox 735 5308 787 5362; x_wconf 87' lang='lat' dir='ltr'><strong>tibi</strong></span> <span class='ocrx_word' id='word_1_480' title='bbox 803 5313 964 5369; x_wconf 67' lang='lat' dir='ltr'><strong>tradimus.</strong></span> <span class='ocrx_word' id='word_1_481' title='bbox 999 5315 1163 5372; x_wconf 65' lang='lat' dir='ltr'><strong>”Nasium</strong></span> <span class='ocrx_word' id='word_1_482' title='bbox 1188 5312 1293 5372; x_wconf 81' lang='grc'><strong>01111010</strong></span> <span class='ocrx_word' id='word_1_483' title='bbox 1311 5312 1439 5368; x_wconf 87' lang='lat' dir='ltr'><strong>absumta</strong></span> <span class='ocrx_word' id='word_1_484' title='bbox 1457 5311 1595 5382; x_wconf 81' lang='lat' dir='ltr'><strong>leguntur,</strong></span> <span class='ocrx_word' id='word_1_485' title='bbox 1615 5310 1686 5368; x_wconf 80' lang='lat' dir='ltr'><strong>Gen.</strong></span> <span class='ocrx_word' id='word_1_486' title='bbox 1707 5316 1747 5381; x_wconf 81' lang='lat'><strong>15,</strong></span> <span class='ocrx_word' id='word_1_487' title='bbox 1764 5328 1791 5368; x_wconf 86' lang='lat' dir='ltr'><strong>v.</strong></span> <span class='ocrx_word' id='word_1_488' title='bbox 1812 5318 1852 5369; x_wconf 81' lang='grc'><strong>17.</strong></span> <span class='ocrx_word' id='word_1_489' title='bbox 1886 5310 1974 5368; x_wconf 80' lang='lat' dir='ltr'><strong>Lavit</strong></span> <span class='ocrx_word' id='word_1_490' title='bbox 1992 5318 2018 5385; x_wconf 82' lang='grc'><strong>9,</strong></span> 
     </span>
     <span class='ocr_line' id='line_1_37' title="bbox 331 5394 2019 5475; baseline 0.002 -22"><span class='ocrx_word' id='word_1_491' title='bbox 331 5416 417 5455; x_wconf 78' lang='lat' dir='ltr'><strong>senua</strong></span> <span class='ocrx_word' id='word_1_492' title='bbox 440 5403 509 5454; x_wconf 84' lang='lat' dir='ltr'><strong>orat.</strong></span> <span class='ocrx_word' id='word_1_493' title='bbox 535 5402 581 5452; x_wconf 86' lang='lat'><strong>40:</strong></span> <span class='ocrx_word' id='word_1_494' title='bbox 604 5399 712 5450; x_wconf 81' lang='grc' dir='ltr'><em>Διπῶν</em></span> <span class='ocrx_word' id='word_1_495' title='bbox 735 5395 767 5448; x_wconf 77' lang='grc' dir='ltr'><strong>δὲ</strong></span> <span class='ocrx_word' id='word_1_496' title='bbox 793 5394 881 5453; x_wconf 77' lang='grc' dir='ltr'><em>ὄντων</em></span> <span class='ocrx_word' id='word_1_497' title='bbox 905 5400 997 5468; x_wconf 79' lang='grc' dir='ltr'><strong>ἡμῶν,</strong></span> <span class='ocrx_word' id='word_1_498' title='bbox 1025 5402 1056 5456; x_wconf 71' lang='grc' dir='ltr'><strong>ἐκ</strong></span> <span class='ocrx_word' id='word_1_499' title='bbox 1074 5405 1165 5475; x_wconf 81' lang='grc' dir='ltr'><strong><em>ψυχῆς</em></strong></span> <span class='ocrx_word' id='word_1_500' title='bbox 1187 5421 1214 5458; x_wconf 82' lang='lat' dir='ltr'><strong>v.</strong></span> <span class='ocrx_word' id='word_1_501' title='bbox 1234 5406 1276 5457; x_wconf 91' lang='grc'><strong>24.</strong></span> <span class='ocrx_word' id='word_1_502' title='bbox 1312 5397 1490 5469; x_wconf 80' lang='lat' dir='ltr'><strong>1.ch.1a,</strong></span> <span class='ocrx_word' id='word_1_503' title='bbox 1514 5416 1541 5456; x_wconf 77' lang='lat' dir='ltr'><strong>v,</strong></span> <span class='ocrx_word' id='word_1_504' title='bbox 1560 5403 1601 5455; x_wconf 85' lang='lat'><strong>38.</strong></span> <span class='ocrx_word' id='word_1_505' title='bbox 1637 5403 1661 5455; x_wconf 85' lang='lat'><strong>2.</strong></span> <span class='ocrx_word' id='word_1_506' title='bbox 1680 5398 1772 5455; x_wconf 74' lang='lat' dir='ltr'><strong>Persi</strong></span> <span class='ocrx_word' id='word_1_507' title='bbox 1791 5405 1822 5467; x_wconf 81' lang='grc'><strong>7,</strong></span> <span class='ocrx_word' id='word_1_508' title='bbox 1846 5414 1872 5456; x_wconf 78' lang='lat' dir='ltr'><strong>v.</strong></span> <span class='ocrx_word' id='word_1_509' title='bbox 1893 5406 1916 5455; x_wconf 88' lang='lat'><strong>1.</strong></span> <span class='ocrx_word' id='word_1_510' title='bbox 1950 5395 2019 5456; x_wconf 77' lang='lat' dir='ltr'><strong>Post</strong></span> 
     </span>
     <span class='ocr_line' id='line_1_38' title="bbox 332 5482 2019 5563; baseline 0.001 -22"><span class='ocrx_word' id='word_1_511' title='bbox 332 5490 404 5557; x_wconf 73' lang='grc' dir='ltr'><strong>λέγω</strong></span> <span class='ocrx_word' id='word_1_512' title='bbox 424 5488 469 5538; x_wconf 78' lang='grc' dir='ltr'><strong>καὶ</strong></span> <span class='ocrx_word' id='word_1_513' title='bbox 489 5482 623 5549; x_wconf 73' lang='grc' dir='ltr'><em>σώματος.</em></span> <span class='ocrx_word' id='word_1_514' title='bbox 643 5487 689 5537; x_wconf 79' lang='lat' dir='ltr'><strong>nai</strong></span> <span class='ocrx_word' id='word_1_515' title='bbox 709 5486 757 5549; x_wconf 76' lang='grc' dir='ltr'><strong>τῆς</strong></span> <span class='ocrx_word' id='word_1_516' title='bbox 771 5482 826 5555; x_wconf 73' lang='grc' dir='ltr'><strong>μὲν</strong></span> <span class='ocrx_word' id='word_1_517' title='bbox 841 5483 948 5560; x_wconf 78' lang='grc' dir='ltr'><strong>ὁρατῆς,</strong></span> <span class='ocrx_word' id='word_1_518' title='bbox 966 5489 1011 5563; x_wconf 73' lang='grc' dir='ltr'><strong>τῆς</strong></span> <span class='ocrx_word' id='word_1_519' title='bbox 1030 5490 1062 5543; x_wconf 79' lang='lat' dir='ltr'><strong>it</strong></span> <span class='ocrx_word' id='word_1_520' title='bbox 1080 5488 1162 5559; x_wconf 80' lang='lat' dir='ltr'><strong>‹iapi-</strong></span> <span class='ocrx_word' id='word_1_521' title='bbox 1189 5488 1322 5544; x_wconf 71' lang='lat' dir='ltr'><strong>diludum</strong></span> <span class='ocrx_word' id='word_1_522' title='bbox 1344 5485 1474 5556; x_wconf 89' lang='lat' dir='ltr'><strong>proponit</strong></span> <span class='ocrx_word' id='word_1_523' title='bbox 1495 5484 1574 5541; x_wconf 91' lang='lat' dir='ltr'><strong>Deus</strong></span> <span class='ocrx_word' id='word_1_524' title='bbox 1598 5485 1676 5543; x_wconf 88' lang='lat' dir='ltr'><strong>Noae</strong></span> <span class='ocrx_word' id='word_1_525' title='bbox 1697 5482 1812 5539; x_wconf 90' lang='lat' dir='ltr'><strong>verbum</strong></span> <span class='ocrx_word' id='word_1_526' title='bbox 1829 5485 2019 5557; x_wconf 89' lang='lat' dir='ltr'><strong>promissionis</strong></span> 
     </span>
     <span class='ocr_line' id='line_1_39' title="bbox 331 5567 2018 5651; baseline 0.001 -25"><span class='ocrx_word' id='word_1_527' title='bbox 331 5593 381 5627; x_wconf 82' lang='lat' dir='ltr'><strong>rao</strong></span> <span class='ocrx_word' id='word_1_528' title='bbox 399 5570 521 5643; x_wconf 83' lang='grc' dir='ltr'><strong><em>φύσεως’</em></strong></span> <span class='ocrx_word' id='word_1_529' title='bbox 540 5567 615 5637; x_wconf 76' lang='grc' dir='ltr'><em>διττὴ</em></span> <span class='ocrx_word' id='word_1_530' title='bbox 634 5574 680 5623; x_wconf 78' lang='lat' dir='ltr'><strong>sai</strong></span> <span class='ocrx_word' id='word_1_531' title='bbox 699 5567 715 5636; x_wconf 80' lang='grc' dir='ltr'>ἡ</span> <span class='ocrx_word' id='word_1_532' title='bbox 732 5567 875 5642; x_wconf 76' lang='grc' dir='ltr'><strong><em>κάθαρσις,</em></strong></span> <span class='ocrx_word' id='word_1_533' title='bbox 892 5572 923 5624; x_wconf 83' lang='lat' dir='ltr'><strong>ii</strong></span> <span class='ocrx_word' id='word_1_534' title='bbox 933 5571 1033 5637; x_wconf 73' lang='lat' dir='ltr'><strong>iseros</strong></span> <span class='ocrx_word' id='word_1_535' title='bbox 1044 5576 1080 5630; x_wconf 74' lang='lat' dir='ltr'><strong>di</strong></span> <span class='ocrx_word' id='word_1_536' title='bbox 1088 5596 1163 5651; x_wconf 83' lang='grc' dir='ltr'><strong><em>φημι</em></strong></span> <span class='ocrx_word' id='word_1_537' title='bbox 1188 5583 1217 5632; x_wconf 84' lang='grc'><strong>01</strong></span> <span class='ocrx_word' id='word_1_538' title='bbox 1235 5590 1331 5630; x_wconf 86' lang='lat' dir='ltr'><strong>arcum</strong></span> <span class='ocrx_word' id='word_1_539' title='bbox 1345 5573 1492 5629; x_wconf 88' lang='lat' dir='ltr'><strong>coelestem</strong></span> <span class='ocrx_word' id='word_1_540' title='bbox 1510 5572 1635 5628; x_wconf 86' lang='lat' dir='ltr'><strong>additia</strong></span> <span class='ocrx_word' id='word_1_541' title='bbox 1652 5570 1762 5640; x_wconf 74' lang='lat' dir='ltr'><strong>sipaum</strong></span> <span class='ocrx_word' id='word_1_542' title='bbox 1779 5572 1920 5640; x_wconf 75' lang='lat' dir='ltr'><strong>foedaris,</strong></span> <span class='ocrx_word' id='word_1_543' title='bbox 1947 5571 2018 5632; x_wconf 79' lang='lat' dir='ltr'><strong>Gen.</strong></span> 
     </span>
     <span class='ocr_line' id='line_1_40' title="bbox 332 5655 2019 5736; baseline 0.001 -22"><span class='ocrx_word' id='word_1_544' title='bbox 332 5663 379 5715; x_wconf 75' lang='lat' dir='ltr'><strong>aui</strong></span> <span class='ocrx_word' id='word_1_545' title='bbox 396 5655 567 5731; x_wconf 80' lang='grc' dir='ltr'><strong>πνεύματος,</strong></span> <span class='ocrx_word' id='word_1_546' title='bbox 593 5660 642 5710; x_wconf 84' lang='grc' dir='ltr'><strong>τοῦ</strong></span> <span class='ocrx_word' id='word_1_547' title='bbox 660 5656 715 5725; x_wconf 75' lang='grc' dir='ltr'><strong>μὲν</strong></span> <span class='ocrx_word' id='word_1_548' title='bbox 733 5662 875 5727; x_wconf 57' lang='lat' dir='ltr'><strong>bauwarie</strong></span> <span class='ocrx_word' id='word_1_549' title='bbox 892 5676 921 5713; x_wconf 79' lang='grc' dir='ltr'><strong>τε</strong></span> <span class='ocrx_word' id='word_1_550' title='bbox 938 5664 985 5713; x_wconf 75' lang='lat' dir='ltr'><strong>sai</strong></span> <span class='ocrx_word' id='word_1_551' title='bbox 1003 5665 1164 5736; x_wconf 77' lang='grc' dir='ltr'><strong><em>σωματικῶς</em></strong></span> <span class='ocrx_word' id='word_1_552' title='bbox 1188 5668 1222 5728; x_wconf 82' lang='grc'><strong>9,</strong></span> <span class='ocrx_word' id='word_1_553' title='bbox 1242 5678 1267 5715; x_wconf 83' lang='lat' dir='ltr'><strong>v.</strong></span> <span class='ocrx_word' id='word_1_554' title='bbox 1289 5666 1329 5716; x_wconf 82' lang='lat'><strong>13.</strong></span> <span class='ocrx_word' id='word_1_555' title='bbox 1366 5657 1469 5714; x_wconf 76' lang='lat' dir='ltr'><strong>Secuta</strong></span> <span class='ocrx_word' id='word_1_556' title='bbox 1493 5658 1593 5714; x_wconf 82' lang='lat' dir='ltr'><strong>deinde</strong></span> <span class='ocrx_word' id='word_1_557' title='bbox 1609 5656 1664 5711; x_wconf 85' lang='lat' dir='ltr'><strong>fuit</strong></span> <span class='ocrx_word' id='word_1_558' title='bbox 1680 5656 1817 5712; x_wconf 83' lang='lat' dir='ltr'><strong>institutio</strong></span> <span class='ocrx_word' id='word_1_559' title='bbox 1835 5658 2019 5716; x_wconf 85' lang='lat' dir='ltr'><strong>circumcisio·</strong></span> 
     </span>
     <span class='ocr_line' id='line_1_41' title="bbox 331 5740 2020 5821; baseline 0.002 -22"><span class='ocrx_word' id='word_1_560' title='bbox 331 5749 561 5813; x_wconf 73' lang='grc' dir='ltr'>λαμβανομένου,</span> <span class='ocrx_word' id='word_1_561' title='bbox 596 5742 644 5797; x_wconf 72' lang='lat' dir='ltr'><strong>sod</strong></span> <span class='ocrx_word' id='word_1_562' title='bbox 678 5742 710 5795; x_wconf 76' lang='grc' dir='ltr'><strong>δὲ</strong></span> <span class='ocrx_word' id='word_1_563' title='bbox 744 5740 897 5813; x_wconf 70' lang='grc' dir='ltr'><em>ἀσωμάτοις</em></span> <span class='ocrx_word' id='word_1_564' title='bbox 925 5750 972 5801; x_wconf 71' lang='lat' dir='ltr'><strong>nai</strong></span> <span class='ocrx_word' id='word_1_565' title='bbox 1000 5746 1164 5821; x_wconf 76' lang='grc' dir='ltr'><strong>ἀθεωρὴτως</strong></span> <span class='ocrx_word' id='word_1_566' title='bbox 1188 5749 1232 5803; x_wconf 86' lang='lat' dir='ltr'><strong>nis</strong></span> <span class='ocrx_word' id='word_1_567' title='bbox 1251 5746 1352 5803; x_wconf 76' lang='lat' dir='ltr'><strong>Genea.</strong></span> <span class='ocrx_word' id='word_1_568' title='bbox 1379 5752 1418 5801; x_wconf 77' lang='lat'><strong>17.</strong></span> <span class='ocrx_word' id='word_1_569' title='bbox 1444 5751 1473 5800; x_wconf 82' lang='lat' dir='ltr'><strong>et</strong></span> <span class='ocrx_word' id='word_1_570' title='bbox 1494 5744 1560 5816; x_wconf 78' lang='lat' dir='ltr'><strong>agui</strong></span> <span class='ocrx_word' id='word_1_571' title='bbox 1580 5741 1718 5814; x_wconf 75' lang='lat' dir='ltr'><strong>paschalis</strong></span> <span class='ocrx_word' id='word_1_572' title='bbox 1739 5744 1828 5803; x_wconf 85' lang='lat' dir='ltr'><strong>Exod.</strong></span> <span class='ocrx_word' id='word_1_573' title='bbox 1855 5751 1894 5802; x_wconf 80' lang='lat'><strong>12.</strong></span> <span class='ocrx_word' id='word_1_574' title='bbox 1919 5746 2020 5819; x_wconf 81' lang='lat' dir='ltr'><strong>quibua</strong></span> 
     </span>
     <span class='ocr_line' id='line_1_42' title="bbox 330 5828 2020 5906; baseline 0.001 -19"><span class='ocrx_word' id='word_1_575' title='bbox 330 5836 534 5905; x_wconf 71' lang='grc' dir='ltr'><em>συντρέχοντος.</em></span> <span class='ocrx_word' id='word_1_576' title='bbox 572 5828 804 5898; x_wconf 62' lang='lat' dir='ltr'><strong>Quandoquidem</strong></span> <span class='ocrx_word' id='word_1_577' title='bbox 822 5831 931 5887; x_wconf 67' lang='grc' dir='ltr'><strong>411αό110</strong></span> <span class='ocrx_word' id='word_1_578' title='bbox 942 5834 1092 5906; x_wconf 76' lang='lat' dir='ltr'><strong>partibas,</strong></span> <span class='ocrx_word' id='word_1_579' title='bbox 1112 5837 1163 5891; x_wconf 76' lang='grc'><strong>1100</strong></span> <span class='ocrx_word' id='word_1_580' title='bbox 1187 5836 1219 5890; x_wconf 84' lang='lat' dir='ltr'><strong>in</strong></span> <span class='ocrx_word' id='word_1_581' title='bbox 1240 5834 1311 5892; x_wconf 62' lang='lat' dir='ltr'><strong>Not.</strong></span> <span class='ocrx_word' id='word_1_582' title='bbox 1334 5830 1411 5887; x_wconf 69' lang='lat' dir='ltr'><strong>Tati.</strong></span> <span class='ocrx_word' id='word_1_583' title='bbox 1436 5829 1571 5886; x_wconf 68' lang='lat' dir='ltr'><strong>succmit</strong></span> <span class='ocrx_word' id='word_1_584' title='bbox 1594 5828 1748 5900; x_wconf 67' lang='lat' dir='ltr'><strong>baptismus</strong></span> <span class='ocrx_word' id='word_1_585' title='bbox 1775 5840 1804 5887; x_wconf 79' lang='lat' dir='ltr'><strong>et</strong></span> <span class='ocrx_word' id='word_1_586' title='bbox 1827 5847 1914 5888; x_wconf 75' lang='lat' dir='ltr'><strong>coena</strong></span> <span class='ocrx_word' id='word_1_587' title='bbox 1934 5832 2020 5890; x_wconf 81' lang='lat' dir='ltr'><strong>domi·</strong></span> 
     </span>
     <span class='ocr_line' id='line_1_43' title="bbox 331 5916 2021 5993; baseline 0 -16"><span class='ocrx_word' id='word_1_588' title='bbox 331 5928 371 5977; x_wconf 86' lang='lat' dir='ltr'><strong>ast</strong></span> <span class='ocrx_word' id='word_1_589' title='bbox 390 5920 483 5974; x_wconf 76' lang='lat' dir='ltr'><strong>auimo</strong></span> <span class='ocrx_word' id='word_1_590' title='bbox 500 5925 526 5975; x_wconf 81' lang='lat' dir='ltr'><strong>st</strong></span> <span class='ocrx_word' id='word_1_591' title='bbox 542 5925 673 5985; x_wconf 66' lang='lat' dir='ltr'><strong>aarum»</strong></span> <span class='ocrx_word' id='word_1_592' title='bbox 691 5923 863 5989; x_wconf 72' lang='grc'><strong>1001100101,</strong></span> <span class='ocrx_word' id='word_1_593' title='bbox 880 5933 1001 5991; x_wconf 57' lang='lat' dir='ltr'><strong>aarum</strong></span> <span class='ocrx_word' id='word_1_594' title='bbox 1017 5921 1111 5980; x_wconf 63' lang='lat' dir='ltr'><strong>aissa</strong></span> <span class='ocrx_word' id='word_1_595' title='bbox 1132 5924 1163 5981; x_wconf 80' lang='lat' dir='ltr'><strong>ia</strong></span> <span class='ocrx_word' id='word_1_596' title='bbox 1186 5921 1349 5993; x_wconf 70' lang='grc' dir='ltr'><strong>11100,οω</strong></span> <span class='ocrx_word' id='word_1_597' title='bbox 1367 5916 1498 5976; x_wconf 78' lang='grc'><strong>(1101111011</strong></span> <span class='ocrx_word' id='word_1_598' title='bbox 1512 5917 1759 5975; x_wconf 66' lang='lat' dir='ltr'><strong>mameae</strong></span> <span class='ocrx_word' id='word_1_599' title='bbox 1771 5920 1915 5991; x_wconf 73' lang='lat' dir='ltr'><strong>mymria,</strong></span> <span class='ocrx_word' id='word_1_600' title='bbox 1931 5919 2021 5976; x_wconf 66' lang='lat' dir='ltr'><strong>saba</strong></span> 
     </span>
    </p>
   </div>
   <div class='ocr_carea' id='block_1_5' title="bbox 0 0 2408 6659">
    <p class='ocr_par' dir='ltr' id='par_1_5' title="bbox 0 0 2408 6659">
     <span class='ocr_line' id='line_1_44' title="bbox 0 0 2408 6659; baseline 0 0"><span class='ocrx_word' id='word_1_601' title='bbox 0 0 2408 6659; x_wconf 95' lang='lat' dir='ltr'><strong> </strong></span> 
     </span>
    </p>
   </div>
  </div>
 </body>
</html>
