4800 6659
419 743 477 803 rsa
649 718 654 725 ’
1017 731 1328 793 accusaremus
1345 733 1522 794 omarus

422 899 639 956 sacramentum,
675 892 702 944 si
738 890 793 945 itta
823 892 908 945 uerba
937 910 956 943 a
987 891 1111 961 psittaco
1137 892 1268 960 profer-l
1282 909 1356 946 mum
1380 892 1483 962 accipit
1499 896 1579 956 tuxts
1595 889 1696 946 Christi
1714 889 1930 958 institutionem,
1946 889 2061 945 sortitur
2078 892 2115 945 ef·

417 980 542 1032 rentur!
579 977 801 1048 Respondemus:
839 995 892 1032 non
920 977 1074 1048 jocularem
1107 978 1152 1057 rel
1186 961 1384 1048 psit-liectum
1411 977 1561 1048 baptismi,
1597 975 1704 1031 etiami
1733 975 1778 1030 rel
1808 975 1867 1031 sine
1893 975 2046 1031 intentione
2072 977 2117 1032 vel

416 1063 471 1119 teci
503 1062 672 1134 baptismum
705 1064 825 1118 instituit
852 1063 995 1125 Christus,
1035 1064 1084 1119 sed
1116 1060 1410 1135 actionemeerversa
1428 1064 1582 1119 intentione
1600 1061 1724 1116 minister
1743 1061 1912 1132 baptismum
1932 1062 2114 1118 administret

414 1167 534 1213 sacram,
559 1148 700 1206 solennem
724 1156 752 1206 et
778 1149 999 1207 ecclesiasticam.
1044 1149 1119 1221 Ergo
1142 1137 1304 1222 proptersst.
1321 1150 1491 1223 Hypothcsis
1509 1149 1663 1221 argumenti
1684 1148 1843 1203 Bellarmini
1869 1149 1996 1204 consistit
2022 1149 2052 1205 in
2075 1167 2115 1217 eo,

415 1236 614 1292 institutionem
639 1235 741 1291 Christi
773 1254 854 1293 verus
886 1243 913 1293 et
943 1235 1052 1308 integer
1080 1242 1123 1292 eet
1150 1236 1356 1309 baptis-§quod
1389 1237 1521 1292 ministris
1550 1236 1683 1292 ecclesiae
1712 1235 1856 1302 absoluta,
1893 1234 2057 1291 authentica
2087 1242 2115 1291 et

415 1340 490 1392 mus,
521 1322 544 1378 si
575 1323 605 1378 in
637 1340 689 1377 usu
721 1322 908 1378 eeclesiastico
932 1323 1001 1378 haec
1026 1324 1099 1377 actio
1130 1339 1147 1377 a
1175 1323 1253 1376 mini·
1276 1324 1426 1397 Jndiciaria
1445 1324 1582 1395 quaedam
1600 1329 1722 1392 potestas
1740 1321 1818 1376 verbi
1836 1328 1865 1376 et
1882 1329 2116 1378 sacramentorum

370 1472 376 1489 Ι
414 1417 471 1466 stro
494 1410 663 1476 instituitur,
692 1409 817 1481 quamvis
845 1409 1024 1465 intentionem
1051 1409 1172 1464 debitam
1198 1426 1252 1464 non
1279 1413 1316 1466 sit
1334 1411 1408 1478 data,
1426 1411 1497 1465 adeo
1515 1415 1547 1463 ut
1564 1409 1646 1462 martti
1660 1417 1780 1478 pereant
1796 1408 1896 1462 saltem
1915 1425 1948 1462 es
1967 1426 2009 1475 eo,
2038 1411 2117 1477 quod

416 1495 533 1560 afferat,
570 1496 766 1549 determinatio
805 1503 830 1547 et
868 1496 1024 1565 applicatio
1059 1496 1179 1549 actionis
1213 1504 1252 1548 est
1279 1499 1436 1552 ministrum
1465 1496 1651 1550 absolventem
1682 1495 1783 1548 habere
1803 1496 1996 1565 nonpossint,
2022 1501 2054 1550 ut
2071 1513 2115 1550 su·

415 1600 434 1636 a
461 1599 549 1636 eausa
577 1589 674 1650 aperite
702 1582 864 1652 principati
892 1581 989 1637 Thom.
1020 1600 1046 1653 p.
1080 1587 1103 1636 ³.
1135 1599 1181 1653 qu.
1211 1584 1251 1637 64.
1279 1586 1372 1653 perius
1391 1602 1424 1639 ex
1436 1582 1605 1639 Bellarmino
1625 1580 1794 1641 audivimus,
1813 1579 1862 1634 sed
1881 1597 1917 1634 ne
1934 1598 1990 1634 uno
2002 1581 2116 1651 quidem

415 1673 465 1722 art.
493 1673 516 1722 2.
544 1669 604 1739 jam
633 1685 698 1722 vero
729 1667 854 1723 Christus
885 1673 927 1721 est
952 1683 1037 1722 causa
1064 1684 1150 1739 agens
1178 1668 1250 1738 prin·
1279 1671 1438 1741 scripturae
1464 1672 1542 1740 apice
1569 1668 1633 1724 talis
1655 1674 1780 1739 potestas
1802 1667 1915 1738 probari
1931 1674 2033 1737 potest
2069 1668 2115 1724 Fi·

414 1753 512 1825 cipalis
544 1753 573 1807 in
606 1761 838 1809 sacramentorum
873 1754 1078 1809 consecratione
1107 1760 1135 1808 et
1166 1755 1251 1808 admi·
1279 1758 1377 1813 delitas
1403 1764 1431 1811 et
1452 1755 1602 1826 prudentia.
1626 1753 1655 1808 in
1677 1754 1730 1808 illie
1755 1754 1902 1825 requiritur
1926 1759 2059 1824 tanquam
2087 1755 2116 1809 in

415 1839 592 1918 nistrmione,
624 1839 748 1895 minister
776 1846 883 1895 tantum
913 1840 1136 1895 instrumentalis.
1177 1840 1251 1909 Ergo
1280 1843 1437 1916 οἰκονόμοις
1462 1847 1622 1913 puniuntor
1644 1842 1725 1903 θεοῦ,
1764 1846 1786 1895 1.
1806 1837 1865 1894 Cor.
1887 1847 1917 1906 l,
1941 1856 1968 1892 v.
1992 1847 2013 1894 1.
2034 1849 2063 1896 et
2083 1848 2115 1909 ²3

417 1925 543 1982 Christus
562 1933 604 1981 est
621 1943 706 1981 cauea
725 1945 780 1980 non
800 1926 889 1981 solum
908 1926 1084 1997 operationis,
1101 1927 1148 1982 sed
1168 1927 1251 1982 etiam
1279 1939 1308 1983 ut
1335 1947 1489 1984 sermonem
1515 1929 1642 1981 ueritatis
1665 1935 1738 1981 recte
1761 1934 1864 1993 secent,
1902 1933 1925 1981 2.
1946 1925 2114 1996 Timotht,

418 2012 614 2083 applicationis
633 2019 875 2081 sacramentorum,
896 2013 944 2085 qui
964 2030 1019 2067 non
1036 2014 1199 2069 naturaliter
1210 2020 1253 2078 tut
1278 2036 1303 2071 v.
1327 2023 1374 2083 ¹53
1398 2016 1468 2088 legis
1494 2015 1583 2069 minas
1603 2014 1720 2080 securis,
1740 2012 1954 2068 consolationem
1974 2013 2114 2084 evangelii

415 2098 513 2172 ignis),
545 2099 594 2154 sed
621 2100 775 2154 voluntarie
797 2106 826 2154 et
848 2099 999 2155 deliberate
1024 2099 1098 2169 agit3
1124 2107 1253 2171 operatur
1278 2103 1402 2159 contritis
1431 2101 1561 2156 cordibus
1587 2098 1781 2171 proponendo,
1806 2116 1856 2154 nec
1879 2097 2002 2170 indignis
2022 2117 2115 2155 sacra·

417 2193 509 2242 autem
540 2187 634 2251 toties,
662 2186 770 2257 quoties
790 2188 872 2258 juxta
899 2187 985 2257 ipsius
1006 2188 1205 2242 institutionem
1224 2188 1251 2242 in
1279 2196 1371 2244 menta
1396 2188 1601 2254 administrent,
1623 2185 1675 2240 bac
1699 2185 1804 2240 ratione
1822 2185 1994 2252 marparitns
2015 2187 2117 2254 porcis

418 2291 471 2327 usu
490 2270 676 2328 ecclesiastico
696 2273 770 2328 actio
784 2273 950 2342 instituitur,
969 2272 1154 2328 frustraneum
1168 2274 1253 2345 igitur
1279 2276 1440 2344 objiciemur
1457 2273 1556 2328 Matth.
1577 2280 1600 2338 7,
1620 2291 1645 2328 v.
1664 2277 1687 2327 6.
1707 2271 1817 2325 interim
1828 2277 1920 2325 tamen
1932 2270 2117 2341 prohibentur

418 2364 461 2413 est
479 2358 514 2412 de
536 2358 656 2428 joculari
674 2358 718 2414 vel
735 2359 846 2430 psittaci
865 2358 1003 2429 baptismo
1025 2375 1172 2429 quaerere,
1189 2376 1252 2413 cum
1279 2359 1486 2430 amrin-pasius
1508 2365 1563 2414 τοῖο
1584 2358 1704 2430 κλήρων,
1727 2365 1746 2412 1.
1766 2357 1839 2413 Petr.
1861 2364 1892 2423 5,
1912 2374 1939 2408 v.
1958 2361 1988 2425 33
2026 2357 2116 2411 dorni·

417 2463 471 2499 non
497 2444 546 2499 liat
575 2445 603 2499 in
627 2463 679 2499 usu
707 2445 893 2500 ecclesiastico
911 2445 994 2515 juxta
1019 2444 1118 2499 Christi
1144 2445 1252 2500 institu-
1279 2450 1346 2502 nari
1362 2449 1431 2511 fidei
1447 2436 1608 2501 auditorum
1621 2452 1643 2500 2.
1662 2444 1724 2499 Cor.
1748 2451 1769 2508 l,
1788 2462 1812 2498 v.
1833 2448 1874 2498 tl.
1903 2441 2023 2498 Ministri
2039 2444 2114 2498 enim

414 2530 525 2588 tionem.
1279 2540 1344 2589 sunt
1363 2534 1503 2602 ecclesiae,
1521 2551 1576 2587 non
1595 2531 1715 2586 Domini.
1739 2536 1758 2586 1.
1777 2529 1837 2586 Cor.
1858 2535 1883 2598 ³,
1902 2547 1927 2581 v.
1946 2534 1994 2584 21:
2012 2530 2117 2584 Omnia

286 2627 406 2668 tulerint
461 2624 502 2674 39.
546 2621 572 2671 2.
606 2618 738 2672 Misictri
769 2624 1008 2670 ratramntorum
1047 2624 1111 2669 sunt
1150 2618 1251 2671 instru-
1279 2631 1371 2676 uestra
1387 2629 1460 2674 sunt.
1487 2639 1510 2673 v.
1532 2623 1583 2672 22.-
1611 2619 1668 2672 sine
1689 2617 1810 2683 Paulus,
1833 2616 1890 2668 siue
1911 2616 2032 2684 Apollo,
2058 2618 2116 2671 sr'ee

286 2681 398 2771 232²&
417 2713 509 2757 menta
551 2705 627 2768 Dei,
670 2710 696 2756 et
735 2687 848 2770 quidem
890 2702 1075 2756 instrumenta
1117 2704 1251 2767 animata,
1280 2707 1396 2776 c'epnas.
1433 2705 1603 2761 Observetur
1621 2719 1687 2775 ergo
1705 2701 1800 2773 probe,
1821 2718 1877 2772 qua
1896 2700 2049 2758 intentione
2069 2718 2115 2756 ue·

286 2785 311 2821 ‘⁸
327 2785 378 2822 ⁸⁰¹·
418 2789 551 2843 Matthaei
576 2794 616 2842 24·
661 2787 729 2849 Qttt't
759 2794 800 2839 eti
825 2788 921 2850 fidelis
946 2796 971 2841 et
997 2792 1126 2857 prudens
1156 2806 1252 2844 sennis
1279 2793 1434 2847 cessitatem
1454 2791 1614 2845 intentionis
1632 2787 1817 2843 Bellarminus
1833 2793 2007 2859 propugnet,
2025 2796 2057 2843 ut
2075 2789 2114 2841 vi-

229 2844 235 2853 *
287 2838 355 2874 mit.

418 2873 491 2930 etc?
522 2875 599 2927 Unde
618 2873 749 2925 dicuntur
763 2873 924 2942 praepositi
942 2872 1019 2928 Rom.
1044 2880 1081 2928 lt.
1105 2873 1192 2931 Hebr.
1217 2883 1223 2928 Ι
1230 2880 1252 2930 3.
1279 2880 1378 2934 delicet
1401 2878 1570 2932 dominatum
1599 2876 1676 2930 illum
1701 2881 1729 2928 et
1748 2871 1923 2945 judiciariam
1948 2878 2115 2944 potestatem

416 2958 530 3015 Confert
557 2958 741 3013 Bellarminus
770 2958 821 3012 hoc
855 2957 917 3013 loco
951 2958 1088 3015 ministros
1120 2961 1251 3016 ccclesiae
1278 2965 1451 3021 sacerdotum
1470 2965 1498 3017 in
1517 2960 1774 3018 ecclesiastabiliat.

416 3063 476 3099 eum
496 3047 680 3115 praesidibus
702 3052 729 3098 et
745 3045 894 3114 judicibus
917 3047 947 3098 in
971 3046 1049 3115 urbe,
1076 3047 1250 3115 uninomina
1313 3059 1353 3108 40.
1392 3057 1415 3105 3.
1445 3050 1536 3104 Verba
1561 3054 1799 3102 sacramentorum
1825 3063 1880 3098 non
1902 3053 1965 3097 erint
1984 3044 2179 3137 wemla'inei

414 3132 491 3203 repis
520 3135 567 3201 jus
599 3134 696 3187 dieunt
723 3142 748 3186 et
775 3134 931 3202 paternam
956 3134 1091 3202 populos,
1128 3134 1158 3187 in
1191 3136 1249 3204 qui·
1277 3141 1348 3201 nnn,
1374 3155 1444 3208 quae
1468 3137 1629 3205 efficaciam
1654 3150 1733 3187 suam
1758 3133 1856 3186 halent
1876 3133 1906 3184 in
1924 3131 2177 3202 sipnifiaandocoru

415 3220 465 3273 tus
492 3237 547 3273 non
574 3221 664 3273 solum
689 3238 792 3288 eorpus
816 3228 842 3272 et
868 3235 978 3282 sensus,
1007 3221 1058 3272 sed
1080 3220 1165 3273 etiarn
1181 3237 1249 3288 pru-
1278 3244 1296 3277 a
1321 3241 1483 3293 quoeunque
1509 3223 1656 3288 dicantur,
1682 3221 1733 3273 sed
1747 3219 1887 3288 practica,
1905 3234 1977 3286 quae
1994 3226 2115 3287 praeter
2127 3208 2180 3292 {212¹

414 3305 514 3360 dantia
543 3312 570 3358 et
598 3305 728 3358 uoluntas
756 3313 820 3356 sunt
848 3304 1039 3357 instrumenta.
1084 3306 1149 3358 Non
1178 3321 1250 3357 enirn
1276 3311 1507 3380 siqniflcationem
1525 3308 1625 3360 tabent
1641 3306 1832 3372 efficientiam,
1861 3305 1930 3357 Jnm
1946 3321 2011 3358 uero
2027 3304 2115 3357 verba

414 3410 463 3446 rer
487 3391 656 3446 determinat
679 3389 804 3443 actiones
823 3390 1029 3458 particulares,
1049 3391 1101 3444 aed
1118 3391 1250 3459 relinquit
1275 3398 1405 3466 practica
1423 3414 1479 3449 non
1496 3396 1597 3448 habent
1614 3393 1785 3461 efficaciam,
1798 3390 1853 3445 nisi
1871 3391 2004 3444 dicuntur
2023 3391 2060 3443 al>
2074 3408 2115 3459 eo,

414 3481 444 3534 in
470 3479 590 3533 arbitrio
608 3477 785 3531 instrumenti
792 3516 797 3534 .
819 3477 955 3544 qairrein
974 3477 1076 3530 talibus
1095 3479 1250 3546 requiritur
1278 3485 1327 3554 qui
1352 3484 1432 3536 tabet
1450 3489 1617 3550 potestatem
1638 3487 1664 3531 et
1679 3479 1848 3531 uoluntatem
1868 3476 2010 3542 faciendi.
2035 3479 2116 3547 quaed

414 3564 573 3619 necmsario
597 3582 653 3618 non
679 3562 769 3616 solum
788 3570 924 3631 potestas,
950 3564 1002 3616 sed
1019 3565 1104 3617 etiam
1120 3566 1250 3619 voluntas
1276 3571 1360 3624 verba
1381 3569 1548 3638 siqnitieant.
1600 3563 1821 3635 Respondemus:
1852 3568 1874 3618 l.
1907 3562 2113 3634 Argumentum

414 3661 440 3709 et
465 3651 588 3722 proinde
620 3649 736 3703 intentio
767 3650 915 3703 erncenrti
938 3650 1073 3716 actiones,
1105 3653 1176 3705 talea
1201 3653 1249 3705 mi·
1277 3657 1329 3711 hoc
1352 3655 1469 3724 petitum
1493 3658 1535 3707 est
1554 3669 1586 3708 ex
1605 3651 1764 3705 Alexandro
1783 3649 1880 3719 Alensi
1898 3656 1926 3704 et
1942 3649 2039 3714 Scoto,
2064 3651 2113 3722 qui

415 3738 518 3793 nistros
537 3753 597 3792 esse
617 3735 752 3791 ecclmiae
768 3743 914 3805 pastores,
940 3736 1048 3810 colligit
1066 3737 1250 3793 Bellarminus
1277 3742 1464 3797 infirmitatem
1489 3738 1661 3810 superiorum
1685 3739 1910 3808 argumentorum
1932 3746 2115 3804 agnoscentes

415 3839 448 3881 ex
467 3839 515 3888 eo,
541 3824 619 3893 quod
642 3823 801 3893 prudentia
819 3829 845 3874 et
857 3823 987 3890 fidelitas
1006 3824 1036 3877 in
1054 3824 1113 3878 illis
1131 3827 1250 3895 requiri·
1276 3828 1344 3883 illud
1362 3827 1563 3897 excogitanmt.
1602 3824 1766 3894 Proponunt
1784 3828 1876 3877 antem
1897 3821 1925 3874 id
1943 3821 1995 3877 hoc
2012 3823 2113 3878 modo:
2167 3867 2170 3870 ⁴

415 3917 461 3964 tur
486 3917 511 3964 et
537 3911 615 3978 quod
628 3908 792 3979 praepositi
807 3909 953 3971 dicuntur,
979 3911 1020 3963 ita
1038 3918 1068 3963 ut
1083 3912 1121 3964 sit
1137 3912 1167 3964 in
1185 3913 1249 3965 illo·
1277 3917 1365 3969 Actus
1389 3912 1573 3966 ›ninistrancli
1588 3917 1794 3963 sacramentum
1811 3916 1851 3962 est
1869 3915 1948 3961 aetus
1966 3907 2114 3970 humanus,

414 4015 477 4051 rum
494 3996 613 4049 arbitrio
624 3997 729 4064 faeere
750 4003 774 4048 et
792 3997 965 4063 nonfacere,
982 3997 1053 4049 sicat
1072 3998 1138 4052 Jon.
1157 4004 1201 4052 20.
1221 3998 1249 4051 in
1277 4002 1328 4070 qni
1345 4017 1399 4069 per
1423 3999 1591 4051 intellectum
1619 4004 1644 4048 et
1670 3996 1837 4048 voluntatem
1860 4002 1995 4047 sanemur
2013 3994 2049 4045 ab
2067 3994 2115 4049 lto·

414 4100 509 4138 eorum
539 4083 658 4136 arbitrio
687 4082 869 4150 relinquitur,
899 4089 929 4133 ut
953 4082 1063 4136 solvant
1087 4083 1131 4138 nel
1155 4085 1248 4151 lipent.
1277 4087 1363 4149 mine,
1395 4102 1461 4154 erpo
1485 4082 1640 4152 requiritur
1666 4081 1779 4133 intentio
1803 4079 1833 4133 in
1859 4088 1966 4146 apente.
2011 4078 2116 4134 Conse-

414 4167 640 4238 Respondemuet
670 4175 691 4225 1.
710 4167 838 4223 Potestas
856 4166 1043 4222 ministromm
1065 4177 1182 4225 nonest
1202 4189 1249 4225 au·
1277 4172 1417 4242 quentiam
1436 4168 1562 4239 probant,
1581 4167 1647 4238 quia
1664 4174 1743 4218 aetus
1761 4165 1892 4233 casualis,
1907 4165 2046 4228 fortuitus
2065 4174 2117 4219 aar

413 4253 538 4318 thentica
555 4271 589 4307 ac
605 4252 756 4326 judiciaria
772 4269 848 4307 more
862 4252 983 4323 politico,
1001 4255 1050 4308 scd
1063 4255 1249 4311 ministerialis
1274 4276 1326 4327 per
1350 4258 1478 4326 impetum
1503 4257 1611 4320 factus,
1630 4261 1656 4306 et
1678 4254 1719 4304 ita
1741 4253 1801 4329 sine
1828 4252 1980 4305 intentione
1998 4268 2056 4304 nan
2075 4260 2117 4304 est

414 4346 443 4397 et
467 4339 667 4408 ecclesiastica,
694 4356 745 4393 neo
769 4339 882 4411 reliquit
899 4338 977 4393 Deus
995 4340 1025 4392 in
1044 4341 1158 4396 arbitrio
1179 4342 1258 4412 ipso·¹
1277 4345 1420 4397 humanus.
1460 4346 1486 4395 2.
1512 4339 1623 4410 Physic.
1674 4337 1849 4393 Antecedens
1882 4336 2015 4405 probant,
2047 4338 2117 4408 quia

414 4441 484 4492 rum,
504 4431 536 4479 ut
553 4425 660 4479 solvant
669 4425 713 4479 vel
733 4423 828 4495 ligent,
845 4424 894 4479 sed
912 4424 1086 4495 poenitentes
1098 4427 1183 4496 jussit
1197 4429 1248 4482 sol·
1277 4437 1356 4482 aetus
1377 4428 1427 4481 ille
1450 4435 1489 4479 est
1513 4434 1605 4491 aetus,
1632 4426 1673 4477 ad
1697 4441 1777 4492 quem
1801 4423 1933 4489 otlipanit
1957 4423 2039 4476 Deus
2066 4426 2116 4477 mi·

414 4525 493 4578 vere,
516 4510 725 4581 impoenitentes
751 4510 853 4581 ligare;
886 4517 982 4565 contra
1008 4509 1060 4565 hoc
1087 4514 1249 4567 mandatum
1277 4514 1394 4567 antrum
1413 4521 1541 4581 exparte
1561 4512 1608 4564 sui
1624 4513 1666 4563 nel
1683 4511 1905 4579 dispensandum
1922 4517 1947 4562 et
1960 4509 2116 4578 marpiss-

415 4602 443 4652 et
464 4595 620 4651 institutum
633 4595 686 4652 Dei
704 4596 729 4650 si
745 4596 869 4651 minister
886 4602 961 4667 agat,
978 4595 1085 4650 irritum
1101 4605 1142 4653 est
1157 4616 1249 4654 coram
1276 4610 1330 4652 tem
1356 4616 1388 4651 ea
1413 4606 1497 4668 parte
1515 4598 1560 4650 sui
1578 4598 1619 4650 ad
1635 4597 1854 4666 reincipiendum,
1876 4597 1928 4647 sert
1945 4612 2030 4664 super
2049 4605 2118 4650 actu

414 4680 483 4738 Deo.
524 4687 547 4737 2.
576 4680 709 4753 Magnum
736 4683 884 4737 discrimen
908 4687 950 4736 est
971 4681 1043 4736 inter
1066 4683 1176 4753 judices
1201 4703 1250 4755 po·
1275 4684 1395 4751 fortuito
1415 4702 1470 4736 non
1488 4683 1566 4735 enclit
1586 4681 1728 4751 obligatio.
1753 4681 1864 4737 Alensis
1884 4680 1964 4734 addit
1983 4682 2055 4736 duas
2074 4698 2116 4737 ra·

415 4768 506 4824 liticos
531 4774 560 4822 et
581 4768 720 4822 ministros
739 4768 881 4823 ecclesiae.
905 4767 964 4822 Rex
985 4769 1155 4824 constituens
1172 4788 1249 4842 prae·
1276 4771 1381 4825 tiones:
1414 4771 1502 4839 primo
1530 4769 1598 4836 quia
1624 4767 1732 4836 injuria
1757 4776 1782 4820 et
1809 4767 1993 4821 irreverentia
2017 4784 2117 4822 saera

413 4843 488 4909 'sides
508 4860 536 4908 et
552 4853 663 4924 judices
681 4870 736 4907 non
753 4858 846 4923 potest
862 4870 955 4908 eoram
973 4853 1071 4908 adesse
1086 4859 1114 4908 et
1127 4855 1249 4911 actiones
1277 4865 1364 4910 mento
1373 4858 1467 4926 fieret,
1486 4855 1513 4908 si
1531 4855 1590 4907 eine
1610 4854 1760 4906 intentione
1775 4855 1858 4922 fieret
1875 4870 1907 4906 en
1926 4853 2045 4923 impetu,
2078 4864 2116 4908 te-

415 4956 510 4995 eorum
523 4939 632 5006 intueri,
651 4939 698 4993 sed
718 4937 844 4994 Christus
861 4944 996 5009 perpetuo
1016 4938 1097 4993 adest
1116 4942 1248 4996 ccclesiae
1277 4961 1349 4998 nure
1369 4951 1393 4995 et
1412 4962 1429 4994 a
1449 4959 1531 5003 casu,
1551 4939 1652 4994 deinde
1666 4940 1825 5009 periculum
1843 4940 1944 4992 salutis
1964 4946 2004 4992 est
2022 4941 2116 5010 bapti·

414 5030 442 5083 et
464 5025 630 5092 ministerio,
656 5024 718 5079 ideo
741 5024 800 5098 ipse
818 5041 869 5095 per
887 5023 1025 5079 ministros
1044 5025 1181 5096 baptizat,
1208 5046 1249 5082 ea·
1276 5039 1346 5093 zato,
1366 5030 1393 5081 si
1408 5047 1463 5082 non
1480 5035 1553 5080 reete
1571 5027 1780 5080 ministraretur
1797 5045 1853 5079 cnm
1876 5027 1947 5080 bona
1964 5028 2079 5081 cautela
2090 5035 2118 5081 et

413 5119 584 5167 aramentum
609 5127 711 5166 coenas
736 5110 925 5178 administrat,
953 5111 1084 5178 absolvit,
1108 5112 1250 5182 praedicat
1273 5115 1466 5185 praeicientes,
1492 5130 1524 5166 ne
1550 5113 1619 5183 quiet
1637 5113 1794 5178 omittatur,
1817 5113 1894 5180 qnod
1910 5114 1952 5164 acl
1968 5115 2116 5168 ueritatem

414 5203 465 5252 etc.
493 5196 524 5253 Si
538 5197 582 5253 vel
601 5195 719 5250 maxime
732 5195 856 5250 minister
869 5195 897 5249 in
910 5197 1117 5266 praedicatione
1133 5198 1210 5252 verbi
1223 5208 1250 5253 et
1277 5200 1411 5268 baptismi
1434 5200 1590 5251 necessario
1611 5199 1771 5266 requiritur.
1807 5196 1884 5252 Haec
1905 5196 1953 5251 illi.
1992 5203 2015 5252 2.
2037 5197 2115 5254 Dici-

415 5283 653 5343 sdministratione
666 5269 898 5336 sacramentorum
911 5281 1034 5336 debitam
1049 5299 1104 5336 non
1118 5283 1250 5337 adhibeat
1277 5304 1337 5338 mus
1360 5290 1469 5349 autem,
1499 5283 1639 5338 ministros
1669 5284 1803 5338 ecclcsiae
1827 5283 1856 5336 in
1874 5281 2117 5340 administratione

282 5377 341 5418 vm.
356 5375 400 5419 na
415 5368 609 5434 intentionem,
626 5375 719 5423 tamen
739 5366 865 5422 Christus
884 5375 933 5431 est,
952 5369 999 5438 qui
1018 5368 1107 5438 docet,
1124 5369 1250 5437 absolvit,
1277 5376 1511 5424 sacramentorum
1543 5386 1603 5428 esse
1636 5368 1838 5438 dispensatores
1868 5366 1996 5422 beneficii
2022 5370 2117 5436 alieni,

415 5452 541 5525 baptizat
565 5463 616 5510 etc.
643 5454 724 5509 modo
749 5452 887 5506 institutio
912 5454 971 5523 ejus
995 5461 1092 5508 sancta
1115 5462 1143 5508 et
1164 5455 1249 5510 invio·
1277 5472 1452 5526 nequaquam
1477 5471 1542 5509 vero
1568 5454 1691 5508 dominos
1716 5459 1743 5506 et
1766 5453 1874 5523 judices
1907 5453 2019 5523 proprio
2043 5455 2116 5510 arbi-

416 5538 474 5594 lata
493 5540 660 5596 observetur.
697 5547 719 5594 3.
733 5537 898 5594 Invertimus
914 5539 1029 5609 proinde
1042 5546 1250 5610 argumentum:
1277 5542 1330 5595 trio
1351 5558 1383 5594 ao
1403 5546 1540 5610 potestate
1558 5546 1681 5610 agentes,
1698 5556 1749 5593 nec
1771 5539 1862 5594 verbis
1879 5549 2116 5596 sacramentorum

415 5624 595 5698 Negligentia
618 5626 662 5682 rel
680 5625 774 5680 odium
796 5624 868 5680 servi
886 5640 940 5679 non
960 5626 1135 5694 praeiudicat
1152 5627 1250 5682 libcra-
1279 5626 1454 5680 tribuendam
1485 5643 1544 5680 esse
1567 5625 1703 5696 magicam
1730 5625 1869 5695 quandam
1889 5624 1944 5678 rim
1970 5634 1999 5679 et
2020 5625 2116 5682 effica-

414 5708 487 5766 litati
504 5709 624 5765 Domini.
652 5709 890 5777 Quemadmodum
910 5710 994 5778 igitur
1013 5710 1073 5772 ille,
1092 5698 1251 5783 quiveram
1277 5712 1348 5766 ciam
1373 5711 1440 5783 ipsis
1464 5710 1579 5781 syllabis
1606 5716 1634 5765 et
1650 5710 1737 5765 literis
1755 5711 1900 5765 verborum
1918 5710 2117 5780 inhaerentem,

416 5795 477 5869 agit
495 5795 695 5866 poeniteutiam
712 5803 741 5850 et
760 5795 960 5851 absolutionem
980 5795 1060 5867 petit,
1078 5814 1143 5851 vere
1161 5797 1251 5853 aDeo
1277 5816 1327 5852 nec
1358 5804 1499 5852 externam
1525 5797 1600 5850 illam
1625 5796 1878 5867 pronuntiationem
1901 5798 2048 5854 verborum
2071 5816 2115 5854 sa·

414 5880 570 5938 absolvitur
589 5897 606 5934 s
622 5884 753 5953 peccatis,
770 5881 794 5936 si
811 5881 856 5936 rel
874 5882 990 5937 maxime
1002 5882 1127 5938 minister
1142 5899 1175 5937 ex
1187 5884 1250 5939 odio
1277 5884 1485 5939 eramentalium
1523 5898 1583 5937 esse
1621 5898 1732 5936 causam
1759 5881 1868 5939 unionis
1898 5885 2116 5954 sacramentalis,

414 5967 459 6027 rel
476 5965 584 6029 invidia
600 5963 802 6027 absolutionem
820 5967 846 6022 ei
864 5967 996 6042 denegem
1020 5968 1061 6026 ita
1077 5968 1126 6040 qrri
1142 5969 1250 6040 bsptis—
1277 5970 1327 6027 sed
1357 5968 1495 6025 Christum
1527 5966 1729 6039 θεάνθρωνιοη
1766 5967 1812 6023 hic
1850 5968 1957 6039 quoties
1995 5969 2026 6027 in
2061 5976 2115 6028 usu
