4800 6659
304 686 334 727 ab
349 684 408 725 obli·

305 737 397 785 tatione

434 538 496 598 834
1109 530 1234 589 LOCUS
1252 529 1458 589 wcuaiilus

442 684 547 741 miliam
574 686 635 755 ejus
661 686 766 757 recepti
792 691 822 743 et
845 684 979 756 adscripti
1004 703 1115 749 sumus,
1146 690 1213 739 tunc
1238 681 1418 792 adqverbum
1447 684 1501 740 Dei
1537 685 1719 742 conscientias
1754 685 1897 743 hominum
1931 688 1991 742 anis
2028 688 2144 761 iegibus

305 788 364 838 ugr·
383 797 420 827 es·
439 770 626 827 obedientiam
655 770 766 826 filialem
795 770 856 827 Deo
882 771 1075 842 praestandam
1103 771 1273 841 obligamur3
1299 770 1386 825 uelint
1412 771 1563 843 illaqueare
1593 772 1760 843 easdemque
1783 772 1837 829 sub
1858 773 1991 844 opinione
2017 776 2139 831 necessi·

306 839 420 881 elestasti·

436 858 485 913 sed
500 857 583 927 juxta
600 858 688 928 ipsius
708 859 848 923 mandata,
866 876 923 913 non
941 864 1033 913 autem
1047 859 1130 928 juxta
1146 855 1271 911 traditio-
1301 857 1374 927 tatis,
1393 858 1483 912 cultus
1498 864 1525 912 et
1542 858 1633 912 meriti
1652 858 1808 927 obtrudere,
1825 865 1892 914 tunc
1911 859 2041 925 dicimus,
2062 861 2140 918 Chri·

434 961 483 1000 nes
501 945 650 1001 hominum.
677 944 746 1000 Cum
765 945 838 1000 enirn
847 945 926 1001 Deus
943 945 971 998 in
992 944 1073 1000 domo
1091 960 1143 998 sua
1161 959 1272 1014 magna,
1299 944 1402 999 stianos
1432 944 1468 999 ab
1501 961 1595 999 earum
1628 944 1798 1016 obligatione
1823 962 1883 1001 esse
1913 946 2030 1015 liberos,
2063 948 2140 1018 quod

436 1039 566 1103 quaeest
584 1030 716 1100 ecclesia,
734 1030 788 1085 sibi
809 1031 860 1086 soli
879 1031 1004 1085 vindicet
1015 1032 1063 1102 jus
1081 1037 1109 1085 et
1125 1028 1272 1084 auetorita-
1298 1030 1380 1085 toties
1403 1031 1547 1101 Scriptura
1572 1030 1667 1099 docet,
1695 1032 1802 1103 quoties
1830 1032 1964 1087 mandata
1984 1033 2138 1100 hominum,

435 1123 490 1182 tem
518 1118 692 1190 gubernandi
721 1117 806 1172 verbo
834 1118 1016 1172 conscientias
1044 1116 1167 1171 familias
1195 1105 1439 1179 suae‚idoctrinas
1467 1116 1607 1171 hominnm
1633 1123 1661 1171 et
1685 1118 1847 1173 traditiones
1865 1118 2016 1189 fugiendas
2035 1128 2139 1189 monet,

433 1204 488 1259 imo
505 1205 654 1260 liberorum
673 1220 792 1271 suorum,
810 1211 839 1257 et
857 1203 923 1275 quia
941 1202 968 1256 in
984 1201 1122 1272 baptismo
1138 1201 1174 1255 ad
1187 1157 1406 1273 hujusiquoties
1431 1208 1465 1257 ad
1492 1204 1579 1256 solam
1606 1203 1696 1274 legem
1715 1204 1782 1258 DEI
1804 1221 1853 1260 nos
1879 1211 2004 1273 revocat,
2028 1208 2139 1278 quoties

433 1290 643 1362 patrisfamilias
678 1290 863 1345 obedientiam
898 1306 949 1343 nos
984 1288 1181 1359 obligavimus,
1223 1287 1270 1359 qui
1297 1288 1435 1343 libertatis
1453 1305 1504 1360 per
1516 1289 1712 1346 CHRISTUM
1724 1291 1806 1346 nobis
1824 1299 1922 1362 partae
1932 1294 2061 1347 meminit
2085 1301 2138 1350 ete.

433 1378 516 1435 etiam
544 1376 726 1431 conscientias
746 1383 854 1432 nostras
871 1376 907 1430 ab
927 1374 1055 1430 omnibus
1071 1374 1198 1429 humanis
1215 1380 1269 1428 tra·
1297 1374 1463 1444 Cumprimis
1476 1393 1541 1431 vero
1554 1378 1847 1433 monarchieamiilanr
1859 1384 2027 1449 potestatem
2047 1382 2139 1450 ponti·

435 1462 594 1531 ditIonibus,
612 1462 749 1517 mandatis
767 1468 795 1517 et
812 1461 944 1516 doctrinis
960 1460 1090 1515 liberavit
1102 1465 1130 1514 et
1142 1459 1269 1526 absolvit,
1282 1473 1284 1498 ¹
1296 1459 1341 1514 fici
1353 1461 1539 1533 denegamus,
1558 1479 1614 1532 qua
1626 1464 1714 1534 possit
1725 1465 1801 1535 leges
1818 1465 1899 1533 serre,
1921 1482 1993 1535 quae
2012 1466 2139 1520 omnium

433 1548 507 1603 sicut
517 1547 674 1619 Scripturas
686 1549 763 1603 dicta
774 1548 921 1603 manifeste
930 1553 1069 1603 testantur
1079 1546 1218 1601 Ezechiel.
1228 1550 1268 1600 20.
1296 1554 1324 1601 et
1343 1548 1516 1618 singulorum
1534 1550 1752 1605 Christianorum
1780 1551 1808 1604 in
1833 1557 1891 1607 toto
1907 1552 1974 1607 orbe
1992 1553 2137 1608 conscien-

433 1631 592 1690 Maianis
623 1641 645 1690 1.
664 1634 725 1691 Cor.
747 1642 769 1689 7.
798 1634 902 1689 Coloss.
923 1639 948 1690 2.
972 1633 1069 1688 Jacob.
1088 1639 1113 1688 4.
1131 1636 1182 1687 οω.
1206 1630 1269 1685 ideo
1295 1633 1348 1687 tias
1374 1634 1515 1706 obligent3
1538 1653 1571 1691 er
1597 1636 1698 1706 quibus
1716 1637 1834 1709 intelligi
1852 1645 1970 1708 possunt
1989 1656 2036 1703 ea,
2063 1657 2138 1711 quae

434 1720 574 1775 Lutherus
594 1720 680 1775 iibere
699 1728 727 1775 et
744 1726 819 1776 recte
836 1719 990 1783 concludit,
1013 1736 1065 1773 nec
1082 1735 1198 1789 papam,
1218 1734 1269 1771 nec
1296 1718 1447 1774 Chemnicii
1467 1722 1638 1792 argumentis
1656 1723 1840 1777 Bellarminus
1857 1724 1985 1780 obvertit.

434 1807 521 1861 ullum
551 1807 690 1861 homiuem
712 1807 814 1862 habere
836 1809 884 1878 jus
910 1807 991 1861 unius
1018 1805 1143 1876 syllabae
1169 1804 1269 1859 consti-

434 1894 554 1949 tuendae
575 1910 658 1963 snper
673 1892 871 1947 conscientiam
884 1892 1033 1947 Christiani
1044 1890 1169 1959 hominis,
1189 1889 1268 1960 quid·
1339 1896 1395 1946 148.
1444 1892 1511 1963 Cap.
1553 1900 1591 1948 17.
1634 1894 1759 1966 disputat
1804 1895 1990 1951 Bellarminus
2036 1903 2136 1952 eontra
2149 1900 2197 1948 Quo

434 1980 502 2051 quid
528 1998 592 2036 vero
622 1979 702 2034 aliter
723 1978 767 2047 fit,
795 1979 942 2049 tyrannico
968 1978 1067 2049 spiritu
1089 1976 1150 2032 ficri
1173 1982 1271 2031 eontra
1294 1976 1462 2043 Lutherum,
1481 1997 1536 2048 per
1560 1982 1727 2049 baptismum
1755 2000 1811 2035 aon
1828 1968 1899 2049 fieri
1924 1984 2011 2036 irrita
2038 1952 2197 2049 οηηιίοιέῗιῗι1

434 2066 590 2121 libertatem
618 2065 758 2120 ecclesiae.
802 2066 874 2121 Num
893 2082 957 2120 vero
976 2065 1045 2119 haec
1064 2063 1202 2118 sententia
1221 2061 1269 2116 ab·
1294 2071 1366 2116 vota.
1407 2064 1617 2133 Respondemus
1645 2084 1679 2121 ex
1704 2067 1739 2123 D.
1765 2067 1939 2123 Chcmnieio:
1973 2069 2004 2122 'iu
2032 2067 2069 2125 V.
2099 2068 2134 2126 T.
2147 2054 2197 2153 ¹³2,

434 2153 517 2209 solvit
541 2152 711 2207 Christianos
738 2152 774 2206 ab
803 2152 963 2208 obedientia
985 2151 1101 2223 politico
1125 2150 1270 2220 magistra-
1295 2148 1410 2203 verbum
1424 2150 1477 2205 Dei
1490 2152 1658 2220 disponebat
1667 2152 1802 2207 rationem
1819 2158 1956 2220 votorum,
1974 2154 2010 2208 de
2029 2154 2134 2225 quibus
2146 2163 2197 2205 112

434 2238 474 2292 tui
503 2214 617 2292 debita?
663 2238 861 2310 Nequaquam,
892 2255 1019 2308 expresse
1046 2236 1119 2292 enim
1146 2235 1270 2304 loquitur
1295 2235 1377 2289 rebus
1405 2243 1433 2291 et
1458 2238 1596 2306 quomodo
1619 2238 1679 2293 fieri
1705 2246 1819 2309 possent
1824 2259 1836 2303 ;
1863 2240 1891 2293 in
1915 2239 1949 2295 N.
1979 2246 2074 2295 autem
2099 2241 2133 2298 T.
2147 2224 2197 2324 {⁴2²¹

434 2323 470 2379 de
492 2323 539 2392 iis,
564 2340 636 2394 quae
655 2324 840 2379 conscientiae
864 2325 1054 2395 imponurrtur;
1078 2327 1106 2378 et
1123 2322 1185 2392 ipsa
1205 2321 1269 2375 obe·
1295 2319 1421 2375 Christus
1442 2327 1472 2376 et
1493 2323 1611 2391 apostoli
1637 2323 1705 2377 nihil
1728 2324 1807 2378 nobis
1831 2324 2070 2395 praescripserunt
2098 2328 2134 2383 de
2147 2329 2197 2375 pun

434 2410 539 2466 dientia
561 2409 676 2480 politico
702 2410 876 2482 magistratui
902 2411 997 2465 debita
1016 2409 1102 2464 verbo
1120 2407 1174 2463 Dei
1192 2423 1268 2461 man·
1294 2406 1481 2475 peculiaribus
1504 2409 1590 2476 votis,
1616 2409 1666 2463 sed
1690 2409 1717 2462 in
1740 2409 1876 2479 baptismo
1901 2427 1934 2465 ex
1957 2413 2133 2483 praescripto
2146 2385 2197 2470 isitii

434 2496 501 2551 data
530 2501 558 2551 et
586 2496 692 2551 sancita
716 2504 766 2552 est.
809 2496 882 2552 Num
906 2515 971 2552 vero
994 2497 1072 2551 nulla
1099 2495 1182 2550 debet
1209 2510 1268 2549 esse
1294 2491 1372 2546 verbi
1394 2492 1448 2548 Dei
1471 2494 1503 2547 fit
1525 2493 1663 2564 generalis
1688 2494 1838 2564 professio,
1869 2501 1964 2549 votum
1988 2514 2040 2551 seu
2068 2516 2133 2569 pro·

432 2582 587 2639 reverentia
619 2583 663 2637 vel
702 2582 852 2637 auctoritas
888 2583 1033 2639 ministerii
1069 2579 1268 2636 ecclesiastici?
1295 2577 1405 2647 missio,
1432 2596 1488 2650 qua
1513 2598 1563 2634 nos
1587 2580 1647 2635 Deo
1674 2580 1836 2650 subjicimus
1863 2587 1890 2635 et
1915 2581 2073 2653 obligamus
2095 2586 2133 2639 ad

432 2668 561 2725 omnibus
588 2667 692 2737 modis,
720 2668 769 2722 sed
795 2686 850 2723 non
873 2668 925 2736 ita,
953 2675 985 2723 ut
1002 2667 1106 2723 habeat
1124 2665 1268 2735 imperium
1296 2664 1489 2721 obedientiam.
1520 2667 1567 2721 Ad
1585 2666 1782 2738 professionem
1800 2666 1885 2737 igitur
1904 2668 2038 2737 baptismi
2056 2677 2135 2726 recte

432 2755 476 2812 vel
496 2772 601 2810 merum
619 2754 663 2808 vel
681 2753 796 2807 mixtum
814 2754 843 2808 in
862 2754 996 2818 ecclesia,
1027 2752 1075 2809 sed
1099 2758 1131 2807 ut
1149 2752 1270 2807 habeant
1295 2758 1324 2805 et
1348 2751 1444 2806 merito
1464 2752 1599 2824 exigenda
1626 2759 1691 2807 sunt
1708 2752 1800 2807 omnia
1817 2751 2038 2809 Christianorum
2056 2764 2134 2823 vota,

433 2840 624 2896 ministerium.
681 2837 798 2902 Quando
832 2840 919 2912 igitur
957 2840 1077 2895 afferunt
1106 2839 1269 2906 doctrinam,
1296 2852 1368 2907 quae
1382 2838 1508 2908 legitima
1520 2838 1626 2893 censeri
1642 2837 1752 2905 debent,
1773 2838 1872 2910 regnis
1880 2846 1975 2893 autem
1989 2847 2018 2895 ct
2035 2859 2134 2897 norma

433 2942 530 2982 vocem
553 2931 581 2979 et
607 2924 725 2979 verbnm
750 2925 816 2995 Dei,
846 2932 913 2981 tunc
937 2942 994 2980 non
1016 2926 1188 2995 hominibus,
1219 2925 1267 2981 sed
1295 2924 1359 2988 soti,
1378 2925 1451 2994 quod
1466 2925 1496 2977 in
1509 2923 1678 2994 professione
1691 2924 1822 2994 baptismi
1835 2924 1994 2995 emittimus,
2013 2933 2059 2982 est
2071 2946 2134 2984 sen·

433 3012 486 3083 ipsi
500 3012 561 3067 Deo
578 3019 751 3082 praestamus
770 3011 971 3081 obedientiam3
991 3012 1102 3083 quando
1121 3028 1187 3066 vero
1206 3029 1268 3067 con·
1294 3010 1382 3065 tentia
1399 3010 1449 3064 illa
1467 3010 1569 3065 Christi
1581 3010 1679 3067 Matth.
1694 3015 1735 3078 28,
1752 3028 1777 3065 v.
1791 3017 1838 3066 20:
1856 3012 1998 3065 Docestes
2012 3030 2061 3067 eos
2073 3032 2133 3069 ser·

433 3098 557 3153 scientiis
578 3098 685 3168 aliquid
704 3099 851 3170 imponunt
868 3105 964 3165 extra,
980 3104 1090 3169 praeter
1107 3105 1156 3154 aut
1173 3104 1269 3153 contra
1294 3112 1370 3164 vere,
1383 3113 1563 3165 quaeeunque
1574 3114 1623 3164 ego
1632 3098 1769 3166 praecepi
1783 3097 1867 3151 uobis.
1887 3097 2003 3151 etRom.
2013 3104 2038 3167 6,
2050 3118 2075 3153 v.
2087 3106 2133 3158 18:

432 3184 549 3240 verbum
567 3183 638 3251 Dei,
660 3189 727 3239 ωηο
751 3185 905 3255 baptismus
929 3184 1140 3239 commonefacit
1166 3202 1217 3239 nos
1241 3189 1268 3239 et
1295 3182 1423 3234 Liberae·
1448 3201 1467 3235 o
1489 3191 1606 3251 peccato
1630 3183 1705 3236 serui
1718 3184 1800 3250 sacti
1816 3184 1881 3237 estis
1898 3185 1963 3237 Deo
1978 3186 2085 3239 traditi
2104 3189 2134 3240 ia

432 3276 543 3329 nocuae
566 3269 744 3343 obligationis
770 3272 805 3325 ad
834 3270 1020 3326 obedientiam
1040 3271 1117 3326 verbi
1136 3270 1222 3325 divini
1241 3277 1268 3323 et
1292 3268 1417 3329 formam
1430 3270 1769 3339 doetrr'naeapostoiicae.
1790 3268 1910 3331 Csina
1920 3276 1967 3324 20:
1980 3270 2016 3323 Si
2026 3275 2135 3327 mortui

432 3364 542 3414 noemae
560 3356 697 3411 libertatis
716 3357 896 3425 amandatis,
915 3357 1046 3411 doctrinis
1066 3355 1267 3412 et'trsditioni-
1293 3355 1361 3407 estis
1379 3371 1440 3407 cum
1461 3353 1573 3409 Christo
1594 3356 1629 3408 ab
1648 3356 1788 3409 elementis
1804 3356 1916 3420 mssa,
1942 3356 2013 3425 quid
2037 3358 2133 3411 adhuc

432 3444 485 3499 bus
509 3442 659 3497 hominum.
697 3442 771 3506 Quid
797 3459 861 3496 vero
889 3444 912 3496 si
931 3444 1066 3498 derebus
1086 3441 1266 3496 indifferenti·
1294 3442 1412 3494 decretis
1424 3441 1665 3495 munditeaemim'
1683 3442 1765 3509 justa
1784 3444 1965 3495 mandatust
1986 3444 2132 3499 doctrines

432 3530 484 3586 bus
502 3528 620 3584 ecclesia
639 3528 745 3598 aliquid
764 3534 881 3598 statuat,
909 3531 983 3600 quod
1001 3529 1037 3584 ad
1057 3528 1196 3592 ordinem,
1220 3528 1266 3582 de·
1293 3527 1452 3580 bominum?
1483 3527 1600 3582 Etheec
1619 3545 1681 3582 cum
1699 3526 1738 3579 ita
1755 3545 1784 3581 se
1801 3526 1931 3591 habeant,
1951 3529 2132 3600 conqueritur

432 3632 523 3671 cerem
547 3621 575 3669 et
598 3613 821 3670 aedificationem
842 3614 948 3669 faciat?
995 3616 1219 3686 Respondemus:
1243 3614 1266 3667 si
1293 3611 1448 3681 Lutherus,
1473 3613 1677 3683 baptizatorum
1701 3613 1882 3668 conscientias
1908 3615 2016 3668 onerari
2035 3621 2064 3669 et
2082 3616 2130 3669 im·

432 3700 642 3757 constitutiones
667 3707 795 3772 pugnant
814 3717 877 3754 cum
896 3703 980 3757 verbo
998 3702 1065 3769 Dei,
1089 3708 1139 3756 aut
1155 3700 1267 3772 qnando
1294 3698 1390 3767 plicari
1413 3698 1527 3753 infinitis
1557 3700 1619 3754 aliis
1643 3705 1769 3754 votorum
1787 3699 1897 3771 legibus
1916 3701 1952 3755 ab
1969 3699 2129 3756 hominibus

433 3792 582 3843 assuuntur
602 3786 704 3855 impiae
722 3786 873 3856 opiniones,
893 3792 958 3841 tunc
978 3788 1126 3843 interdieta
1143 3794 1185 3843 est
1203 3788 1266 3842 obe·
1293 3784 1465 3853 constitutis,
1496 3786 1633 3855 quaedam
1666 3787 1739 3841 euim
1769 3792 1834 3839 sunt
1859 3791 1925 3839 vota
1953 3786 2128 3857 religionum,

406 3873 409 3881 ⁴
433 3872 552 3940 dientia;
581 3872 692 3943 quando
717 3889 782 3928 vero
806 3890 849 3927 res
877 3881 942 3929 sunt
967 3874 1135 3945 adiaphorae
1162 3879 1191 3929 et
1208 3874 1267 3929 sine
1293 3871 1429 3941 quaedam
1441 3872 1701 3943 peregrinationum,
1720 3871 1857 3942 quaedam
1875 3872 1992 3925 aliorum
2004 3889 2127 3943 operum,

307 4710 394 4752 Bellar-

307 4764 371 4804 mint.

433 3958 524 4028 impiis
550 3958 726 4028 opinionibus
753 3965 959 4029 proponuntur,
985 3966 1052 4014 tuuc
1077 3960 1151 4015 valet
1170 3958 1267 4030 regula
1294 3957 1329 4010 de
1346 3957 1401 4010 illis
1423 3957 1532 4028 legibus
1559 3963 1586 4012 et
1609 3957 1785 4026 opinionibus
1807 3962 1931 4011 votorum
1959 3959 2085 4028 queritur
2102 3968 2130 4016 et

433 4044 566 4114 apostoli:
589 4045 691 4097 Omnia
709 4046 779 4108 fiant
798 4047 940 4108 decenter,
967 4048 1067 4101 ordine
1087 4054 1111 4099 et
1131 4048 1172 4099 erl
1188 4046 1266 4098 aedi·
1293 4042 1357 4096 fidei
1383 4047 1411 4098 ct
1434 4043 1573 4112 baptismo
1598 4042 1711 4096 detrahi.
1760 4042 1846 4107 Quasi
1871 4043 1943 4097 enim
1968 4044 2060 4113 ipsum
2082 4045 2128 4102 ba·

427 4116 599 4194 ficationem.
640 4130 749 4185 Caritas
774 4129 856 4185 etiam
880 4132 1005 4201 exemplo
1029 4131 1112 4186 Pauli
1137 4130 1166 4185 in
1189 4130 1266 4185 obse·
1295 4128 1389 4198 ptismi
1415 4136 1509 4183 votum
1531 4145 1586 4182 ηοη
1609 4128 1675 4181 satis
1701 4129 1737 4182 sit
1761 4128 1805 4183 vel
1829 4136 1973 4199 praestans
1991 4131 2036 4185 vei
2054 4131 2129 4186 suffi-

434 4215 529 4283 quium
553 4216 671 4271 fratrum
693 4216 863 4271 infirmorum
888 4218 976 4272 multa
999 4218 1079 4282 talia,
1111 4234 1183 4289 quae
1208 4217 1268 4272 sine
1296 4215 1379 4283 ciens,
1398 4216 1597 4286 conquiruntur
1616 4221 1644 4268 et
1664 4216 1840 4268 cumulantur
1859 4214 1923 4283 alia,
1943 4216 2044 4286 quibus
2065 4235 2128 4273 con-

434 4297 555 4355 iaesione
582 4302 766 4356 eonscientiae
786 4302 845 4356 fieri
864 4310 993 4372 possunt,
1017 4302 1103 4371 facit3
1130 4308 1267 4358 ettamen
1296 4302 1426 4356 scientiae
1450 4302 1491 4356 ita
1514 4304 1699 4369 occupantur,
1730 4305 1762 4353 ut
1788 4309 1817 4355 et
1841 4302 1972 4355 memoria
1997 4302 2129 4373 baptismi

436 4384 513 4437 salva
535 4387 721 4442 conscientiae
745 4388 886 4457 libertate,
916 4389 974 4443 sine
998 4388 1127 4459 opinione
1151 4389 1267 4444 necessi·
1295 4387 1427 4442 obruatur
1455 4395 1483 4441 et
1513 4386 1634 4457 dignitas
1658 4387 1716 4456 ejus
1745 4392 1914 4443 extenuetur.
1962 4375 2130 4458 Disputatur

435 4470 502 4523 tatis
537 4471 605 4526 talia
636 4473 774 4527 servanda
806 4479 879 4531 sunt.
938 4473 1017 4528 Haec
1046 4474 1138 4529 omnia
1171 4475 1268 4531 Chem·
1296 4473 1367 4529 enim
1388 4481 1415 4528 et
1432 4474 1572 4540 statuitur,
1591 4489 1661 4542 opus
1673 4472 1745 4526 intra
1762 4473 1818 4528 tale
1837 4480 1932 4527 votum
1950 4473 2057 4529 factum
2068 4493 2129 4530 esse

415 4616 418 4619 ,
436 4555 532 4610 nicius.
1295 4559 1481 4629 praestantius
1492 4563 1519 4613 et
1531 4557 1645 4613 infinitis
1657 4560 1786 4630 praemiis
1804 4559 2026 4630 praeferendum,
2046 4580 2129 4632 quam

307 4658 418 4711 exeeptis
475 4647 531 4697 lli.
566 4642 751 4697 Bellarminus
777 4644 869 4714 rejicit
894 4644 967 4699 hauc
992 4645 1208 4715 disputationem
1231 4647 1268 4702 ad
1296 4647 1318 4700 si
1343 4652 1421 4701 extra
1443 4646 1500 4700 tale
1527 4652 1621 4699 votum
1646 4646 1807 4716 simpliciter
1831 4663 1864 4700 er
1884 4647 2016 4701 mandato
2035 4649 2129 4703 divino

436 4727 527 4782 locum
560 4725 595 4780 de
623 4745 729 4783 summo
757 4730 887 4799 pontifice
915 4737 942 4785 et
971 4732 1142 4803 argumentis
1168 4733 1268 4788 nostris
1296 4732 1384 4788 fieret.
1420 4732 1539 4787 Addunt
1556 4733 1615 4797 alii,
1643 4733 1797 4804 ingressum
1814 4733 1955 4804 religionis
1976 4751 2037 4789 esse
2052 4735 2129 4791 velut

436 4829 486 4884 pro
515 4813 642 4868 libertate
668 4831 685 4867 a
708 4816 904 4871 traditionibus
924 4817 1051 4872 humanis
1075 4835 1108 4874 ex
1127 4817 1270 4890 Scriptura
1295 4836 1398 4872 novum
1423 4818 1606 4887 baptismum,
1636 4838 1718 4890 quem
1738 4819 1869 4888 deinceps
1889 4819 1972 4873 liceat
1986 4820 2070 4876 toties
2088 4840 2129 4876 re-

437 4898 566 4953 adduetis
592 4900 741 4969 respondet
762 4901 815 4957 hoc
842 4904 937 4958 modo:
972 4906 1066 4958 Deum
1095 4922 1152 4959 esse
1183 4924 1268 4960 unum
1296 4922 1406 4968 novare,
1426 4904 1533 4974 quoties
1550 4905 1586 4959 ab
1604 4906 1711 4976 integro
1729 4905 1900 4974 propositum
1925 4905 2069 4977 religionis
2087 4925 2128 4963 re

436 4985 644 5054 legislatores,
670 4986 776 5041 scilicet
803 5007 952 5058 mmmum,
976 4992 1025 5060 qui
1041 4991 1084 5044 itu
1095 4994 1180 5059 serat
1200 4992 1268 5046 aliis
1296 4998 1422 5047 noratur.
1458 4990 1496 5045 Et
1516 4991 1585 5046 inter
1604 4992 1654 5046 hos
1672 4992 1803 5062 strepitus
1821 4991 1982 5062 opinionum
2002 4991 2037 5048 de
2056 4995 2128 5049 votis

435 5072 518 5139 leges,
546 5080 577 5125 ut
597 5073 691 5125 nullas
710 5073 745 5124 ab
765 5074 824 5127 alio
846 5076 984 5144 accipian
1002 5077 1113 5150 interim
1130 5084 1224 5130 tamea
1242 5085 1267 5131 et
1294 5077 1340 5131 vix
1353 5078 1499 5147 quisquam
1511 5077 1678 5147 baptismum
1690 5095 1771 5132 suum
1783 5077 1974 5132 recordatione
1986 5077 2127 5150 dignans.

436 5155 654 5236 eeclesiasticam
671 5165 696 5210 et
710 5158 860 5225 politicum
878 5164 1074 5229 magistratum
1093 5164 1169 5232 leges
1187 5165 1268 5227 ferre
1294 5163 1385 5233 Leges
1418 5162 1514 5228 etiam,
1542 5163 1653 5216 vincula
1682 5169 1710 5218 et
1736 5163 1828 5234 laquei
1850 5169 1976 5217 votorum
1999 5173 2129 5236 pugnant

429 5259 524 5311 posse.
560 5242 782 5313 Respondemus:
807 5247 992 5314 concedimus,
1018 5248 1161 5318 politicum
1180 5248 1267 5319 magi·
1295 5265 1358 5303 cum
1374 5247 1502 5302 libertate
1522 5264 1541 5302 a
1560 5249 1697 5302 mandatis
1716 5255 1743 5303 et
1762 5247 1891 5303 doctrinis
1916 5249 2072 5320 hominurn,
2099 5252 2128 5305 in

435 5335 552 5384 stratum
565 5328 666 5405 habere
686 5329 876 5384 auctoritatem
895 5332 1070 5387 ferendarum
1090 5334 1184 5405 legum
1200 5315 1376 5404 civi-iquam
1397 5350 1447 5402 per
1465 5333 1634 5402 baptismum
1653 5334 1832 5398 collocamur,
1859 5334 1918 5389 Col.
1937 5340 1967 5403 2,
1987 5355 2011 5390 v.
2032 5342 2056 5391 6.
2091 5337 2128 5391 Et

434 5412 517 5482 lium,
537 5414 627 5486 iisque
645 5414 815 5470 Christianos
840 5416 978 5488 obligatos
1002 5436 1076 5487 esse,
1104 5420 1185 5473 modo
1204 5436 1267 5473 curn
1295 5419 1361 5491 qnia
1382 5419 1411 5472 in
1436 5418 1571 5488 baptismo
1593 5418 1704 5474 abunde
1734 5426 1762 5475 et
1784 5420 1859 5490 pius,
1886 5437 1969 5490 quam
1991 5422 2128 5491 possimus

436 5497 607 5571 divinalege
626 5518 681 5555 non
699 5508 831 5572 pugnent.
859 5501 1000 5557 Ecclesiae
1020 5504 1151 5558 ministris
1171 5505 1268 5559 itidem
1294 5505 1425 5575 implere,
1451 5505 1592 5571 vovimus,
1616 5509 1660 5559 sat
1678 5506 1761 5561 etiam
1781 5507 1921 5578 negotium
1939 5507 2076 5577 habituri,
2105 5509 2127 5562 si

435 5586 629 5656 concedimus,
667 5587 742 5658 quod
779 5587 885 5657 possint
916 5588 1102 5644 ordinationes
1138 5587 1442 5668 honestasjpertotam
1455 5590 1539 5643 vitam
1552 5590 1618 5646 huie
1633 5592 1674 5648 rei
1693 5593 1907 5660 intenderemus,
1927 5600 2023 5648 censet
2043 5594 2128 5665 igitur

436 5670 540 5726 ordinis
566 5679 594 5729 et
617 5672 725 5728 decoris
748 5689 832 5729 causa
858 5672 887 5727 in
905 5672 1032 5741 ,ecclesia
1058 5677 1208 5731 servandas
1227 5676 1447 5768 inqLutherus,
1476 5675 1544 5729 satis
1575 5693 1648 5746 esse,
1679 5685 1711 5733 ut
1736 5678 1842 5733 omissis
1868 5686 1896 5734 et
1921 5679 2040 5734 sublatis
2067 5681 2126 5735 aliis

435 5754 564 5828 stituere,
587 5758 698 5815 interim
720 5765 814 5816 ωωοη
837 5760 861 5815 si
878 5764 988 5831 praeter
1006 5761 1051 5817 vel
1069 5762 1151 5817 etiam
1171 5769 1268 5820 contra
1280 5783 1282 5817 ι
1294 5764 1373 5833 rods,
1392 5779 1463 5834 quae
1479 5779 1532 5817 nec
1547 5760 1602 5818 Dei
1619 5764 1789 5833 mandatum,
1802 5781 1854 5821 nec
1864 5765 2024 5836 Scripturas
2037 5783 2125 5823 exem·
