4800 6659
974 617 1025 672 DE
1044 615 1316 674 sscfflusuuls.
1924 618 1981 678 181

290 778 386 827 umen
409 773 579 843 praedicatio
602 775 680 831 verbi
705 792 760 830 non
779 781 822 830 est
838 774 928 829 inanis
949 790 1032 829 sonus
1050 771 1126 827 circa
1153 770 1262 825 nemine
1279 771 1307 826 iu
1326 771 1444 841 gratiam
1463 772 1543 840 redit,
1561 771 1614 826 nisi
1634 771 1710 842 prius
1728 768 1901 825 remittantur
1919 777 1986 838 pse·

290 859 369 923 illos,
400 861 448 931 qui
473 862 596 930 jamdum
614 862 733 933 reganiti
752 868 830 929 suut,
857 860 905 916 sed
923 859 1044 915 medium
1061 856 1126 911 fidei
1152 863 1222 921 cata,
1239 875 1311 927 quac
1328 859 1400 912 inter
1418 861 1510 912 Deam
1531 867 1557 912 et
1575 858 1699 912 homines
1719 853 1924 911 dieidaatEsa.
1940 860 1982 923 59,

290 946 441 1017 augendae
461 952 489 1001 et
510 947 720 1003 confirmandae.
756 947 866 1017 Tertio,
891 948 921 1001 im
939 944 1126 1000 cirmsmcisio·
1151 960 1177 996 r.
1197 949 1221 1001 2.
1256 943 1419 998 Absurdum
1442 944 1528 1016 igitur
1544 947 1608 1012 est,t
1624 944 1761 1016 insignem
1780 941 1857 996 illam
1868 940 1983 1010 promis·

290 1032 336 1084 ass
354 1033 528 1087 inuitatione
546 1036 737 1089 tantummodo
755 1034 858 1087 mentio
871 1034 909 1100 fit
927 1029 1126 1104 promissionis
1152 1031 1256 1085 sionem
1283 1030 1318 1085 de
1347 1031 1535 1102 corporalibus
1561 1037 1589 1085 et
1616 1030 1813 1100 temporalibus
1842 1023 1984 1081 beneficiis

290 1120 453 1188 corporalis
476 1128 503 1173 et
522 1128 649 1175 terrem
666 1123 702 1174 de
717 1120 951 1189 multiplicatione
967 1117 1082 1172 semissis
1100 1123 1126 1171 et
1151 1117 1342 1173 tautummodo
1361 1118 1524 1190 intelligere,
1543 1135 1607 1172 curu
1618 1117 1743 1173 Christus
1761 1133 1794 1171 ex
1814 1114 1905 1169 verbis
1918 1112 1983 1176 illis,

284 1206 468 1274 possessione
485 1214 578 1260 terroe
597 1206 724 1261 Coacon.
754 1209 834 1278 Ergo
854 1204 1060 1260 circumcisioni
1069 1220 1125 1256 noa
1153 1207 1294 1273 Egeram
1313 1207 1395 1259 Deus
1413 1206 1566 1272 Abrohom,
1586 1208 1665 1259 Deae
1682 1204 1774 1272 Isaac,
1794 1203 1872 1255 Deus
1889 1199 1983 1254 Jacob

282 1292 349 1358 fait
367 1310 478 1346 anacam
496 1294 650 1363 promissio
670 1296 705 1348 de
721 1294 882 1347 remissione
901 1298 1083 1361 pcccatorum
1100 1296 1125 1342 et
1152 1291 1239 1348 Exod.
1257 1297 1287 1361 3,
1304 1308 1330 1345 r.
1349 1296 1372 1347 6.
1389 1291 1518 1361 colligat,
1542 1291 1640 1347 Matth.
1661 1296 1709 1358 22,
1736 1307 1762 1343 v.
1783 1294 1825 1345 32.
1855 1286 1983 1341 Abraba-

289 1380 348 1432 vits
362 1386 487 1436 aemma.
516 1380 739 1451 Respondemus:
759 1379 882 1451 quamvis
894 1376 1051 1449 spirituales
1064 1391 1124 1445 pro-
1151 1394 1240 1444 mum,
1263 1378 1392 1432 Isaaoum
1416 1384 1445 1433 et
1461 1377 1598 1433 iacobum
1627 1382 1823 1448 postmortem
1836 1373 1927 1428 adhuc
1942 1372 1982 1427 ri-

290 1465 438 1521 missiones
457 1466 509 1521 sub
527 1466 676 1522 involucris
694 1465 874 1537 corporalium
889 1464 984 1535 primis
999 1463 1125 1534 patribus
1151 1480 1223 1520 rere.
1250 1464 1309 1520 Nec
1326 1464 1466 1535 estquod
1484 1455 1669 1519 Bellarminus
1681 1468 1805 1534 regerat,
1825 1461 1984 1513 universam
1995 1464 2110 1507 vnum.

290 1551 398 1607 inerim
424 1552 596 1623 propositae,
623 1567 656 1606 ex
684 1569 716 1608 eo
738 1558 912 1607 tamencum
933 1548 1125 1619 Anabaptistis
1151 1550 1342 1605 lsrcc‘liticum
1355 1551 1501 1620 populum,
1521 1551 1567 1603 cai
1583 1550 1665 1603 malti
1677 1548 1797 1603 admisti
1816 1553 1895 1601 eraru
1905 1545 1984 1612 mali,

290 1656 348 1693 nou
366 1642 410 1693 est
429 1637 618 1706 inferendum,
641 1639 715 1710 quod
738 1637 813 1693 solae
830 1644 953 1692 terrenae
970 1633 1125 1707 promissio·
1152 1636 1212 1690 siae
1237 1638 1399 1690 discrimine
1419 1637 1480 1690 dici
1494 1636 1630 1707 populum
1649 1635 1721 1702 Dei,
1750 1634 1778 1688 id
1799 1631 1872 1688 euim
1888 1636 1985 1686 notum

289 1741 341 1780 nes
360 1724 431 1795 ipsis
450 1724 540 1780 datae.
575 1723 724 1779 Promissis
745 1725 779 1778 de
798 1723 1027 1793 multiplicatione
1045 1720 1124 1775 semi-
1152 1729 1194 1777 cst
1211 1740 1261 1793 per
1280 1723 1473 1794 synecdochen
1494 1722 1612 1794 intelligi
1625 1721 1733 1790 debere,
1752 1718 1984 1792 quemadmodum

289 1812 335 1866 uis
356 1810 493 1866 inclusam
512 1810 597 1865 habet
614 1810 822 1881 promissionem
839 1808 940 1863 Christi
959 1825 992 1863 ex
1010 1806 1125 1877 posteris
1152 1810 1269 1865 ecclesia
1291 1810 1393 1865 dicitur
1410 1811 1507 1865 domus
1524 1809 1592 1879 Dei,
1617 1808 1738 1881 populus
1757 1814 1883 1873 sanctus,
1909 1806 1984 1861 cives

292 1897 427 1952 Abrahae
451 1896 594 1965 nascituri,
619 1897 648 1950 in
668 1913 722 1968 qno
741 1913 834 1951 omnes
852 1901 948 1965 gentes
967 1895 1022 1948 sint
1043 1893 1123 1947 bene
1151 1895 1361 1968 Hierosolymae
1382 1897 1508 1953 coelestis
1528 1905 1579 1954 etc.
1599 1903 1714 1968 propter
1730 1896 1831 1952 electos
1849 1895 1878 1948 in
1899 1892 1984 1949 eccle·

290 1984 443 2052 dicendae,
464 1981 527 2037 Gal.
549 1988 580 2047 3,
598 2001 623 2038 v.
646 1988 684 2038 16.
722 1984 838 2038 Fatetur
856 1982 915 2052 ipse
931 1980 1124 2047 Bellarminus,
1151 1982 1208 2049 sia,
1245 2000 1301 2037 non
1330 1985 1404 2054 quod
1437 1984 1563 2040 omnibus
1592 1990 1706 2038 externa
1734 1982 1823 2036 solum
1851 1979 1985 2035 societate

287 2070 504 2141 promissionem
522 2078 660 2123 terrenam
677 2071 770 2133 fuisse
786 2072 908 2137 siparum
926 2066 1125 2137 promissionis
1152 2069 1285 2125 ecclesiae
1303 2070 1433 2125 admixtis
1444 2071 1513 2125 baec
1525 2069 1650 2125 encomia
1662 2074 1828 2139 competant.
1853 2073 1876 2122 2.
1893 2067 1985 2121 Verba

291 2156 422 2211 cucumis
440 2163 465 2209 st
483 2156 642 2226 spiritualis
660 2158 774 2208 dandae
793 2156 866 2220 illis,
890 2154 939 2223 qai
957 2171 1012 2207 aon
1033 2169 1124 2219 carae,
1152 2158 1207 2210 ista
1228 2175 1286 2211 aon
1302 2165 1360 2210 tum
1375 2156 1589 2226 promissionem
1602 2156 1667 2222 Dei,
1687 2172 1770 2225 qucum
1788 2154 1986 2221 oblipctiomem

291 2244 342 2297 sed
361 2245 448 2297 eorda
468 2243 738 2310 circumciderentur,
756 2242 840 2310 idque
852 2240 1043 2310 patriarchas,
1058 2256 1125 2308 pro-
1149 2245 1253 2315 populi
1272 2261 1388 2312 sonare,
1412 2252 1443 2298 ut
1466 2246 1503 2298 sit
1525 2262 1636 2299 sensas:
1660 2261 1715 2298 aon
1738 2240 1874 2296 habebitis
1896 2239 1985 2292 olium

288 2329 390 2400 phetas
411 2336 437 2383 et
455 2329 529 2382 ulios
546 2330 622 2382 siros
640 2331 785 2398 perfectos
801 2328 880 2381 illius
897 2326 1030 2395 temporis
1047 2324 1126 2378 intel·
1155 2331 1282 2386 DEUM
1295 2349 1380 2401 quam
1399 2347 1463 2388 mc„
1486 2330 1708 2401 Respondemus:
1736 2326 1917 2383 subordinate
1930 2342 1985 2380 non

295 2417 412 2484 Ῑθΐῗθθθῐ
444 2414 523 2471 addit
550 2422 656 2480 aulem,
686 2415 776 2469 solam
798 2414 1012 2483 promismissio
1041 2419 1126 2465 isare·
1154 2424 1219 2473 suut
1242 2418 1296 2473 sibi
1322 2416 1438 2473 invicem
1459 2417 1632 2487 opponenda.
1668 2416 1706 2469 Et
1724 2414 1778 2469 Dei
1798 2411 1941 2484 promissio
1959 2416 1988 2466 et

296 2521 359 2558 som
387 2505 431 2556 od
457 2503 487 2556 V.
516 2505 546 2556 T.
573 2503 717 2570 pertimere
743 2508 768 2553 st
794 2501 966 2554 sommarium
992 2514 1127 2564 asserere,
1154 2504 1251 2576 populi
1279 2504 1414 2576 obligatio
1443 2503 1534 2560 verbis
1559 2503 1613 2558 illis
1637 2502 1820 2557 continentur.
1862 2497 1987 2570 Obligati

296 2608 352 2644 esse
375 2588 448 2641 nibil
471 2588 566 2656 cls'ucl,
593 2605 677 2656 quarn
700 2604 734 2639 eu
752 2588 812 2656 lege
831 2586 1003 2653 mespelium
1021 2586 1127 2648 facore.
1153 2591 1267 2647 fuerunt
1287 2591 1430 2646 [crailinc
1458 2590 1671 2646 circumcisionis
1696 2588 1807 2643 iccdcrc
1833 2603 1897 2642 cum
1925 2585 1986 2640 Deo

296 2675 522 2747 Respondemus:
551 2673 585 2729 de
605 2673 761 2727 discrimine
778 2673 848 2743 legis
867 2680 895 2726 et
913 2671 1063 2742 evangelii,
1087 2670 1129 2724 uti
1154 2695 1220 2733 vcrc
1245 2678 1328 2747 initi),
1353 2695 1388 2733 cc
1421 2678 1507 2733 cllum
1534 2677 1618 2731 ilium
1646 2680 1756 2746 praeter
1776 2672 1851 2728 hune
1875 2672 1985 2727 unicum

296 2770 323 2819 et
337 2763 375 2819 V·
401 2778 435 2815 ss
460 2761 496 2816 N·
524 2759 572 2823 Τ.,
601 2760 707 2830 egimus
731 2759 760 2813 5¹1
786 2762 906 2813 &aetatu
932 2758 967 2811 de
984 2756 1128 2826 evangellO
1154 2782 1250 2820 verum
1276 2764 1387 2821 DEUM
1415 2753 1619 2836 agnoscerent,
1644 2762 1783 2825 colerent,
1810 2760 1986 2821 invocas-enm

296 2848 437 2917 lailflsslme,
455 2848 502 2902 ubl
521 2846 699 2914 Ostendimus,
718 2861 789 2917 qliae
809 2851 836 2900 ei
854 2843 950 2915 quale!
962 2842 1127 2898 sintutrius·
1154 2851 1264 2908 interim
1289 2858 1383 2906 tamen
1404 2857 1498 2907 manet
1520 2850 1585 2920 hoe,
1612 2849 1687 2922 quod
1710 2848 1788 2903 Deus
1811 2845 1988 2917 peculiariter

296 2955 348 3008 que
380 2933 537 2990 testamenti
567 2925 770 3004 promldhlollefli
809 2932 927 2987 Nomllle
955 2929 990 2984 V.
1017 2929 1050 2983 Τ.
1079 2928 1128 2982 all·
1154 2954 1215 2993 gese
1236 2937 1301 2992 huic
1324 2937 1428 3008 populo
1457 2955 1507 3007 per
1528 2942 1642 3007 paetum
1666 2934 1737 2989 illud
1760 2932 1856 2988 itidem
1881 2931 1987 3003 Obllgss·

297 3022 408 3095 quando
432 3020 598 3092 intelligitur
618 3025 707 3073 totum
731 3018 801 3073 illud
818 3022 926 3087 tempus
944 3014 1128 3071 antechristi
1154 3024 1232 3093 verit,
1249 3024 1385 3095 siquidem
1402 3022 1536 3095 obligatio
1552 3023 1695 3093 reciproca
1707 3020 1842 3092 promissa
1853 3018 1985 3075 continet

296 3110 444 3165 adveutum
464 3113 493 3162 ct
511 3106 741 3173 incarnationem
761 3103 912 3175 aliquando
932 3118 997 3156 vero
1016 3108 1127 3172 pactum
1155 3117 1177 3166 3,
1208 3111 1348 3166 aratum
1378 3127 1411 3164 cc
1439 3110 1531 3164 „creis
1555 3109 1701 3175 mosaicis,
1739 3124 1789 3176 spo
1818 3124 1879 3159 sam
1907 3108 1987 3160 Deus

296 3195 363 3252 illud
382 3193 488 3267 legale,
513 3193 542 3246 in
562 3209 617 3263 quo
635 3192 711 3246 Deus
729 3190 939 3246 observantibus
957 3188 1047 3260 legem
1066 3206 1128 3259 pro·
1155 3198 1300 3251 Abraham
1326 3204 1378 3252 etc.
1409 3195 1480 3250 nibil
1506 3194 1591 3249 aliud
1615 3194 1749 3263 colliqerc
1776 3211 1861 3264 mam
1893 3209 1987 3248 resur·

297 3282 371 3337 misit
393 3279 479 3335 vitum
504 3284 653 3334 aeternam·
693 3276 720 3331 Α
744 3278 776 3333 Τ.
802 3278 838 3334 V·
863 3276 953 3348 priore
979 3292 1061 3331 sensu
1084 3291 1128 3329 80·
1153 3285 1317 3353 rectionem,
1337 3300 1409 3354 quae
1428 3276 1506 3335 ionis
1527 3290 1552 3335 et
1570 3281 1654 3334 mulis
1672 3280 1823 3334 communis
1840 3280 1901 3333 erit.
1932 3279 1986 3335 Re

297 3374 375 3441 cepto
407 3366 583 3438 evangelicas
613 3366 648 3420 ds
677 3364 786 3420 Christo
817 3369 845 3418 et
875 3364 961 3435 ipsius
987 3360 1128 3418 beneflciis
1153 3370 1332 3440 spondemus:
1349 3370 1404 3423 imo
1422 3386 1486 3424 vero
1507 3384 1563 3423 non
1580 3368 1669 3423 solum
1682 3366 1917 3431 resurrectionem,
1936 3366 1985 3422 sed

296 3455 489 3529 promissiones
517 3451 661 3506 excludere
688 3458 730 3507 est
756 3468 788 3506 ex
816 3450 994 3505 sanctissimis
1011 3450 1126 3520 patriar-
1153 3463 1180 3512 ct
1202 3456 1356 3512 ccimcrum
1373 3456 1484 3510 beatam
1504 3453 1739 3508 immortalitcicm
1758 3458 1785 3508 ci
1805 3454 1984 3506 ,ccci-,cccc

298 3541 353 3597 chis
371 3547 400 3597 et
418 3537 560 3612 prophetis
582 3537 707 3593 carnales
724 3542 753 3591 et
771 3536 924 3590 mundanos
943 3535 1066 3590 homines
1085 3534 1126 3588 fs·
1152 3561 1214 3596 acm
1231 3543 1305 3597 sitae
1322 3542 1396 3610 (Joh.
1417 3549 1446 3607 5,
1464 3560 1490 3596 r.
1509 3544 1561 3609 29.)
1580 3558 1613 3596 ex
1630 3539 1722 3596 verbis
1738 3539 1857 3610 colligit,
1878 3544 1909 3593 nt
1925 3539 1986 3609 ipsa

296 3645 367 3696 sere,
402 3643 457 3698 qua
488 3624 522 3680 de
551 3642 580 3678 re
608 3640 658 3679 suo
685 3623 744 3677 1000
772 3623 877 3677 dictum
903 3622 956 3677 fuit
981 3621 1126 3677 uberrime·
1152 3646 1236 3683 sonus
1253 3629 1399 3685 verborum
1418 3625 1563 3683 manifeste
1579 3626 1754 3697 comprobat:
1776 3627 1857 3679 Deus
1876 3642 1932 3678 non
1946 3631 1986 3677 cst

299 3714 431 3778 Quamvis
451 3713 522 3765 emim
541 3711 637 3780 pratia
658 3711 719 3763 Dei
735 3717 885 3780 premonet
905 3726 938 3763 oa
955 3711 992 3763 N.
1013 3711 1044 3762 Τ.
1065 3728 1125 3761 som
1153 3719 1233 3770 Deus
1251 3723 1432 3781 mortuorum,
1453 3716 1506 3768 sed
1522 3714 1678 3783 viventium,
1696 3729 1789 3767 ornnes
1808 3712 1986 3765 enimvisaat

297 3803 457 3873 impetretur
474 3800 553 3852 actm
566 3815 622 3867 per
638 3796 777 3851 Christum
794 3798 907 3867 ejusque
920 3797 1082 3867 passionem
1100 3804 1126 3849 ct
1153 3806 1192 3872 ci,
1228 3802 1297 3857 Luc.
1321 3808 1368 3869 20,
1394 3816 1421 3855 v.
1448 3805 1490 3856 38.
1513 3805 1544 3854 at
1571 3799 1681 3870 quaudo
1709 3800 1808 3859 urunt
1833 3798 1985 3860 Abraham,
2080 3843 2083 3854 .

296 3896 424 3955 mortem·
449 3895 540 3940 tames
561 3887 625 3954 ipss
644 3884 698 3938 ills
717 3884 778 3937 Dei
791 3884 888 3952 protis
906 3900 967 3937 cam
983 3885 1127 3952 adjunctis
1152 3890 1232 3943 Isaac
1258 3894 1285 3943 et
1304 3885 1414 3943 Jacob?
1439 3886 1467 3940 in
1486 3885 1598 3942 coelesti
1616 3885 1788 3941 beatitudine
1802 3892 1830 3941 et
1846 3884 1986 3941 felicitate.

298 3972 436 4043 beneficiis
453 3973 517 4039 fait
532 3972 643 4041 utrique
655 3970 766 4040 populo
783 3971 943 4038 commanis,
961 3970 1126 4023 virtatem
1153 3974 1270 4040 Quando
1289 3973 1366 4028 Deus
1395 3989 1425 4029 se
1449 3978 1530 4028 vocat
1558 3972 1676 4043 alicujus
1701 3973 1808 4040 Deum,
1836 3970 1983 4044 significat,

297 4062 378 4116 etiam
404 4066 481 4114 retro
505 4074 535 4111 sc
558 4060 705 4111 osteadens
729 4060 771 4110 ud
793 4074 885 4112 omnes
911 4074 973 4127 cos,
1002 4057 1051 4127 qai
1077 4056 1126 4108 sab
1153 4060 1228 4133 quod
1252 4062 1343 4131 ipsum
1367 4059 1458 4130 gratia
1486 4077 1536 4114 sua
1561 4058 1777 4130 complectatur,
1800 4058 1830 4112 iu
1858 4056 1985 4113 omnibus

303 4148 329 4201 V.
360 4147 393 4201 T.
419 4145 569 4199 emesam
593 4144 623 4197 ia
648 4152 792 4198 ventarum
819 4143 965 4210 Moesiam,
996 4149 1028 4197 ut
1051 4146 1126 4198 recte
1152 4146 1297 4219 periculis,
1320 4147 1444 4218 adeoque
1467 4146 1497 4200 in
1515 4146 1606 4201 media
1623 4152 1711 4201 morte
1731 4146 1784 4216 ipsi
1804 4144 1940 4199 affuturus
1958 4149 1988 4198 et

297 4232 392 4289 scribit
409 4231 445 4286 D.
463 4230 592 4285 Haunius
610 4234 691 4285 tract.
711 4230 747 4283 de
765 4245 880 4287 sacram.
898 4247 922 4284 e.
943 4235 965 4284 2.
983 4246 1029 4300 qu.
1050 4235 1074 4284 7.
1152 4252 1185 4289 ex
1202 4241 1292 4290 terrae
1309 4232 1423 4303 pulvere
1438 4232 1551 4288 tandem
1565 4232 1699 4287 advitam
1712 4238 1853 4287 aeternam
1866 4230 1986 4286 eundem

330 4325 371 4377 68.
406 4318 461 4374 Sed
491 4317 557 4389 quid
587 4316 635 4371 fiet
668 4316 842 4387 promissioni
876 4311 918 4369 illi
949 4333 1013 4371 vere
1046 4332 1126 4370 eran·
1152 4321 1363 4378 resuscitaturus
1401 4319 1453 4384 sit,
1495 4325 1526 4373 ut
1563 4320 1689 4390 superius
1730 4319 1984 4374 demonstravimus.

296 4408 413 4482 gelicas:
433 4407 494 4459 Ero
513 4406 593 4457 Deus
610 4412 673 4457 tuas
695 4410 721 4456 et
740 4405 819 4456 Deus
837 4403 949 4456 seminis
967 4403 1025 4471 tui,
1043 4419 1125 4473 quam
1153 4416 1177 4466 4,
1199 4407 1327 4463 Gentiles
1335 4408 1433 4474 scisse
1451 4407 1511 4460 sine
1530 4408 1608 4474 Deo,
1626 4407 1686 4460 siae
1705 4406 1832 4472 Christo,
1850 4405 1911 4459 sine
1927 4420 1985 4473 sps,

295 4490 495 4549 sucunssoni
525 4506 660 4544 annexam
691 4505 750 4544 esse
780 4489 839 4544 sole
856 4488 997 4544 meridano
1025 4489 1126 4543 clarius
1151 4497 1212 4550 sine
1236 4494 1486 4564 promissionibus,
1515 4511 1571 4547 aon
1597 4493 1666 4563 qaia
1696 4500 1846 4546 camerani
1869 4492 1986 4545 circum·

295 4581 357 4637 est?
399 4577 584 4633 Bellarminus
608 4575 727 4644 invenit,
748 4576 823 4647 quod
840 4582 990 4647 regereret:
1014 4584 1035 4632 l.
1061 4577 1124 4630 Ver·
1152 4583 1264 4650 maone,
1281 4582 1334 4634 sed
1350 4580 1419 4650 quia
1436 4587 1588 4633 caruerant
1604 4596 1671 4634 scra
1685 4581 1746 4647 fide
1764 4587 1790 4632 ct
1805 4578 1908 4633 notitia
1926 4577 1987 4631 ocri

295 4670 335 4722 tis
367 4667 412 4721 tis
438 4682 493 4718 mom
526 4663 686 4733 sioos'fissm'
708 4663 923 4731 promissionem
955 4664 1126 4717 remissionis
1152 4664 1986 4736 Draudacumarianistacmsiles,cuivsmm1)mm

290 4761 471 4826 pcccatorum
494 4750 539 4804 sel
556 4750 629 4802 citus
651 4757 789 4819 aeternae,
808 4752 859 4803 scd
877 4757 984 4803 tantum
997 4750 1125 4819 passia-
1152 4755 1293 4822 colebunt,
1320 4760 1351 4806 at
1379 4752 1447 4806 olim
1473 4752 1544 4820 Job,
1571 4759 1597 4806 st
1620 4760 1723 4821 posteo
1752 4751 1898 4806 Gormlius
1924 4767 1985 4804 cea-

293 4842 335 4896 ris
354 4840 478 4910 ejusdem
492 4838 692 4907 protectionis,
712 4836 805 4905 qualis
826 4836 939 4889 deletam
952 4838 1062 4905 populo
1076 4854 1124 4907 pc·
1152 4842 1228 4895 tario
1247 4845 1298 4894 etc.
1317 4858 1373 4893 noa
1392 4846 1473 4892 erum
1491 4838 1551 4892 sias
1572 4840 1649 4907 Deo,
1668 4840 1729 4891 sias
1750 4837 1861 4893 Christo
1880 4846 1907 4891 ct
1925 4837 1985 4891 siae

293 4927 412 4996 saliari,
439 4926 577 4995 qssomodo
596 4926 675 4976 Deus
703 4924 841 4976 siclorum
860 4923 890 4976 in
905 4924 1015 4993 popolo
1032 4925 1125 4978 larci·
1152 4944 1215 4999 spe,
1236 4928 1320 4980 etiam
1341 4925 1502 4980 circumcisi
1522 4943 1579 4980 noa
1594 4926 1725 4992 suessent.
1760 4923 1985 4994 Respondemus:

292 5016 371 5072 litico
400 5013 457 5076 fuit
488 5013 575 5066 Deos.
624 5009 845 5080 Respondemus:
880 5009 1049 5064 ostendimus
1081 5029 1125 5065 su·
1152 5012 1354 5086 proselytorum
1378 5012 1432 5068 duo
1452 5012 1564 5067 fuerunt
1588 5028 1705 5084 genera,
1728 5010 1842 5082 quidam
1866 5010 1926 5064 sola
1945 5027 1984 5065 re·

293 5101 387 5175 perias
415 5116 449 5155 ex
478 5097 624 5152 cubatione
655 5096 856 5166 scripturarum
888 5112 983 5150 verum
1016 5114 1126 5152 sensum
1152 5100 1269 5172 ligione3
1294 5099 1407 5171 quidam
1432 5114 1497 5153 vero
1520 5105 1548 5153 et
1571 5097 1705 5170 religione
1729 5104 1757 5153 et
1780 5095 1985 5152 cohabitatione

293 5189 377 5259 hujus
413 5182 607 5258 promissionis.
647 5183 843 5248 Concedimus,
877 5184 1025 5253 peculiaris
1064 5201 1125 5255 pro-
1151 5186 1264 5241 fuerunt
1282 5185 1398 5242 Judaeis
1418 5185 1560 5254 conjuncti
1578 5190 1606 5239 et
1623 5184 1759 5255 permixti.
1779 5182 1872 5237 Primo
1890 5182 1985 5254 generi

294 5272 424 5331 iectionis
440 5269 649 5344 promissionem
668 5268 722 5322 illis
743 5268 835 5323 verbis
854 5269 996 5334 contineri,
1016 5270 1064 5326 sed
1084 5271 1125 5324 ni·
1136 5247 1140 5332 l
1151 5272 1267 5329 liberum
1292 5276 1365 5338 erat,
1394 5271 1451 5326 sive
1469 5270 1644 5339 circumcidi,
1668 5271 1726 5325 sive
1744 5288 1762 5324 a
1778 5268 1985 5324 circumcisione

294 5361 334 5417 hil
351 5359 501 5432 quicquam
520 5363 629 5427 praeter
647 5356 827 5425 temporalem
840 5355 915 5411 illam
927 5356 1125 5427 protectionem
1151 5357 1290 5413 abstinere
1327 5359 1445 5426 vellent,
1479 5362 1511 5411 ut
1547 5362 1627 5429 patet
1661 5358 1689 5410 in
1726 5357 1865 5423 Naaman,
1901 5354 1985 5425 Cyro,

295 5447 348 5503 illis
373 5444 463 5501 verbis
486 5442 624 5515 promitti,
650 5442 678 5495 id
706 5459 771 5496 vero
797 5459 939 5514 negamus.
974 5443 1126 5500 Peculiaris
1151 5445 1237 5509 Dario
1260 5450 1311 5500 etc.
1343 5444 1390 5515 qui
1416 5445 1591 5517 signaculum
1616 5442 1686 5498 illud
1718 5458 1831 5513 corpore
1862 5459 1917 5496 non
1940 5459 1984 5497 su-

296 5534 343 5589 illa
358 5530 495 5604 protectio
515 5529 665 5602 gratiosam
684 5528 737 5583 Dei
756 5527 984 5585 inhabitationem
1001 5531 1126 5601 includit,
1151 5541 1311 5605 scepcrunt,
1335 5531 1391 5588 fide
1413 5540 1504 5589 autem
1523 5532 1551 5587 in
1571 5539 1716 5588 venturum
1735 5529 1866 5584 Messinm
1884 5528 1983 5585 salvati

297 5620 418 5693 gratiosa
442 5617 497 5673 Dei
514 5615 689 5670 ‘inhabitatio
715 5615 963 5671 reconciliationem
994 5635 1125 5689 praesup·
1151 5627 1215 5675 suut
1240 5625 1267 5676 et
1291 5618 1326 5673 ad
1346 5620 1480 5690 populum
1497 5619 1693 5688 civitatemque
1711 5617 1764 5671 Dei
1782 5615 1983 5687 pertinuerunt

297 5707 380 5779 pouit,
399 5704 466 5776 quia
482 5704 511 5758 in
530 5702 658 5759 cordibus
677 5702 799 5757 nondum
817 5701 870 5756 sibi
889 5704 1125 5760 reconciliatorum
1151 5705 1326 5779 Augustinus
1348 5705 1396 5759 lib.
1425 5711 1463 5762 18.
1489 5704 1523 5760 dc
1546 5707 1598 5759 civ.
1621 5703 1674 5758 Dei
1702 5722 1725 5759 o.
1745 5710 1784 5759 il.
1805 5703 1853 5774 qui
1871 5719 1936 5758 vero
1955 5704 1984 5759 iu

298 5794 371 5851 Deus
393 5809 450 5847 non
473 5789 611 5846 inhabitat
632 5807 683 5843 sna
706 5788 816 5862 gratia;
840 5788 1026 5846 reconciliatio
1046 5809 1125 5864 prae·
1151 5801 1225 5850 terra
1242 5790 1378 5863 promissa
1397 5792 1468 5847 inter
1484 5792 1559 5863 ipsos
1576 5788 1699 5847 ludaeos
1718 5789 1857 5862 babitare,
1881 5808 1984 5847 connu-

298 5880 427 5955 supponit
449 5884 625 5951 peccatorum
651 5877 852 5947 remissionem,
876 5876 942 5949 quia
960 5876 1037 5934 Deus
1062 5863 1200 5952 cumlbia
1222 5895 1285 5935 cum
1311 5875 1366 5933 illis
1389 5877 1550 5935 contrahere
1575 5882 1603 5934 et
1625 5895 1730 5951 agnum
1752 5879 1910 5951 paschalem
1928 5894 1985 5935 nus
