4800 6659
342 687 382 748 gg
931 676 1054 736 nocue
1073 676 1448 764 neamus-sarnum

342 835 494 903 obtinerem
513 833 638 889 Christus
656 833 790 905 apostolis
807 834 836 889 in
854 836 955 906 specie,
973 852 1036 891 mcx
1050 832 1177 889 omnibus
1206 842 1303 905 servet,
1332 835 1464 905 qnoniam
1485 837 1537 891 icc
1558 853 1614 889 non
1632 844 1673 890 eet
1683 836 1835 907 justitiae,
1850 841 1904 892 sed
1919 838 2047 895 letardi

341 921 412 989 illie,
436 922 483 992 qui
502 927 615 991 propter
632 921 787 977 doctrinam
804 922 942 994 evangelii
962 922 991 977 in
1010 921 1176 993 persecutio·
1205 922 1285 982 tata,
1306 922 1392 990 jrmta
1411 922 1500 976 illari:
1528 923 1642 987 Amice,
1664 940 1721 977 nan
1732 923 1817 990 secio
1840 925 1892 979 aar
1908 926 2047 994 injuriam

341 1008 423 1065 nibus
446 1008 598 1080 quidquam
622 1009 794 1079 relinquunt,
820 1010 849 1064 in
876 1026 977 1081 genere
995 1009 1178 1080 largissimam
1205 1012 1259 1062 ete.
1294 996 1372 1079 Ergo
1392 1007 1416 1061 si
1432 1024 1466 1062 ex
1484 1007 1633 1079 hypothesi
1652 1008 1815 1065 Bellarmini
1834 1028 1884 1083 per
1901 1012 2048 1070 &narium

341 1094 479 1167 promittit
496 1095 706 1150 retributionem
730 1113 756 1150 v.
776 1101 818 1153 21.
841 1101 871 1151 et
894 1103 934 1152 19.
952 1096 1000 1150 sed
1022 1112 1072 1166 per
1093 1096 1178 1148 inar—
1206 1092 1372 1164 intelligitur
1403 1094 1461 1149 vita
1489 1101 1620 1163 aeterna,
1652 1112 1824 1167 consequens
1856 1103 1912 1163 est,
1950 1098 1975 1153 si
2001 1099 2048 1155 vel

342 1180 467 1255 ὄρθωσιν
491 1180 584 1235 statim
608 1181 734 1252 subjicit:
765 1184 848 1237 malti
868 1190 960 1237 autem
980 1183 1073 1251 primi
1098 1189 1179 1235 erant
1206 1179 1323 1234 maxime
1337 1181 1433 1250 primis
1447 1181 1581 1251 operariis
1596 1182 1655 1236 vita
1667 1188 1781 1238 aeterna
1791 1183 1873 1239 detur
1893 1191 1926 1241 ut
1939 1201 2047 1243 marces

342 1267 488 1323 nmieeims'
515 1276 541 1320 et
567 1268 713 1322 nouissimi
739 1270 830 1338 primi
853 1285 879 1323 v.
906 1275 947 1325 96.
974 1268 1124 1324 admonens
1143 1266 1179 1321 ad
1208 1265 1311 1329 debita,
1329 1275 1457 1337 respectu
1477 1275 1570 1322 lamen
1588 1284 1683 1323 eornm
1700 1269 1738 1323 ad
1757 1268 1908 1334 minimum,
1926 1272 1977 1341 qui
1995 1288 2049 1343 per

342 1353 441 1409 ιοτίαω
467 1353 664 1424 bumilitatem,
689 1371 724 1411 ne
748 1356 811 1427 quis
829 1373 859 1410 se
880 1356 908 1410 in
928 1355 1011 1411 corde
1031 1372 1081 1409 suo
1097 1354 1179 1409 aesti-
1208 1369 1291 1406 unam
1310 1353 1502 1408 tantummodo
1522 1355 1617 1409 horam
1630 1356 1833 1425 laboraverant,
1851 1358 1938 1412 vitam
1955 1365 2047 1413 aeter·

341 1446 400 1495 met
422 1440 555 1511 primum,
582 1440 626 1494 cui
649 1456 716 1510 prae
741 1441 803 1496 aliis
830 1450 944 1514 propter
965 1441 1078 1512 pietatis
1095 1456 1180 1509 opera
1207 1455 1271 1492 nam
1290 1455 1350 1493 esse
1368 1439 1521 1510 gratuitum
1539 1440 1593 1496 Dei
1613 1442 1730 1509 donum,
1756 1460 1810 1498 non
1828 1448 1924 1497 autem
1941 1443 2047 1500 laboris

343 1540 376 1581 ex
393 1526 458 1596 jure
476 1526 613 1581 debeatur
632 1544 747 1596 merces,
770 1527 830 1583 fore
848 1528 934 1597 enim,
960 1533 992 1583 ut
1008 1527 1079 1583 talea
1099 1526 1178 1597 primi
1207 1525 1334 1579 meritum
1353 1517 1513 1596 ex'justitia
1527 1527 1661 1586 debitum.
1696 1528 1916 1586 ”Granatensis
1935 1530 1967 1585 in
1980 1532 2047 1602 cpit

342 1609 413 1668 fiant
431 1613 572 1667 novissimi
594 1629 627 1667 ac
645 1622 758 1683 propter
775 1614 934 1684 superbiam
953 1630 1031 1668 suam
1051 1613 1178 1683 rejician·
1207 1627 1282 1666 conc.
1301 1629 1328 1681 p.
1348 1617 1411 1667 til:
1434 1613 1504 1667 Tota
1520 1614 1666 1684 parabola
1678 1611 1731 1669 bac
1740 1617 1918 1685 potieaimam
1928 1625 2047 1688 apertat,

343 1704 397 1753 tur.
432 1697 507 1753 Huic
531 1699 711 1758 admonitioni
737 1700 897 1757 immediate
915 1700 1040 1755 Christus
1066 1698 1180 1770 subjicit
1206 1706 1235 1750 at
1259 1698 1456 1752 liberalitatem
1486 1708 1513 1752 et
1537 1701 1694 1756 libertatern
1713 1703 1833 1757 Domini
1857 1703 1888 1756 in
1905 1705 2048 1760 demea

345 1783 508 1857 parabolam
534 1787 706 1858 eandemque
732 1805 783 1856 per
809 1786 974 1858 particulam
994 1785 1180 1855 elrreloyrmin
1205 1802 1320 1838 eacrrrm
1340 1786 1536 1841 distributione
1556 1790 1771 1845 demonstret.**
1794 1795 1818 1845 6.
1839 1790 2048 1847 Paterfamilias
2062 1793 2118 1835 vm

345 1889 409 1927 cum
445 1872 676 1941 praecedentibus
704 1875 861 1929 connectit:
900 1875 975 1928 Nam
1012 1873 1105 1927 simile
1140 1880 1180 1926 eet
1206 1871 1328 1941 abillis,
1353 1873 1400 1943 qui
1418 1872 1558 1945 integrum
1577 1875 1650 1929 diem
1678 1875 1888 1941 laboraverant,
1913 1877 2047 1949 interpel-

343 1974 460 2026 repnam
490 1960 631 2012 coeloram
662 1962 878 2029 patrifamiliae
910 1966 962 2018 etc.
1009 1959 1087 2015 Neve
1122 1958 1180 2013 ulla
1205 1960 1279 2014 latus
1306 1965 1336 2014 et
1359 1959 1477 2015 liberam
1500 1961 1535 2016 de
1561 1961 1619 2016 suis
1643 1962 1808 2033 disponendi
1835 1962 1999 2019 facultatem
2017 1970 2047 2021 et

344 2051 501 2114 superesset
526 2044 676 2109 dubitatio,
704 2045 777 2101 hauc
799 2047 961 2117 parabolam
985 2046 1124 2117 respicere
1140 2045 1178 2099 ad
1206 2044 1358 2117 gratuitum
1384 2063 1465 2101 sunm
1491 2046 1521 2101 in
1547 2063 1609 2110 eos,
1635 2048 1684 2120 qui
1707 2033 1793 2103 unam
1817 2055 1927 2104 tantum
1947 2049 2046 2106 horam

342 2131 512 2203 praecedens
540 2139 626 2201 capnt
654 2138 693 2189 19.
721 2133 784 2188 ideo
810 2133 860 2188 illa
888 2133 950 2203 ipsa
975 2133 1061 2188 verba
1088 2132 1180 2203 capite
1206 2131 1415 2201 laboraverant,
1449 2133 1571 2189 favorem
1608 2150 1641 2189 ac
1675 2133 1897 2191 benevolentiam
1934 2136 2047 2193 disertis

343 2217 521 2288 praecedenti
540 2218 693 2287 praemissa
713 2217 933 2289 epiphonematis
950 2218 1011 2275 loco
1029 2218 1082 2273 snb
1096 2217 1179 2275 finem
1207 2216 1299 2273 verbis
1315 2217 1434 2289 allegat:
1450 2221 1497 2273 An
1509 2220 1607 2274 aculae
1623 2229 1686 2274 tane
1698 2221 1791 2275 malae
1802 2220 1915 2287 (sivest
1931 2222 2049 2295 vulgata

345 2304 469 2374 ejusdem
493 2309 669 2374 repetuntur:
700 2305 748 2359 Sic
779 2305 925 2359 noeaeimi
948 2313 1028 2358 eram
1046 2305 1139 2375 primi
1154 2313 1180 2359 et
1206 2303 1295 2359 versio
1323 2303 1409 2360 babet
1433 2307 1565 2374 nequeam)
1593 2313 1646 2370 eet,
1672 2309 1750 2377 qnod
1775 2323 1826 2377 apo
1853 2309 1940 2363 bonae
1969 2312 2049 2365 simi

339 2392 431 2461 primi
456 2392 614 2459 sacasani,
642 2409 668 2445 v.
696 2396 736 2447 16.
778 2391 885 2461 Scopas
916 2391 1002 2463 igitur
1029 2389 1180 2462 parabolae
1214 2390 1282 2444 Vola
1300 2399 1393 2444 antem
1411 2391 1476 2445 laic
1494 2392 1643 2447 noradino
1657 2395 1729 2448 dare
1746 2394 1818 2447 sicat
1835 2402 1861 2448 et
1882 2395 1941 2452 tibi.
1970 2395 2048 2469 Ergo

343 2477 479 2547 ostendit,
499 2477 569 2544 illos,
589 2479 637 2549 qui
657 2495 717 2534 sese
734 2478 895 2534 existimant
914 2478 1030 2547 primos,
1049 2476 1097 2548 qui
1117 2494 1180 2532 con·
1208 2492 1280 2545 quae
1300 2476 1455 2531 novissimis
1473 2477 1606 2548 operariis
1621 2479 1703 2533 datnr
1721 2496 1833 2544 merces,
1854 2496 1915 2536 eam
1928 2482 2047 2553 gratiae,

343 2561 436 2618 fidunt
452 2580 482 2619 se
501 2563 626 2634 perfecte
645 2563 803 2634 implevisse
825 2564 915 2635 legem
933 2579 967 2617 ac
980 2563 1037 2616 suia
1050 2562 1180 2633 operibus
1209 2560 1340 2616 bonitatis
1366 2568 1396 2617 et
1419 2563 1600 2636 benignitatis
1627 2580 1688 2619 esso
1716 2583 1772 2621 non
1789 2565 1907 2621 obscure
1933 2567 2048 2624 demon·

344 2648 429 2704 vitam
451 2658 593 2704 aeternam
611 2649 760 2719 promereri
783 2666 876 2718 posse,
893 2666 985 2704 coram
1004 2649 1058 2703 Dei
1072 2648 1181 2719 judicio
1208 2655 1286 2705 strat
1328 2655 1351 2705 6.
1376 2651 1464 2705 Arete
1487 2651 1575 2722 igitur
1596 2652 1733 2706 tenendus
1760 2659 1802 2707 est
1820 2651 1865 2706 hic
1894 2653 2048 2723 parabolae
2074 2670 2092 2713 a

343 2752 404 2793 esse
423 2737 601 2805 novissimos3
619 2752 651 2789 ac
671 2735 787 2805 proinde
806 2736 878 2791 hanc
894 2735 1058 2806 parabolam
1076 2723 1180 2789 meiitis
1208 2749 1309 2805 scopas
1336 2735 1399 2806 ipsa
1430 2736 1533 2791 Christi
1561 2737 1747 2808 applicatione
1775 2737 1842 2793 satis
1868 2736 2048 2809 perspicuus}

344 2839 458 2895 opernm
489 2822 594 2876 directe
612 2821 768 2892 oppositam
798 2839 875 2888 esse,
905 2829 1013 2876 tantum
1031 2820 1124 2888 abest,
1150 2828 1182 2875 nt
1208 2823 1283 2876 ultra
1302 2821 1375 2877 bunc
1394 2840 1507 2893 soopmn
1526 2824 1571 2879 vel
1591 2824 1855 2880 etiamcontraeum
1869 2832 2049 2895 praesentem

343 2909 441 2965 udam
465 2907 591 2963 stabilire
612 2908 767 2979 judicanda
790 2908 834 2962 sit.
880 2913 905 2964 t.
929 2906 962 2961 Id
984 2908 1075 2979 ipsum
1100 2907 1181 2962 docet
1208 2906 1370 2977 parabolem
1388 2909 1425 2963 ad
1442 2924 1557 2980 operum
1574 2910 1672 2965 merita
1685 2910 1857 2982 detorquere,
1875 2910 2048 2967 necBellar·

343 2993 462 3067 emesa
479 2993 637 3066 parabolae.
685 2994 738 3061 Qui
761 2995 834 3050 enim
856 3011 940 3049 unam
958 3000 1067 3050 tantum
1085 2994 1180 3049 boram
1208 2994 1291 3059 mino,
1309 3010 1360 3048 uec
1376 2993 1426 3048 ulli
1442 2994 1583 3050 hominum
1600 2995 1643 3050 ias
1661 3002 1711 3060 est,
1730 2996 1800 3050 alias
1816 2997 1906 3052 multa
1922 2998 2048 3055 absurda

342 3080 372 3137 in
403 3081 487 3137 vinea
513 3080 723 3145 laboraverant,
752 3082 847 3152 sicque
877 3081 1022 3137 umatum
1051 3081 1178 3136 diurnum
1207 3080 1272 3136 inde
1297 3088 1484 3137 nascerentur.
1527 3080 1710 3137 Commendat
1731 3083 1917 3138 Bellarminus
1945 3082 2046 3142 Hiero-

344 3176 417 3237 (non‘
431 3169 485 3223 nisi
504 3169 589 3224 totins
609 3169 663 3224 diei
683 3168 770 3225 labori
783 3168 920 3237 debitum)
939 3168 1079 3239 promeriti
1092 3168 1179 3223 baud·
1206 3166 1283 3237 nymi
1303 3165 1351 3222 lib.
1372 3172 1395 3221 l.
1415 3166 1522 3223 advers.
1540 3166 1678 3223 Jovinian
1709 3168 1860 3241 Augustini
1885 3169 1921 3225 de
1943 3170 2045 3244 rirgiru

344 3262 602 3330 quinquenarius,
628 3272 680 3311 nec
708 3256 742 3311 de
766 3255 897 3325 operibus
922 3255 978 3310 suis
1005 3272 1179 3326 praesumere
1206 3268 1230 3309 e.
1251 3257 1291 3307 26.
1311 3269 1428 3308 sermon.
1441 3258 1483 3308 66.
1501 3253 1537 3309 de
1552 3252 1628 3310 verb.
1646 3254 1773 3322 Domini,
1802 3253 1931 3327 Gregorii
1943 3255 2006 3313 libr.
2020 3265 2046 3317 t.

342 3343 392 3412 rel,
405 3343 528 3399 debitam
545 3343 666 3414 aliquam
685 3341 839 3397 mercedem
851 3342 962 3413 exigere
975 3346 1111 3412 poterant,
1124 3340 1179 3395 illis
1207 3338 1352 3393 moralium
1374 3355 1399 3393 c.
1425 3344 1466 3395 tt.
1494 3345 1523 3394 et
1545 3338 1662 3393 aliorum
1684 3340 1800 3395 Petrum
1823 3342 2046 3414 explicationem,

341 3446 398 3488 non
424 3430 515 3484 minus
544 3429 627 3483 datur
650 3429 759 3499 integer
788 3427 932 3491 denarius,
958 3444 1041 3498 quam
1059 3427 1106 3498 qui
1125 3427 1179 3482 diei
1206 3424 1255 3495 qui
1271 3442 1326 3495 per
1345 3426 1493 3496 operarios
1505 3426 1619 3496 primae
1637 3427 1722 3480 dorae
1736 3426 1854 3483 Abelem
1876 3427 2046 3501 armenum,

342 3517 452 3589 pondm
482 3521 512 3570 et
542 3521 650 3570 aestum
677 3512 861 3584 pertulerant;
892 3530 925 3568 ex
951 3530 1006 3584 quo
1036 3513 1179 3569 manifeste
1200 3530 1257 3581 per
1284 3513 1432 3582 operarias
1461 3514 1548 3567 borae
1571 3514 1671 3567 tertiae
1697 3512 1841 3569 Enochum
1859 3520 1889 3569 et
1905 3515 2045 3582 Noahnm,

343 3610 519 3675 apparator
538 3604 637 3674 grstia,
658 3609 824 3657 nouantem
843 3599 1176 3673 propterlaborisdigni·
1202 3616 1257 3668 per
1294 3601 1442 3669 operariae
1477 3607 1572 3653 satae
1612 3598 1817 3668 Abrahamnm,
1851 3600 1981 3657 hunum
2017 3610 2046 3661 et

342 3696 430 3746 tatem
452 3690 586 3761 operariis
614 3689 770 3744 mercedem
796 3687 882 3743 fuisse
911 3688 1013 3743 datam.
1059 3688 1103 3742 lta
1130 3705 1179 3742 nos
1204 3684 1352 3755 iacobum,
1374 3703 1432 3755 per
1449 3686 1595 3756 operarios
1607 3704 1697 3740 nonae
1714 3685 1830 3757 Moysen
1845 3688 2044 3760 etpropbetas,

342 3776 473 3850 colligere
492 3776 586 3834 docuit
596 3774 716 3845 Prosper
734 3774 781 3829 lib.
805 3782 826 3831 1.
845 3776 880 3830 de
898 3775 1042 3830 vocatione
1054 3774 1178 3848 gentium
1203 3790 1257 3841 per
1281 3773 1430 3843 operariae
1457 3772 1545 3826 dorae
1562 3773 1726 3826 undecimae
1746 3772 1880 3843 populum
1898 3775 2043 3845 gentinm3

342 3878 366 3918 ο.
387 3870 431 3918 ll:
456 3864 528 3917 Ideo
555 3864 585 3916 in
606 3863 752 3933 parabola
779 3863 815 3915 de
841 3861 899 3926 bie,
933 3864 984 3933 qai
1001 3864 1131 3917 labmant
1149 3864 1179 3916 in
1204 3875 1257 3928 per
1275 3860 1423 3913 &nariam
1450 3875 1515 3913 vero
1534 3859 1619 3913 vitam
1637 3865 1777 3913 aeternam
1804 3859 1930 3932 plerique
1948 3876 2044 3917 omnes

343 3951 439 4011 cinea,
473 3950 560 4002 datar
593 3951 668 4003 idem
698 3949 858 4018 praemium
892 3952 1046 4018 eademqne
1076 3966 1180 4003 mercer
1205 3945 1374 4018 intelligunt.
1416 3944 1456 4000 At
1478 3962 1562 4016 quam
1580 3944 1701 4015 proclive
1725 3951 1768 3999 est
1785 3945 1885 4001 multae
1904 3946 2044 4004 dissimili·

344 4038 470 4095 omns'dae
488 4038 637 4108 apereriie,
655 4037 712 4090 eive
729 4035 853 4102 maltrrm,
873 4035 930 4088 eice
943 4053 1049 4105 param
1067 4036 1180 4091 labora·
1205 4033 1316 4088 tudines
1328 4033 1357 4086 in
1370 4032 1424 4087 hac
1438 4032 1624 4103 explicatione
1635 4032 1787 4097 ostendere,
1808 4032 1907 4105 siquis
1918 4035 2044 4091 membra

342 4127 440 4193 serint,
458 4132 488 4177 nt
506 4125 537 4192 ii,
554 4124 605 4193 pai
619 4123 706 4177 multo
720 4121 818 4176 labore
833 4124 981 4189 caelarunt,
995 4139 1044 4175 nec
1057 4124 1179 4193 amplias
1206 4121 1318 4193 singula
1336 4119 1524 4191 scrupulosius
1543 4119 1610 4173 velit
1620 4118 1740 4192 urgere?
1763 4119 1872 4175 sienim
1884 4136 1935 4190 per
1946 4137 2043 4191 opera·

343 4229 427 4284 pram
445 4211 591 4265 naemeime'
612 4216 791 4280 acceperant,
818 4208 996 4277 irrumpant,
1023 4210 1127 4263 donam
1150 4227 1179 4263 sc
1205 4208 1261 4263 rios
1290 4208 1397 4279 primae
1429 4208 1513 4262 horae
1543 4206 1738 4278 intelliguntur
1771 4207 1843 4262 Abel
1872 4214 1902 4261 et
1932 4206 2043 4274 Sethus,

341 4298 461 4367 gratiae,
480 4314 535 4350 non
555 4313 669 4364 opernm
688 4296 829 4364 accepieee
849 4297 1011 4349 mercedem.
1045 4296 1181 4366 Agnoscit
1207 4311 1377 4365 consequens
1402 4294 1499 4358 fuerit,
1525 4311 1571 4349 eos
1590 4294 1620 4348 in
1640 4294 1712 4348 falsa
1737 4292 1786 4348 illa
1803 4294 1934 4364 opinione
1953 4294 2043 4350 haesi·

342 4383 397 4439 hoo
415 4381 620 4454 quodammodo
636 4382 696 4450 ipse
715 4381 915 4448 Bellarminus,
934 4380 973 4435 sie
991 4382 1064 4436 euim
1083 4381 1181 4436 scribit
1205 4388 1295 4450 turos,
1325 4380 1400 4452 quod
1429 4382 1493 4451 plus
1519 4380 1575 4434 sint
1601 4379 1742 4449 accepturi
1770 4396 1853 4452 qnam
1880 4378 1979 4436 fideles
2009 4398 2044 4439 ex

342 4469 391 4526 lib.
409 4475 432 4526 9.
450 4469 485 4524 de
500 4466 645 4540 justificat.
666 4484 689 4521 e.
712 4472 749 4521 16.
769 4471 792 4531 t.
814 4474 846 4522 l:
864 4469 930 4522 Non
946 4469 1021 4534 facit
1040 4470 1121 4522 Dens
1138 4469 1179 4522 in·
1206 4467 1336 4540 gentibus
1358 4468 1466 4537 vocati3
1488 4468 1598 4522 eoadem
1625 4474 1722 4521 contra
1745 4465 1972 4537 patremfamilias
1989 4467 2042 4523 sub

326 4551 452 4627 ''jarrism
471 4556 504 4623 ei,
524 4556 572 4608 cai
588 4555 710 4609 debitam
719 4557 875 4608 mercedem
890 4555 1028 4618 reddidit,
1044 4555 1180 4624 ciperem
1206 4571 1350 4626 vesperam
1375 4554 1430 4609 diei
1454 4560 1685 4616 murmuraturos3
1707 4553 1810 4609 vixisse
1826 4567 1874 4608 eos
1897 4552 1934 4607 ad
1959 4553 2044 4610 finem

341 4643 386 4699 rel
405 4645 542 4713 majorem
561 4642 648 4695 alteri
665 4656 699 4694 ee
717 4640 884 4707 benipnr'tate
903 4642 1058 4697 donaverit.
1088 4639 1135 4695 lib.
1156 4648 1180 4697 6.
1206 4659 1295 4713 usquo
1322 4641 1435 4711 mundi3
1460 4641 1559 4695 iisdem
1583 4657 1600 4693 a
1625 4639 1827 4710 patrefamilias
1845 4639 1943 4709 tribui,
1967 4641 2044 4713 quod

343 4729 379 4787 de
400 4729 545 4804 justificat
570 4744 594 4781 c.
616 4732 654 4784 19.
681 4731 705 4791 15.
723 4734 752 4780 5:
783 4727 834 4781 Ad
858 4729 927 4781 laec
954 4727 1057 4781 Mattb.
1078 4729 1124 4781 20.
1148 4728 1179 4781 in
1206 4729 1329 4784 habeant
1353 4727 1464 4782 oculum
1488 4744 1608 4798 nequam
1625 4732 1677 4781 etc.
1721 4725 1751 4782 Si
1767 4745 1817 4799 per
1836 4726 1982 4782 denarium
2001 4729 2044 4784 in·

337 4818 483 4887 parabola
507 4817 605 4868 cineae
633 4812 782 4877 manifeste
810 4814 953 4877 videmos,
984 4814 1080 4868 maltis
1111 4815 1181 4869 dari
1207 4816 1342 4888 telligitur
1361 4814 1419 4869 vita
1437 4822 1557 4883 aeterna,
1576 4828 1749 4884 consequens
1763 4813 1855 4878 fuerit,
1873 4814 1957 4869 etiam
1969 4831 2044 4871 mar·

341 4904 479 4973 intepretes
508 4902 657 4954 denariam
684 4900 831 4968 diurnam,
858 4917 918 4954 cam
941 4908 1033 4955 tamen
1056 4919 1113 4955 non
1138 4904 1179 4955 in·
1206 4902 1380 4957 morantibus
1393 4906 1491 4955 contra
1499 4899 1610 4956 DEUM
1624 4899 1784 4971 contingere
1792 4899 1878 4955 vitam
1888 4908 2045 4968 aeternam

342 4998 448 5060 teprnm
476 4989 551 5042 diem
575 4988 605 5039 in
631 5002 715 5056 opere
737 4986 869 5051 facerent.
907 4988 998 5057 Atqui
1019 4990 1051 5041 td
1071 5006 1128 5042 non
1146 5006 1179 5042 ee
1206 4989 1267 5059 pios
1293 5006 1342 5059 per
1369 4988 1508 5058 integrum
1534 4986 1607 5041 diem
1631 4985 1789 5041 laborantes
1814 4988 1904 5057 majus
1929 4988 2044 5060 aliquod

340 5077 465 5146 iustitie,
504 5073 557 5126 red
584 5089 616 5125 ee
641 5072 815 5125 liberalitate
847 5074 955 5134 factam
981 5091 1039 5128 esre
1069 5074 1178 5129 indicat
1206 5091 1321 5144 operum
1338 5090 1451 5128 suorum
1471 5072 1623 5142 praemium
1640 5072 1796 5143 postulare,
1822 5089 1906 5145 qnam
1924 5080 1967 5129 est
1983 5074 2045 5131 vita

342 5164 483 5217 Dominae
508 5160 553 5214 bie
576 5157 680 5212 rerba:
710 5158 779 5211 Volo
799 5159 864 5212 isaie
883 5162 969 5229 dare,
993 5161 1065 5214 sicat
1082 5168 1110 5213 et
1125 5161 1180 5220 tibi
1205 5167 1331 5229 aeterna3
1350 5161 1436 5214 vitam
1449 5168 1590 5215 aeternam
1608 5160 1667 5214 dari
1679 5160 1721 5229 iis,
1739 5161 1788 5231 qui
1803 5169 1859 5216 non
1873 5166 1939 5214 sunt
1951 5160 2043 5228 electi,

342 5254 394 5308 etc.
433 5247 481 5303 lib.
502 5252 526 5301 t.
547 5246 581 5300 de
600 5242 692 5315 gratia
717 5250 745 5297 et
764 5243 812 5299 lib.
831 5243 910 5300 arbit.
928 5262 952 5302 c.
970 5251 994 5300 9.
1025 5249 1049 5314 ξ.
1071 5252 1100 5302 6:
1122 5247 1178 5300 Ae·
1205 5248 1288 5303 iidem
1307 5247 1380 5303 enim
1399 5253 1464 5300 sunt
1481 5246 1578 5317 primi,
1603 5247 1651 5317 qui
1669 5264 1725 5302 non
1742 5245 1824 5302 electi
1841 5246 1871 5301 iu
1890 5247 1943 5302 bac
1961 5264 2043 5319 para·

341 5336 432 5405 ceptio
449 5349 641 5402 perrenorum
664 5331 761 5384 citiam
786 5338 826 5382 eet
851 5339 951 5386 contra
969 5332 1128 5401 jratitiam,
1153 5341 1179 5387 et
1205 5333 1286 5404 bola,
1312 5333 1415 5405 quippe
1442 5331 1670 5405 quemchristus
1700 5331 1841 5387 concludit
1863 5332 1906 5387 his
1931 5335 2043 5391 verbis:

340 5421 406 5475 ideo
423 5420 516 5475 locum
533 5436 590 5472 nan
607 5417 688 5471 babet
705 5418 735 5470 a'n
754 5416 837 5470 donis
854 5418 974 5487 pratiae.
1008 5418 1046 5473 Et
1062 5425 1176 5489 postea:
1207 5420 1256 5475 Sic
1275 5420 1420 5475 nooiees'mi
1438 5427 1517 5473 errent
1531 5419 1624 5490 primi
1639 5426 1666 5472 et
1677 5419 1770 5488 primi
1785 5419 1943 5489 novissimi,
1961 5422 2046 5477 multi

341 5505 404 5561 Ino
432 5507 545 5573 inipso
564 5505 680 5575 judicio
698 5502 824 5573 qrsamcie
850 5505 976 5574 acceptia
988 5522 1178 5574 personarum
1205 5508 1279 5562 enim
1298 5513 1363 5559 eant
1381 5506 1489 5567 vocati,
1509 5506 1602 5575 pauci
1617 5522 1682 5559 uere
1702 5504 1789 5560 electi.
1831 5512 1854 5562 7.
1873 5505 2043 5565 Concinnins

341 5600 412 5650 met
427 5592 518 5646 elicui
530 5594 623 5646 minae
636 5591 797 5664 praemium
814 5592 894 5660 dare,
918 5593 1176 5663 paamjmtojadi·
1204 5610 1271 5666 ergo
1289 5593 1363 5648 idem
1382 5592 1568 5663 Hieronymus
1586 5592 1615 5646 in
1634 5609 1656 5648 c.
1677 5598 1718 5647 20.
1737 5590 1836 5649 Mattb.
1857 5591 1930 5649 idem
1945 5595 2043 5668 Augu·

341 5681 385 5736 cio
401 5686 553 5744 mentiar,
577 5680 620 5732 nel
638 5677 746 5748 maj0ri
769 5677 910 5747 supplicio
929 5679 1065 5746 officere,
1093 5696 1177 5749 qnam
1204 5683 1293 5736 stinm
1311 5697 1391 5735 serm
1412 5686 1454 5735 69.
1472 5680 1508 5734 de
1525 5686 1609 5751 temp.
1628 5678 1702 5734 idem
1720 5677 1872 5751 Gregorius
1892 5680 1984 5737 homil
2001 5690 2041 5741 19.

341 5765 445 5836 ἅμα
465 5765 502 5818 eit
528 5780 609 5832 ream
636 5773 728 5818 tamen
750 5764 778 5818 ri
802 5765 891 5818 alicui
907 5765 1000 5834 majas
1015 5766 1177 5834 praemium
1204 5768 1233 5821 in
1251 5766 1378 5839 evangel.
1407 5766 1501 5823 etalii
1521 5782 1555 5821 er
1573 5764 1713 5821 veteribus
1730 5764 1767 5820 ad
1785 5774 1904 5824 aetatem
1921 5767 2042 5827 hominis

341 5860 391 5911 eret
417 5852 552 5908 marera
576 5865 701 5919 poenam
728 5852 800 5905 dare
825 5850 958 5919 voluerit,
977 5869 1032 5905 nen
1055 5852 1109 5905 erit
1129 5869 1177 5905 ae·
1203 5852 1367 5925 parabolam
1386 5853 1539 5926 applicant,
1552 5869 1609 5923 per
1625 5853 1725 5909 terea
1739 5855 1865 5924 primam
1881 5855 2043 5929 intelligunt

341 5946 439 6011 ceptor
457 5935 663 6012 peimaarem,
688 5936 802 5991 etiarm
822 5937 856 5992 id
877 5953 934 5992 aaa
958 5955 1021 5992 cam
1049 5937 1177 5993 masiae
1204 5939 1366 6011 persidam,
1388 5957 1444 6011 per
1464 5940 1576 5995 aream
1605 5938 1833 6011 adolescentiam,
1857 5958 1911 6013 per
1935 5951 2043 6000 meas
