4800 6659
415 751 453 807 54
1005 742 1129 803 Locus
1146 742 1316 803 DECIMUS
1334 744 1521 805 summus

284 905 363 949 stans
447 902 489 954 88.
524 897 577 953 His
600 897 937 970 praesuppositis'statum
957 900 1125 972 quaestionis
1143 895 1243 955 forma·
1268 915 1374 954 ornans
1399 919 1450 956 nos
1476 903 1531 956 sibi
1556 903 1647 972 mapis
1672 904 1793 959 devincit
1811 911 1837 958 et
1856 905 1988 959 obnomos
2005 903 2104 958 reddit

283 958 510 1053 gambinus.
544 984 729 1041 Bellarmiuus
750 985 797 1039 lib.
823 992 846 1040 5.
871 985 904 1040 do
924 984 1013 1057 justif.
1037 1004 1060 1043 c.
1088 992 1110 1041 1.
1134 991 1242 1041 seuten-
1267 1002 1320 1039 suo
1345 987 1538 1058 beneficentia,
1563 991 1631 1059 quia
1653 990 1684 1043 in
1707 991 1787 1044 nobis
1807 1000 1925 1044 coronat
1943 1008 1997 1044 sua
2017 992 2103 1051 dona

412 1068 479 1124 tiam
497 1068 702 1125 Catholicorum
721 1070 954 1141 (Romanensium)
973 1070 1047 1127 hauc
1061 1088 1122 1127 esso
1133 1071 1242 1127 scribit:
1266 1087 1323 1124 non
1343 1082 1441 1127 nostra
1463 1074 1579 1139 merita,
1604 1083 1636 1129 ut
1657 1076 1688 1130 in
1705 1075 1786 1130 abbis
1802 1078 1834 1132 iss
1852 1085 1998 1132 astmnum
2016 1083 2103 1129 metet

410 1156 506 1227 Opera
519 1158 591 1211 bona
602 1158 746 1227 jusstorum
765 1175 828 1212 uere
846 1159 1007 1229 acproprie
1020 1175 1078 1213 esse
1091 1160 1201 1224 merita,
1215 1165 1241 1211 et
1268 1158 1389 1212 materia
1423 1160 1608 1231 plarificandi
1640 1180 1740 1218 nomen
1774 1164 1865 1234 ipsius
1891 1169 1942 1220 ata
1993 1162 2102 1218 Eadm

408 1244 509 1298 merita
530 1261 586 1299 non
610 1246 797 1314 cujuscunque
814 1245 952 1316 praemii,
981 1247 1034 1299 sed
1055 1245 1145 1314 ipsim
1166 1245 1241 1299 uitae
1266 1259 1350 1298 seusu
1377 1246 1473 1302 scribit
1491 1246 1666 1305 chomuicius
1689 1249 1719 1304 iu
1743 1266 1830 1305 eram
1855 1248 1953 1305 concil
1971 1248 2101 1304 Trident.

409 1336 547 1384 ommnoe.
583 1330 716 1386 statuunt
743 1329 829 1402 igitur
855 1336 877 1387 1.
894 1336 1005 1387 renatos
1029 1330 1087 1386 suis
1109 1329 1241 1402 operibus
1265 1346 1288 1384 c.
1306 1330 1342 1386 de
1360 1332 1464 1388 meritis
1480 1349 1608 1405 operum:
1627 1336 1766 1391 limnissio
1783 1345 1979 1405 peccatorum,
2002 1352 2101 1390 racon-

410 1431 467 1470 uon
492 1420 599 1471 mutum
620 1416 742 1488 praemia
759 1416 958 1488 accidentalis,
984 1417 1032 1472 sed
1051 1416 1138 1487 ipsam
1157 1417 1240 1471 etiam
1265 1415 1375 1471 caliatio
1397 1436 1459 1473 cum
1484 1421 1565 1489 Deo,
1591 1422 1725 1493 adoptio,
1750 1424 1828 1477 salus
1851 1430 1879 1477 st
1901 1424 1960 1477 nita
1982 1430 2102 1476 actm

408 1499 495 1557 ritum
514 1508 655 1557 ueternum
673 1504 837 1574 promereri;
858 1508 880 1558 2.
899 1501 1022 1574 praemia
1039 1502 1088 1557 ills
1105 1502 1165 1557 dari
1184 1519 1240 1556 uon
1264 1521 1320 1557 non
1332 1507 1459 1573 penderat
1475 1521 1509 1559 ea
1524 1507 1629 1561 uostris
1645 1508 1760 1576 meritis,
1778 1512 1831 1564 sed
1847 1511 1990 1565 donantur
2008 1508 2102 1578 pran's

408 1601 441 1641 ax
465 1588 588 1659 gratuitu
606 1587 660 1644 Dei
685 1589 826 1659 bonitate,
850 1589 899 1646 sed
919 1606 952 1645 ox
973 1588 1082 1659 debito,
1103 1588 1179 1660 quod
1196 1604 1240 1641 re·
1262 1596 1383 1660 proptor
1406 1592 1534 1646 meritum
1557 1600 1584 1648 st
1606 1596 1791 1649 obedientiam
1814 1597 1889 1651 bitti
1910 1598 1970 1651 Dei
1992 1602 2021 1650 et
2043 1595 2102 1660 ride

407 1679 539 1727 morum
563 1674 694 1746 operibus
712 1675 786 1729 nibil
814 1675 899 1739 desit,
937 1675 1083 1745 quominus
1115 1675 1173 1743 leps'
1197 1675 1239 1728 di·
1265 1676 1454 1745 accipiuntur.
1485 1678 1544 1733 Sed
1559 1681 1590 1733 in
1601 1682 1792 1736 reconciliatis
1801 1689 1904 1752 postca
1917 1683 2101 1751 bonoopera,

405 1757 489 1812 sinae
510 1776 568 1829 pro
594 1760 680 1829 bajus
705 1761 778 1815 uitae
804 1768 880 1814 statu
905 1761 991 1831 plene
1017 1760 1190 1825 satisfecisse
1214 1768 1240 1812 et
1265 1777 1327 1813 cum
1340 1762 1477 1832 placeant
1495 1767 1551 1824 ride
1565 1776 1685 1838 propter
1697 1768 1889 1834 mediatorem,
1907 1768 2007 1821 babent
2016 1783 2101 1837 proc

406 1844 492 1900 uitam
509 1854 653 1900 aete-mm
670 1862 734 1900 uere
749 1848 939 1916 promeruisse
955 1855 1134 1915 censeantur,
1151 1852 1183 1901 ut
1200 1845 1239 1900 lo·
1265 1847 1324 1900 mia
1343 1850 1510 1918 spiritualia
1534 1860 1561 1905 et
1585 1854 1749 1921 corporalia
1774 1853 1805 1907 in
1830 1854 1883 1907 bac
1906 1854 1964 1907 uita
1991 1860 2017 1906 et
2030 1861 2101 1921 post

407 1930 501 2002 quitur
530 1931 627 1987 concil.
648 1930 774 1990 liidont.
802 1949 826 1988 c.
853 1938 893 1989 to.
921 1939 950 1988 ct
975 1949 1036 1989 cam
1059 1938 1100 1989 11.
1124 1949 1188 1988 scas.
1213 1936 1238 1987 6.
1265 1932 1338 1987 banc
1360 1936 1461 2000 mam,
1485 1937 1569 2007 ιἰιᾳιισ
1590 1955 1623 1991 ea·
1641 1940 1769 2008 pratuita
1784 1939 1972 2009 promissione
1990 1940 2102 2007 diuina,

406 2016 621 2089 *stapletonus
643 2018 673 2074 in
684 2024 804 2091 prompt.
818 2018 914 2074 morali
931 2037 959 2090 p.
978 2024 1036 2076 311.
1061 2017 1238 2075 anathemato
1265 2036 1321 2072 non
1342 2024 1420 2090 quod
1435 2025 1515 2077 Deus
1534 2033 1655 2095 propter
1667 2025 1870 2095 perfectionem
1888 2033 1915 2079 et
1933 2025 2101 2093 dipnstatem

406 2104 469 2160 illos
485 2102 557 2171 ferit,
574 2105 622 2177 qui
642 2122 758 2177 operum
774 2110 879 2177 nepot
896 2104 1023 2160 meritum
1041 2111 1069 2160 ct
1085 2120 1170 2176 opera
1189 2119 1237 2174 ap·
1264 2112 1422 2161 nostrorum
1445 2126 1561 2178 operum
1581 2112 1619 2163 sit
1641 2111 1762 2180 debitor,
1783 2112 1836 2164 sed
1853 2112 1922 2181 quic
1941 2128 1974 2166 aa
1991 2111 2101 2163 miseri·

405 2190 513 2266 pellant
540 2191 781 2260 cucharistics)”
820 2191 894 2246 Huic
924 2191 1053 2262 opposita
1076 2196 1118 2247 est
1140 2190 1239 2261 Auga-
1266 2192 1367 2246 cordia
1402 2201 1430 2248 ct
1456 2203 1580 2264 paterna
1608 2197 1779 2251 liberalitate
1806 2205 1926 2267 propter
1957 2194 2100 2250 Christum

406 2285 505 2336 amat
522 2276 702 2334 mutasionis
718 2277 863 2346 contentia,
883 2294 966 2350 quam
977 2278 1161 2333 Ballarmiuus
1177 2276 1239 2331 loco
1261 2279 1393 2346 promisit
1420 2296 1449 2335 sc
1467 2282 1606 2351 praemiis
1633 2291 1811 2348 ornaturum,
1835 2285 1961 2352 mmsis
1984 2282 2101 2336 incboa·

408 2365 483 2423 dicto
511 2364 554 2420 his
580 2364 673 2421 vorbis
703 2365 816 2422 recitat:
849 2363 997 2433 Confessio
1019 2363 1186 2433 Aupustana
1215 2370 1239 2415 et
1266 2371 1331 2433 tam,
1348 2366 1524 2436 lanpus'dam,
1543 2369 1736 2440 imperfectam
1753 2372 1963 2426 ctimmundam
1973 2370 2101 2436 filiorum

408 2453 543 2524 apologia
560 2458 614 2507 ort.
634 2454 681 2509 ib.
703 2452 808 2521 dicunt,
826 2467 913 2521 opera
932 2452 1005 2505 bonu
1017 2452 1160 2519 justorum
1174 2448 1239 2519 pla
1265 2467 1378 2505 suorum
1402 2454 1434 2507 in
1456 2454 1508 2508 bac
1525 2457 1584 2509 uita
1601 2458 1795 2512 obedientiam
1831 2461 1871 2513 Et
1890 2458 1961 2512 illae
1975 2460 2100 2528 promis-

407 2557 469 2595 cere
492 2540 557 2593 Deo
583 2546 609 2592 et
633 2554 691 2593 csse
714 2537 861 2592 meritoria
883 2536 1082 2607 praemiorum.
1125 2534 1184 2589 Sed
1205 2550 1239 2587 ne
1265 2536 1358 2591 sianes
1376 2540 1476 2593 debent
1494 2541 1525 2593 in
1542 2542 1649 2595 renatis
1666 2544 1789 2599 eacimre
1805 2546 1931 2599 studium
1949 2546 2014 2599 bene
2033 2560 2100 2614 ape·

406 2627 557 2681 rideantur
583 2624 695 2679 omnino
714 2624 867 2679 consentire
885 2622 1026 2693 Papistis,
1052 2623 1163 2677 addunt
1182 2622 1239 2674 dua
1266 2624 1360 2692 randi,
1390 2626 1456 2680 inde
1484 2628 1557 2681 anim
1583 2629 1779 2699 intellipimus,
1807 2647 1891 2700 msam
1908 2638 1994 2698 prata
2012 2631 2101 2685 Patri

287 2721 349 2766 vm.
360 2720 394 2768 ιι.
407 2704 636 2783 temperamenta,
658 2728 775 2782 quorum
796 2728 881 2764 unum
905 2715 959 2775 est,
984 2725 1071 2778 opera
1090 2708 1163 2763 bona
1181 2723 1240 2760 csse
1266 2710 1380 2764 coelesti
1395 2713 1432 2766 sit
1447 2714 1571 2780 tilianam
1589 2716 1790 2786 qualiscunque
1807 2717 1869 2786 illo,
1887 2733 1971 2787 quam
1987 2716 2100 2786 Spiritu

407 2797 554 2854 meritoria
563 2797 765 2869 praemiorum
789 2794 987 2867 temporalium
1003 2802 1031 2848 et
1046 2793 1239 2864 spiritualium
1265 2814 1288 2850 s.
1306 2798 1461 2853 deducente
1482 2802 1513 2854 in
1534 2801 1588 2854 bac
1606 2801 1665 2855 nita
1681 2803 1732 2856 ansb
1750 2803 1801 2857 boc
1820 2803 2000 2873 corruptibili
2014 2820 2100 2857 onere

408 2886 439 2943 ln
467 2886 521 2943 bas
550 2886 607 2941 nita
639 2891 666 2940 et
693 2884 726 2939 in
748 2884 863 2954 futura,
895 2885 947 2937 sed
969 2898 1027 2936 non
1051 2880 1142 2951 ipsius
1166 2881 1240 2934 uitae
1265 2884 1362 2938 carnis
1388 2885 1521 2940 inchoant
1552 2888 1754 2958 obedientiam,
1783 2895 1814 2942 ut
1849 2906 1933 2958 cuam
1962 2889 2101 2958 moeniis

407 2982 434 3029 st
455 2974 558 3030 solans
585 2981 733 3042 aeternas,·
768 2972 887 3027 alterum
915 2975 1158 3041 temperamentum
1188 2974 1239 3036 est,
1263 2970 1460 3040 spiritualibus
1488 2980 1515 3026 et
1542 2974 1753 3045 corporalitas,
1779 2992 1850 3044 quae
1880 2992 1933 3029 sua
1959 2975 2100 3043 dipnitate

407 3075 496 3130 mera
524 3060 667 3131 justorum
699 3077 756 3114 non
790 3074 849 3114 esse
879 3057 1025 3112 meritoria
1056 3073 1090 3111 ec
1115 3057 1239 3125 propria
1264 3076 1320 3111 non
1349 3067 1483 3129 meretum,
1514 3077 1547 3114 ec
1574 3061 1670 3129 pratia
1698 3068 1725 3113 et
1757 3061 1955 3114 misericordia
1976 3070 2100 3131 propter

407 3148 558 3221 dipnitate,
580 3147 664 3218 quasi
684 3163 716 3201 re
739 3164 806 3202 uera
822 3145 879 3200 sint
895 3144 979 3214 justa
1005 3152 1031 3199 et
1047 3142 1105 3212 lapi
1120 3142 1238 3210 satisfa-
1264 3144 1371 3198 Filium
1396 3163 1498 3200 ornare
1515 3148 1588 3202 uelit.
1625 3149 1665 3202 Et
1687 3149 1718 3200 in
1734 3148 1806 3202 basac
1824 3148 1988 3201 sententiam
2005 3150 2100 3201 nostri

407 3235 499 3305 ciant,
521 3238 574 3290 sed
592 3252 625 3289 ec
637 3235 699 3305 fids
716 3241 742 3287 et
760 3232 939 3301 indulpentia
957 3230 1030 3299 Dei,
1056 3229 1124 3299 quia
1138 3226 1238 3281 uideli-
1264 3233 1347 3286 etiam
1365 3250 1385 3285 a
1401 3233 1534 3287 uocabulo
1551 3234 1647 3288 meriti
1663 3252 1720 3289 non
1740 3234 1906 3301 abborrent,
1924 3233 1996 3287 sicat
2012 3236 2097 3289 stiam

407 3330 449 3376 cst
467 3323 549 3376 Deus
574 3322 624 3386 iis,
654 3320 705 3391 qui
720 3321 852 3396 credunt,
878 3317 933 3370 sibi
954 3315 1073 3369 remisso
1097 3331 1155 3369 esse
1170 3329 1237 3384 pec·
1259 3317 1392 3387 patribus
1415 3320 1548 3373 mooun
1567 3320 1635 3385 fuit.
1675 3320 1810 3373 Praemia
1835 3319 1907 3373 enim
1927 3321 2098 3389 promittim-

407 3417 484 3479 ccta,
511 3407 690 3476 indrdpentia
714 3423 768 3459 sua
792 3405 858 3474 tepit
882 3420 994 3473 operum
1017 3402 1186 3467 foeditatem
1212 3407 1237 3454 ct
1264 3413 1309 3457 tur
1332 3422 1365 3458 ea
1387 3406 1483 3475 pratia
1505 3414 1531 3459 et
1558 3406 1771 3475 misericordia,
1795 3422 1851 3459 non
1875 3413 1967 3459 tamen
1990 3408 2101 3461 dantoe

406 3495 447 3548 sic
470 3493 588 3565 accipit,
612 3492 696 3563 moa
712 3492 795 3561 justa
818 3498 914 3545 essent.
955 3487 1142 3561 Agnoscimus
1162 3492 1237 3542 recte
1264 3490 1362 3545 otiosis
1380 3491 1423 3544 ael
1437 3486 1514 3544 'male
1531 3491 1684 3559 apsntibus,
1703 3492 1755 3544 sed
1767 3490 1961 3544 laborantibus
1973 3491 2099 3545 inclusa

405 3580 553 3637 formatam
575 3577 776 3635 controversias
799 3583 909 3632 statum
950 3574 991 3632 Ut
1014 3579 1108 3631 sutem
1130 3580 1238 3630 scutcu·
1265 3577 1389 3634 Domini.
1425 3578 1518 3647 Atque
1535 3578 1578 3630 ita
1596 3578 1626 3630 in
1642 3576 1778 3645 apolopia
1795 3578 1981 3638 confossiones
1999 3575 2098 3646 Aspu-

406 3666 447 3722 tis
471 3674 566 3721 nasus
594 3663 631 3721 sit
656 3664 801 3733 illustrior,
828 3661 1032 3720 declarabimus
1060 3678 1121 3717 eam
1147 3659 1236 3717 verbis
1263 3671 1373 3729 manae,
1400 3664 1430 3716 in
1456 3663 1631 3728 confessione
1662 3662 1893 3728 Wittenbcrpensi
1916 3669 1943 3715 st
1971 3662 2001 3714 iss
2027 3663 2098 3716 aliis

405 3749 441 3808 D.
467 3752 570 3823 Aepini
602 3756 631 3807 et
660 3750 696 3806 D.
724 3749 885 3806 Chcmnicii.
932 3749 978 3806 sis
1005 3764 1072 3820 ergo
1102 3746 1238 3818 Acpiuus,
1264 3760 1421 3806 nostrorum
1455 3750 1570 3820 smptus
1607 3756 1760 3817 usurpatur
1796 3748 1960 3802 uocabulum
1995 3751 2096 3803 mm'ti

404 3838 548 3910 theologus
574 3837 715 3910 quondam
742 3835 924 3900 clorisnmus,
949 3833 1117 3907 in'egrcgio
1135 3851 1184 3889 suo
1203 3833 1237 3888 de
1265 3837 1344 3892 Haec
1363 3837 1398 3891 Ι).
1417 3834 1601 3892 Chemnicius.

401 3924 600 3998 jusu'ficatione
617 3924 712 3980 libello
727 3941 751 3980 c.
770 3924 805 3980 dc
823 3922 955 3995 praemiis
971 3922 1106 3978 bonorum
1124 3937 1238 3992 operum
1301 3929 1341 3979 89.
1375 3922 1418 3977 Ex
1433 3922 1477 3976 his
1495 3922 1631 3977 sententia
1648 3925 1744 3975 nostra
1762 3920 1798 3974 ds
1815 3919 1946 3991 praemiis
1959 3918 2097 3976 bonorum
2110 3927 2149 3978 Au

404 4011 452 4068 iol.
479 4017 536 4069 154.
564 4016 593 4067 et
615 4027 706 4083 ssqq.:
731 4012 812 4065 Deus
837 4028 893 4064 non
916 4012 1000 4063 modo
1019 4018 1138 4080 propter
1160 4007 1239 4061 Otm'·
1266 4027 1380 4081 operum
1403 4009 1471 4063 sutis
1491 4013 1534 4062 est
1551 4007 1711 4078 perspicua,
1737 4005 1864 4061 nimirum
1886 4004 2097 4063 retributionem
2110 3989 2149 4071 :¹:ss

406 4106 478 4153 stum
500 4099 588 4153 donat
610 4098 691 4152 nobis
711 4097 869 4168 justitiam,
896 4095 1036 4167 Spiritum
1060 4115 1083 4153 s.
1106 4101 1134 4149 et
1154 4096 1240 4147 uitam
1267 4097 1342 4151 illum
1367 4092 1578 4149 accidentalium
1595 4092 1793 4163 praemiorum,
1815 4109 1898 4162 quam
1918 4092 1999 4146 bouis
2018 4093 2149 4175 rena-m

407 4192 549 4239 amemam
573 4201 607 4238 ac
631 4184 766 4253 salutem,
792 4185 845 4237 sed
868 4191 981 4238 nostras
1005 4184 1091 4236 bonas
1116 4182 1241 4235 actiones
1266 4190 1357 4237 torum
1375 4181 1503 4251 operibus
1523 4178 1625 4233 sivein
1644 4178 1711 4241 huc,
1730 4178 1787 4231 sire
1807 4177 1836 4231 in
1856 4177 1944 4232 altars
1962 4177 2022 4231 vita
2038 4177 2098 4234 fieri

409 4269 533 4343 Spiritus
554 4288 576 4325 s.
601 4270 717 4336 uirtute,
752 4288 808 4324 non
829 4278 928 4326 nostra
945 4271 1048 4338 sactas
1069 4269 1153 4322 etiam
1172 4285 1241 4336 pro·
1268 4268 1452 4335 ooucedImas,
1469 4263 1619 4337 gratuitam
1637 4280 1698 4320 esso
1714 4264 1868 4331 mannus,
1887 4265 1928 4319 its
1945 4269 1978 4318 ut
1994 4266 2100 4320 renatis

298 4385 301 4390 ·
402 4364 470 4426 pter
487 4356 579 4426 basum
597 4353 747 4424 Christum,
764 4356 815 4425 qui
832 4373 928 4411 eorum
946 4364 987 4410 est
1003 4356 1072 4420 fons
1091 4362 1116 4408 et
1135 4362 1242 4416 auctor,
1267 4356 1316 4409 illa
1335 4353 1458 4425 praemis
1477 4351 1624 4421 obtingant
1641 4368 1694 4404 uon
1709 4351 1745 4406 ob
1760 4351 1932 4422 dignitatum,
1951 4352 2099 4421 perfectio·

406 4443 496 4497 uariis
514 4451 540 4497 et
556 4442 652 4497 multis
666 4444 807 4511 praemiis
826 4450 918 4507 ornat,
937 4448 994 4495 tum
1010 4443 1041 4495 in
1058 4441 1119 4511 bac,
1137 4448 1195 4494 tum
1211 4441 1239 4493 in
1268 4458 1331 4496 uem
1354 4446 1382 4495 ct
1408 4438 1536 4493 meritum
1561 4435 1675 4507 aliquod
1690 4452 1817 4507 operum,
1848 4436 1897 4492 scd
1918 4454 1951 4491 ox
1975 4438 2101 4509 grutusita

403 4529 507 4598 sutura
527 4529 594 4583 nita.
638 4528 716 4583 Siout
738 4530 819 4583 bomo
841 4536 962 4598 propter
989 4528 1128 4584 Cbristum
1154 4528 1242 4582 DEO
1268 4527 1321 4583 Dei
1343 4525 1544 4592 misericordia,
1565 4523 1610 4577 cui
1633 4539 1696 4577 cum
1718 4522 1791 4580 bons
1813 4523 1921 4595 piorum
1944 4541 2031 4595 opera
2047 4543 2099 4596 per

402 4615 513 4686 placet,
538 4615 649 4671 Cbristo
666 4616 728 4685 fide
751 4615 865 4684 insitum,
888 4615 931 4668 ita
943 4620 1066 4684 propter
1083 4613 1241 4667 insitionem
1268 4621 1296 4669 et
1312 4610 1579 4684 proptchhristum,
1596 4610 1625 4665 in
1644 4611 1724 4681 cujus
1741 4609 1797 4666 filo
1814 4610 1890 4665 iacta
1908 4615 1980 4680 suut,
1999 4628 2098 4682 quam·

408 4709 433 4762 et
452 4701 701 4773 participationem
722 4710 842 4755 naturae
858 4701 951 4769 illius,
972 4702 1046 4753 unde
1064 4700 1137 4753 bona
1154 4718 1242 4771 opera
1269 4699 1309 4753 ris
1326 4697 1488 4769 imperfecta
1509 4704 1538 4753 ct
1552 4696 1695 4751 immunda
1714 4696 1774 4766 sint,
1792 4695 1921 4767 placeant
1932 4713 1966 4752 ac
1977 4697 2098 4768 proban·

320 4825 324 4840 .
408 4797 540 4859 tanquam
566 4806 581 4843 c
603 4807 656 4843 sua
681 4788 853 4857 scaturipine
873 4788 1034 4859 profluunt,
1061 4787 1144 4841 etiam
1170 4789 1241 4842 bona
1268 4792 1325 4850 tar,
1350 4783 1410 4856 ipsc
1433 4783 1564 4855 praemiis
1590 4798 1673 4857 acea
1697 4791 1932 4838 remuneratorum
1952 4798 1985 4837 cx
2005 4785 2100 4855 grstia

407 4892 494 4945 opera
512 4875 686 4930 credentium
702 4875 767 4930 Dso
780 4874 910 4943 placent,
938 4874 1002 4928 licet
1023 4889 1056 4926 ea
1075 4874 1242 4943 imperfecta
1268 4870 1401 4944 promisit,
1419 4888 1503 4942 quam
1523 4868 1731 4941 promissionem
1746 4888 1776 4926 rc
1792 4869 1854 4940 ipsa
1870 4870 1954 4924 etiam
1971 4886 2099 4941 compro·
2113 4873 2149 4917 Vl!

407 4969 433 5015 et
449 4978 483 5016 ea
496 4967 582 5031 parte
599 4960 702 5017 uitiosa
717 4961 774 5014 sint
786 4967 909 5031 propter
928 4960 1107 5029 conjunctum
1122 4960 1242 5030 oripinis
1270 4960 1325 5014 bat.
1361 4956 1441 5011 Hanc
1466 4957 1629 5012 sententiam
1653 4956 1756 5010 maritis
1779 4974 1893 5028 operum
1920 4957 2033 5028 propria
2057 4958 2099 5013 sic

406 5048 511 5103 uitium
545 5049 626 5104 Deus
644 5047 717 5101 bona
736 5064 824 5117 opera
840 5064 896 5101 non
913 5055 1031 5116 propter
1049 5063 1130 5100 susam
1149 5046 1241 5114 dipni-
1269 5044 1349 5098 dictis
1367 5043 1519 5115 oppositam
1537 5042 1700 5097 confirmant
1718 5050 1880 5114 ammenta
1896 5044 2001 5111 omnia,
2024 5061 2099 5115 quac

406 5143 490 5190 tatem
511 5134 680 5206 mapnifiois,
703 5133 793 5187 uariis
815 5151 850 5188 ae
876 5133 972 5187 multis
990 5133 1129 5203 praemiis
1148 5132 1242 5200 afficit
1269 5130 1394 5201 superius
1422 5134 1518 5185 contra
1545 5128 1742 5200 perfectionem
1772 5146 1883 5200 operum
1911 5136 1975 5184 suut
2001 5130 2097 5196 allam,

373 5220 376 5227 '
407 5231 434 5276 et
451 5229 541 5291 ornat,
556 5209 609 5276 sad
624 5221 715 5290 pratis
734 5237 774 5290 so,
792 5222 869 5290 quad
886 5238 921 5273 ea
939 5219 995 5274 sibi
1005 5220 1121 5290 placent
1138 5226 1166 5273 st
1173 5236 1241 5289 pro·
1269 5217 1369 5290 quibas
1386 5216 1474 5271 secuti
1490 5215 1609 5287 vesngis
1630 5214 1791 5271 Bellarmiui
1809 5218 1935 5271 rotimus
1952 5218 2099 5287 sequeutia

408 5308 515 5367 bantur.
550 5308 631 5365 Haec
651 5307 782 5377 praemia
804 5324 860 5361 non
882 5314 947 5361 sunt
972 5306 1113 5375 eondipna
1132 5306 1243 5370 merito,
1270 5304 1429 5375 Scripturas
1446 5302 1618 5369 testimonia,
1642 5317 1714 5373 quac
1731 5302 1768 5356 ab
1785 5300 1951 5357 elusionibus
1971 5302 2097 5374 ejusdam
2147 5351 2148 5360 ,

407 5402 437 5449 ut
454 5397 554 5451 docent
565 5393 707 5466 papistici
722 5392 886 5458 Pharisaei,
902 5395 956 5448 sed
972 5401 1037 5448 sunt
1051 5393 1177 5463 pratuita
1199 5394 1242 5447 di·
1268 5388 1478 5463 vindicabimus.
1518 5394 1539 5443 1.
1558 5386 1698 5457 Propheta
1715 5386 1808 5457 regius
1826 5385 1925 5441 Psalm.
1948 5394 2003 5456 103,
2031 5406 2058 5446 v.
2072 5367 2149 5466 ἢ..

407 5481 487 5536 cinae
507 5481 685 5552 benipnitatis
702 5497 827 5545 munera,
847 5497 920 5551 quae
933 5481 1022 5550 juata
1036 5481 1156 5550 pietatis
1175 5496 1243 5550 qua·
1268 5478 1297 5532 in
1324 5475 1487 5547 dialogismo
1514 5491 1578 5530 cum
1604 5473 1697 5528 anima
1724 5490 1775 5528 suu
1798 5471 1923 5529 instituta
1948 5473 1987 5528 sio
2008 5475 2149 5567 loqui-m

407 5567 526 5639 litatem,
546 5570 598 5624 sed
615 5576 707 5623 umen
725 5566 815 5637 orasis
830 5575 952 5637 propter
973 5564 1115 5620 Uiriatum
1135 5568 1243 5620 donan-
1268 5570 1328 5618 tur:
1349 5563 1475 5617 Redimit
1492 5561 1631 5615 Dominus
1648 5562 1684 5614 dc
1698 5561 1783 5624 fovea
1800 5559 1886 5611 citam
1901 5568 1992 5624 tuam,
2016 5579 2097 5616 coro-
2109 5577 2148 5622 n

407 5663 453 5708 tur
470 5654 625 5710 bominibus
643 5653 816 5725 justificatis.
850 5650 888 5708 Et
906 5658 1018 5724 postea:
1036 5653 1118 5706 Deus
1137 5652 1242 5720 oblipat
1269 5657 1320 5705 nat
1343 5656 1369 5703 te
1391 5649 1589 5703 misericordia
1613 5656 1639 5702 et
1661 5646 1893 5700 miserationibus.
1924 5646 2019 5702 Dauid
2036 5637 2149 5732 erstffl

407 5756 437 5794 se
451 5742 554 5803 saido
567 5743 634 5798 bens
652 5739 832 5813 opacantia
847 5738 1049 5794 etuoluntaria
1067 5755 1102 5791 ac
1118 5738 1245 5807 pratuita
1269 5737 1314 5790 cir
1338 5737 1488 5789 secundum
1510 5752 1558 5789 cor
1582 5734 1654 5801 Dei,
1680 5731 1744 5787 Act.
1774 5738 1818 5801 13,
1845 5749 1870 5786 u.
1895 5736 1933 5786 22.
1954 5749 1988 5789 sc
2011 5735 2148 5806 operui·-

403 5828 536 5898 pactions
559 5827 631 5893 fecit
659 5844 690 5884 se
716 5827 758 5882 eis
786 5825 937 5881 debitam
957 5823 1172 5896 promittendo,·
1197 5823 1246 5879 sili
1270 5822 1357 5894 ipsius
1378 5838 1443 5877 verc
1466 5820 1527 5876 Dso
1548 5819 1709 5892 placabant,
1737 5818 1812 5875 idem
1832 5824 1924 5872 mmor
1948 5837 2005 5876 uou
2031 5837 2098 5893 ops

406 5931 462 5971 nan
486 5912 662 5985 omtmnpunt
685 5929 749 5970 eum
765 5912 822 5968 sabi
836 5911 982 5982 merendo,
1004 5909 1063 5965 imo
1080 5908 1132 5964 ills
1145 5909 1245 5979 potius
1267 5925 1331 5964 ram
1353 5923 1464 5962 suorum
1486 5906 1592 5963 maritis
1610 5921 1643 5961 so
1660 5904 1803 5977 digmusti,
1824 5902 1874 5959 sod
1891 5901 2097 5964 misticordise

406 6002 516 6072 matio«
547 6017 615 6055 nsas
648 6000 731 6056 nobis
760 5999 827 6069 jam
861 5997 984 6055 sanatas
1012 5993 1242 6051 rctn'butionibus
1268 6002 1297 6052 ct
1316 5992 1486 6051 mmerstioui
1503 5992 1613 6047 divinus
1631 5990 1661 6046 in
1678 5991 1797 6047 solidum
1812 5988 1964 6057 sdscnbit,
1984 5992 2099 6067 qnod.
