4800 6659
956 565 1009 622 DE
1027 564 1149 624 SAGRO
1167 556 1370 623 effluente.
1940 575 2000 631 est

308 721 420 774 writers
438 722 595 775 insonuerit
610 721 798 791 populorum,
826 728 934 774 mercat
952 721 983 774 in
1000 723 1041 776 eis
1060 723 1141 774 deuo·
1168 719 1242 775 dam.
1278 717 1462 789 Lendnlpbus
1485 721 1582 773 conta
1608 718 1720 788 statuit,
1750 718 1825 790 quod
1853 719 1889 774 sit
1912 713 2003 790 bapti-

308 807 343 860 tio
354 809 431 873 fidei
449 816 476 861 et
492 825 572 862 amor
590 809 761 879 spirituales,
776 809 881 878 pracrd
889 808 1037 878 pellantur
1049 825 1142 862 omnes
1168 806 1272 876 uandu3
1290 804 1402 861 interim
1418 810 1512 860 tamen
1524 804 1548 859 si
1560 803 1651 859 insum
1663 803 1785 859 totaliter
1799 812 1896 876 postea
1907 821 2002 860 nescu·

307 893 429 947 insidiae
446 894 568 963 inimici,
579 896 689 964 frapor
707 895 886 964 prandinum,
906 894 1037 964 macella
1056 893 1141 946 mrot-
1167 899 1220 962 tur,
1239 894 1339 947 iterum
1358 891 1560 963 baptizandum
1577 909 1637 947 esse
1655 890 1708 946 hoc
1725 890 1821 947 modo:
1848 889 1882 945 Si
1900 899 1930 944 tu
1947 908 2004 945 non

306 996 383 1047 num,
402 980 522 1050 impetus
540 987 745 1050 tempestatum,
767 987 954 1048 temperentur
972 982 1080 1048 infesta
1101 988 1140 1033 to·
1167 996 1196 1032 es
1214 980 1382 1049 baptisatus,
1407 995 1458 1048 epo
1482 986 1508 1032 te
1532 979 1648 1047 baptiso.
1685 974 1798 1032 Cardin.
1821 977 1849 1031 in
1869 976 2004 1034 clement.

306 1065 415 1132 adnm,
438 1067 717 1136 uentorumflamina
728 1067 804 1136 fiant
823 1066 976 1120 salubriter
995 1084 1030 1120 ac
1047 1067 1141 1120 moole-
1166 1062 1232 1118 fidei
1269 1063 1305 1118 de
1335 1081 1431 1119 summ.
1462 1062 1589 1117 Trinitat.
1625 1063 1767 1127 concedit,
1803 1062 2003 1133 baptizandum

306 1158 364 1203 rute
380 1168 532 1220 resperso,
546 1159 711 1223 prosternat
729 1157 829 1206 uaeas
847 1159 1022 1220 tempestates
1042 1156 1142 1206 deutra
1168 1166 1229 1206 esse
1250 1148 1402 1219 infantem,
1426 1148 1450 1203 si
1472 1148 1567 1220 aliqua
1592 1166 1625 1203 ex
1649 1155 1729 1219 parte
1747 1148 1777 1202 in
1795 1149 1885 1204 lucem
1904 1149 2003 1217 editus,

306 1243 368 1288 mue
390 1236 517 1305 cirtica,
545 1245 577 1290 nt
601 1239 652 1291 boc
676 1239 822 1292 audientes
845 1239 1061 1292 tintinnabulum
1087 1245 1141 1291 tre-
1168 1235 1217 1290 sed
1243 1234 1336 1298 addit,
1361 1253 1416 1290 non
1440 1234 1493 1289 nisi
1519 1241 1641 1289 extrema
1658 1235 1824 1290 necessitate
1844 1235 1873 1288 id
1891 1234 2004 1306 permit·

306 1321 423 1374 mutant
441 1330 467 1375 et
482 1324 600 1392 sapiant
618 1331 682 1378 arete
701 1325 795 1377 amnis
813 1325 844 1376 in
862 1341 893 1377 eo
905 1325 1046 1392 depictum
1056 1325 1141 1378 venil-
1167 1321 1291 1376 tendum.
1341 1320 1496 1391 Mrdtiplcs
1527 1328 1568 1374 ast
1600 1321 1698 1389 opinio
1731 1325 1874 1375 doctorum
1904 1321 2005 1392 (inquit

305 1406 367 1475 iem
386 1409 437 1460 cui
449 1409 575 1477 flectitur
595 1425 675 1462 omne
693 1427 766 1477 penu
780 1409 948 1473 coelestium,
966 1411 1142 1464 terrestrium
1168 1423 1277 1461 summe
1299 1407 1427 1478 angelica
1450 1408 1479 1461 in
1498 1405 1583 1461 verbo
1605 1407 1706 1478 baptis.
1726 1407 1840 1462 membr.
1859 1412 1883 1464 6.
1902 1423 1948 1478 qu.
1968 1409 2003 1474 3.)

306 1500 330 1544 st
353 1494 529 1559 inferorum,
558 1497 635 1562 quod
661 1495 722 1562 ipse
749 1496 788 1549 D.
814 1495 853 1549 N.
878 1494 908 1548 J.
936 1493 966 1550 0.
990 1503 1142 1564 proestare
1168 1493 1199 1546 in
1216 1493 1269 1546 bac
1287 1495 1463 1562 quaestione,
1489 1494 1542 1547 sed
1566 1501 1597 1545 tu
1621 1502 1682 1547 tene
1702 1493 1861 1565 opinionem
1877 1493 2004 1546 Landd·

306 1579 434 1646 diqustur
461 1586 514 1634 etc.
550 1580 666 1633 Deinde
685 1580 817 1649 pontisas
843 1588 962 1650 accepta
987 1580 1074 1633 mura
1098 1597 1142 1634 es·
1163 1578 1232 1647 phi,
1262 1596 1334 1648 quae
1359 1579 1485 1633 securior
1516 1585 1557 1631 est
1583 1586 1609 1631 et
1634 1579 1719 1632 ualde
1732 1580 1803 1649 pia,
1831 1595 1915 1648 quam
1932 1585 2004 1632 tenet

305 1665 388 1731 terpit
411 1682 472 1717 aem
492 1665 578 1721 linteo
597 1682 707 1719 crucem
726 1684 746 1719 a
764 1683 794 1719 se
805 1667 931 1732 foetam.
966 1666 1082 1719 Deinde
1101 1667 1142 1719 in·
1171 1665 1293 1718 Tbomas
1318 1673 1344 1719 et
1370 1665 1542 1719 Ricbardus.
1577 1663 1657 1719 Haec
1680 1664 1721 1718 illi
1745 1664 1925 1732 Andabetae3
1952 1680 2003 1718 nos

305 1750 385 1803 cboat
410 1750 508 1805 ecbola
529 1760 716 1821 prosequente
745 1751 942 1821 antiphonam,
973 1752 1075 1805 deinde
1098 1770 1141 1805 re·
1167 1748 1309 1821 sequimur
1337 1749 1466 1805 Glossam
1493 1750 1522 1804 in
1544 1766 1568 1805 c.
1599 1750 1623 1805 si
1651 1750 1689 1804 ed
1713 1749 1809 1805 mauis
1832 1749 1895 1804 dist.
1921 1756 1945 1805 l.
1968 1749 2003 1804 de
2093 1768 2110 1821 .'

303 1837 407 1904 petitur
444 1838 608 1907 antiphona.
655 1837 774 1891 Interim
800 1838 934 1905 pontisas
964 1855 1026 1891 cum
1057 1840 1142 1892 mitra
1167 1852 1289 1892 consecr.
1308 1842 1471 1908 negantem,
1489 1836 1658 1907 baptismum
1677 1835 1925 1891 administrandum
1944 1853 2003 1891 esse
2050 1859 2052 1863 ·

305 1930 381 1975 nans
398 1923 473 1986 facit
489 1941 551 1977 cum
565 1924 672 1994 pollice
690 1941 791 1977 monus
811 1926 926 1977 demrae
944 1926 980 1977 de
997 1924 1058 1978 oleo
1077 1942 1141 1978 son·
1167 1921 1220 1975 nisi
1241 1921 1288 1991 iis,
1319 1922 1367 1992 qui
1385 1921 1510 1992 perfecte
1527 1922 1599 1983 nuti.
1627 1929 1790 1993 argumento
1814 1930 1834 1976 1.
1853 1921 1927 1993 quod
1945 1937 2003 1979 cer·

305 2015 411 2061 storum
440 2009 615 2076 infirmorum
646 2017 752 2078 septem
780 2026 876 2063 crisces
906 2010 1027 2064 emerius
1058 2028 1142 2080 super
1167 2012 1227 2060 tum
1259 2023 1282 2060 c.
1314 2007 1350 2061 de
1381 2013 1501 2076 pastum.
1532 2006 1590 2061 her.
1620 2007 1737 2062 institut.
1767 2007 1816 2062 ubi
1845 2006 2002 2076 requiritur,

306 2110 473 2163 cmnpanam
490 2103 517 2147 et
539 2097 574 2148 de
595 2096 669 2149 intus
689 2113 751 2149 cum
771 2096 919 2149 chrismate
937 2103 1057 2164 quatuor
1071 2097 1144 2165 pari
1167 2100 1199 2147 ut
1217 2092 1254 2146 sit
1270 2097 1346 2146 totus
1363 2100 1459 2161 natus,
1492 2092 1541 2165 qui
1565 2099 1709 2163 postumus
1729 2093 1847 2147 dicetur.
1881 2093 2004 2149 Proinde

307 2180 458 2248 Manem,
493 2181 602 2248 ducas,
637 2182 703 2234 dum
734 2181 886 2251 quamlibet
916 2198 1025 2235 crucem
1052 2183 1142 2246 t‘acit:
1167 2178 1191 2233 si
1217 2195 1277 2233 moe
1303 2178 1332 2232 in
1360 2178 1645 2250 ecclesiu'receptus,
1676 2185 1708 2233 ut
1737 2178 1892 2251 principale
1920 2197 2003 2234 mem-

309 2267 491 2320 Gomecretur
520 2273 546 2318 et
572 2267 764 2331 sanctificetur
787 2267 909 2321 Domine
933 2267 1042 2336 sipnum
1065 2268 1144 2321 istud
1168 2264 1248 2318 brum
1266 2280 1298 2319 ex
1316 2268 1432 2318 naturae
1445 2263 1635 2334 penetralibus
1647 2272 1784 2320 exsertum
1796 2265 1962 2338 baptizetur,
1979 2266 2003 2319 is

306 2352 335 2403 in
356 2353 470 2405 nominc
492 2352 591 2404 Patris
615 2360 641 2405 et
660 2351 740 2430 ¹Filii
756 2359 782 2405 et
800 2352 926 2421 Spiritum
944 2353 1045 2409 sancti.
1080 2354 1143 2407 Pan
1167 2366 1331 2423 praegressa
1370 2349 1528 2405 auditorum
1556 2349 1750 2407 informatione
1780 2350 1840 2407 sine
1871 2351 2004 2407 scandula

306 2437 359 2489 tibi
396 2439 513 2491 Deinde
536 2438 638 2490 iterum
661 2444 739 2506 orat,
763 2445 794 2491 ut
820 2440 901 2491 Deus
925 2439 1142 2493 tintinnabulum
1168 2435 1320 2490 abolentur.

307 2523 419 2577 coelesti
436 2523 626 2578 benedictione
642 2525 813 2593 perfundat,
828 2524 969 2594 purificet,
988 2527 1142 2597 candificet
1206 2527 1261 2578 168.
1298 2529 1322 2579 i.
1346 2521 1507 2593 Baptismus
1532 2528 1730 2589 monstrorum,
1757 2538 1829 2593 quae
1852 2539 1886 2577 ex
1904 2521 2139 2614 ωηο-ἓξὲξ·

306 2617 330 2661 et
352 2617 498 2662 consecret
523 2614 575 2662 etc.
621 2609 698 2661 Tunc
721 2610 800 2663 sedet
820 2611 955 2679 pontisas
976 2619 1002 2665 et
1026 2622 1143 2682 accepta
1168 2608 1230 2663 bitu
1260 2608 1371 2665 bestisdi
1396 2614 1463 2664 nata
1487 2608 1635 2663 humanum
1659 2614 1688 2663 et
1709 2608 1856 2681 pecuinam
1883 2609 2003 2680 speciem
2016 2629 2121 2667 aromo.

305 2695 389 2748 mitra
410 2695 528 2764 imponit
545 2695 576 2747 in
593 2695 735 2748 tnuribula
753 2696 915 2763 tbymiama,
933 2698 995 2751 tbus
1011 2707 1038 2752 et
1053 2718 1143 2768 myrr-
1168 2711 1236 2766 pree
1266 2713 1296 2750 se
1324 2695 1426 2750 ferunt.
1462 2695 1536 2752 Vide
1562 2693 1717 2750 lutherum
1747 2695 1776 2749 iu
1801 2694 1863 2752 coll.
1889 2695 2003 2752 mensal.

306 2780 383 2845 bam,
408 2781 436 2833 si
451 2780 551 2834 baberi
562 2789 696 2850 posnan,
720 2781 850 2851 alioquin
867 2800 938 2852 quae
956 2801 989 2837 ea
1005 2786 1076 2854 ipsis
1093 2787 1143 2840 ba·
1169 2799 1196 2851 p.
1216 2785 1274 2836 3³0.
1310 2781 1376 2836 Alie
1397 2797 1463 2835 vero
1481 2780 1555 2836 ratio
1572 2785 1615 2835 cst
1633 2786 1849 2835 monstrosorum
1866 2788 2004 2853 partuum,

306 2866 418 2931 beaturr
445 2866 543 2935 qssibus
565 2867 704 2936 impositis
729 2868 902 2923 thuribulum
924 2871 1017 2939 ipsum
1041 2890 1142 2944 suppo·
1169 2867 1218 2938 qui
1238 2866 1358 2937 speciem
1378 2866 1527 2922 hammam
1546 2866 1674 2936 retinent,
1691 2866 1759 2922 licet
1776 2867 1899 2923 membro
1911 2867 2052 2940 ntiquom
2064 2870 2110 2912 ²¹⁰·

304 2953 380 3005 nitur
398 2969 569 3022 campanae,
596 2961 627 3007 ut
645 2961 731 3008 totum
742 2956 858 3021 fumeum
875 2958 997 3026 recipiat
1002 2979 1014 3028 ,·
1041 2960 1143 3014 eninm
1169 2952 1358 3008 cantantur
1375 2953 1420 3007 vel
1439 2952 1591 3008 abundent
1632 2951 1805 3008 “Andreas
1822 2953 1959 3027 Osiander
1975 2953 2005 3008 in

302 3039 434 3106 porstifea
455 3040 601 3093 eradatur
624 3039 727 3092 librum
750 3042 971 3114 eoanpeliorum,
995 3051 1053 3097 tum
1072 3063 1142 3115 pro-
1168 3037 1240 3110 disp.
1257 3039 1293 3095 de
1311 3039 1388 3109 bapt.
1406 3037 1478 3093 Tub.
1498 3052 1572 3093 anno
1594 3043 1666 3093 ibib.
1690 3055 1736 3109 qu.
1758 3044 1801 3094 11:
1824 3041 2005 3095 Monstramur

306 3126 383 3178 ducet
400 3142 487 3194 srsper
504 3142 673 3195 campanam
691 3126 862 3181 benedictum
880 3129 991 3198 siparum
1010 3132 1103 3185 ornei,
1118 3139 1144 3185 et
1168 3133 1252 3178 naua
1278 3140 1311 3178 en
1338 3124 1480 3177 bominum
1502 3124 1648 3177 concubitu
1670 3130 1719 3176 aut
1736 3141 1793 3177 non
1810 3125 1892 3178 babet
1910 3142 2005 3179 ueram

304 3219 464 3264 reassumta
480 3212 566 3264 mitra
586 3211 716 3266 descedit.
747 3210 786 3265 Hi
807 3213 960 3269 enutritus
981 3214 1144 3286 baptizandi
1169 3211 1384 3279 humanitatem,
1409 3212 1443 3264 ίᾶ
1466 3218 1506 3264 ⁶⁸⁶
1521 3211 1653 3279 smmum
1669 3209 1793 3278 Wsttlli'
1808 3216 1835 3262 0²
1853 3210 2007 3265 rational&

305 3312 473 3367 campanus,
501 3314 535 3351 ex
561 3313 618 3367 qua
644 3295 829 3368 descriptione
858 3297 942 3354 facile
970 3299 1143 3373 intelligitur,
1170 3297 1297 3366 bominis,
1316 3305 1342 3350 et
1361 3297 1502 3366 baptisari
1518 3314 1574 3350 non
1592 3296 1672 3349 debet
1678 3315 1690 3363 ,·
1714 3303 1765 3349 aut
1781 3295 1863 3349 babet
1880 3297 2006 3364 fipnram

305 3382 372 3454 quid
396 3382 576 3438 statuendum
600 3383 637 3438 sit
659 3383 694 3439 de
717 3384 878 3454 exceptione
905 3384 1037 3442 Stunislei
1054 3387 1143 3454 Harii,
1170 3383 1320 3438 satiandis
1338 3384 1467 3448 bominis,
1485 3382 1512 3436 si
1528 3382 1657 3435 uidelicet
1674 3382 1870 3435 monstrositas
1883 3382 2006 3452 iniquo·

306 3469 354 3540 qui
372 3485 523 3539 campanas
541 3469 633 3522 esuis
656 3485 711 3523 non
735 3469 887 3540 baptizari,
913 3471 964 3526 scd
986 3473 1142 3530 consecrari
1170 3469 1319 3523 bilioribus
1338 3471 1471 3538 partibus
1488 3468 1617 3538 corporis
1634 3468 1745 3532 latret,
1764 3476 1791 3522 tl
1808 3468 1875 3521 “lit
1893 3485 2006 3539 reprae-

260 3554 383 3612 motois.
417 3553 544 3610 Pertinet
568 3553 623 3608 huc
642 3554 717 3625 quod
735 3555 898 3611 Alvesrinm
918 3557 1050 3612 examinis
1067 3559 1141 3614 Pon·
1170 3563 1263 3610 senta
1279 3556 1323 3609 cel
1342 3544 1425 3608 unius
1442 3555 1561 3609 bominis
1578 3554 1705 3624 speciem,
1724 3561 1749 3607 et
1766 3554 1807 3607 sic
1824 3554 1908 3609 semel
1918 3555 2006 3625 bapti-

305 3639 384 3695 tificii
404 3639 503 3709 refert,
528 3640 689 3708 Hispanos,
718 3658 781 3695 eum
811 3642 1005 3714 Groeninqam
1029 3645 1144 3700 Frisios
1171 3644 1293 3711 sundra,
1323 3641 1367 3695 cel
1392 3640 1527 3709 pominoti
1551 3640 1677 3696 bominis.
1716 3639 1750 3694 Si
1772 3641 1823 3694 boc
1843 3648 1939 3695 aucte
1959 3643 2006 3695 de-

302 3729 494 3798 peroenirent,
520 3728 625 3781 venato
650 3744 699 3781 seu
717 3729 801 3798 sipna
826 3747 879 3782 sisa
897 3730 1039 3799 baptisato
1058 3733 1145 3785 ebres-
1170 3728 1311 3797 preliandi
1328 3735 1425 3797 potest
1442 3725 1582 3781 smirna
1601 3727 1707 3781 uicibus
1726 3726 1915 3796 baptizandus
1930 3726 2006 3780 eidr-

306 3822 381 3869 mate
407 3814 520 3881 inunpi,
548 3814 699 3882 adjurari,
724 3815 887 3869 consecrari
908 3823 933 3869 et
955 3816 1083 3871 benedici
1100 3835 1146 3872 cu.
1171 3822 1219 3866 tur
1243 3831 1299 3867 nan
1328 3814 1467 3880 obstante,
1492 3813 1570 3882 quod
1587 3814 1697 3881 pedum
1716 3814 1856 3868 concretio
1873 3821 1922 3867 out
1938 3812 2007 3867 late·

305 3916 387 3954 rasse
404 3907 431 3953 et
448 3898 533 3952 aliud
551 3900 727 3967 Barbarum,
751 3899 837 3955 aliud
856 3899 1043 3957 demortuum
1060 3911 1087 3957 et
1104 3905 1146 3959 sic
1170 3917 1233 3953 rum
1265 3898 1454 3969 opplntinutio
1485 3916 1570 3951 unum
1602 3898 1780 3953 individuum
1801 3906 2006 3968 repraesentet,·

307 3986 440 4055 deinceps
457 3984 626 4039 nominasse.
1170 3986 1217 4039 sin
1242 4003 1307 4039 cero
1333 3986 1367 4039 id
1392 3984 1567 4054 deprehendi
1586 4001 1644 4038 non
1664 3992 1770 4055 potest,
1796 4001 1852 4038 uno
1872 3991 1936 4038 actu
1950 4002 2006 4054 pro
2064 4012 2105 4025 ·--

253 4086 296 4132 na·
346 4077 404 4127 tet.
437 4069 672 4141 eimprobcndus
691 4069 846 4140 baptismus
864 4070 1001 4126 infantum
1018 4074 1143 4129 nondum
1170 4072 1319 4125 indiuiduo
1349 4087 1405 4124 uno
1434 4070 1575 4139 baptisari
1598 4078 1700 4141 potest.
1744 4068 1804 4123 Sed
1833 4069 1878 4122 bre
1902 4069 2009 4124 nemini

254 4138 284 4228 ξ’
307 4157 337 4212 in
359 4157 451 4212 lucem
474 4157 625 4220 editorum,
655 4155 696 4210 nti
714 4163 743 4211 et
762 4172 869 4225 earum,
896 4157 946 4228 qui
968 4174 1002 4212 cx
1020 4167 1101 4230 perte
1118 4168 1146 4216 et
1171 4159 1327 4228 quidquam
1351 4158 1589 4225 praescribimus,
1616 4157 1737 4209 meliora
1759 4156 1953 4224 proposituris
1973 4156 2007 4208 li·

253 4250 297 4332 :omn
307 4259 365 4299 uon
382 4260 416 4299 ex
431 4246 491 4298 toto
508 4242 537 4296 in
555 4243 645 4297 lucem
664 4241 748 4313 editi3
774 4242 817 4296 illi
840 4242 913 4296 enim
938 4259 1000 4297 cnm
1017 4261 1073 4300 non
1090 4247 1147 4301 sint
1172 4245 1266 4298 tenter
1289 4241 1575 4312 adstipulabimur.“
1609 4240 1737 4296 Andreas
1760 4240 1887 4312 Angelus
1912 4241 1941 4295 in
1957 4241 2006 4297 lib.

253 4321 262 4370 ἒ
308 4330 338 4384 in
356 4329 431 4384 hunc
448 4328 533 4383 vitem
552 4328 621 4396 uati,
639 4343 696 4381 non
713 4332 831 4398 ponunt
849 4345 900 4398 per
917 4328 1085 4399 baptismum
1103 4349 1145 4387 rc·
1171 4331 1207 4385 de
1235 4328 1408 4383 mirabilibus
1438 4329 1534 4384 mnndi
1562 4329 1590 4384 in
1620 4327 1737 4382 historia
1766 4327 1832 4381 anni
1863 4333 1937 4386 teil.
1966 4328 2006 4382 sic

307 4415 387 4471 nasci
407 4415 491 4485 juxta
509 4413 637 4484 regulum
658 4413 849 4486 antiquitatis:
877 4416 943 4469 Non
958 4423 1053 4484 potest
1071 4418 1145 4485 quis-
1170 4412 1282 4471 scribit:
1303 4416 1341 4469 In
1360 4416 1462 4484 Aprili
1478 4415 1617 4483 Bourpeie
1635 4415 1667 4467 in
1682 4413 1834 4485 Hebpaniis
1845 4414 2007 4468 inauditum

308 4519 393 4569 quam
423 4501 549 4564 renasci,
587 4506 737 4567 antequam
765 4501 803 4553 sit
833 4507 922 4554 natus.
969 4501 1145 4573 Augustinus
1171 4504 1316 4572 quoddam
1333 4509 1487 4555 monstrum
1500 4500 1625 4570 protudit
1642 4503 1772 4569 mundus,
1792 4500 1870 4570 quod
1887 4516 1920 4554 en
1935 4501 2007 4555 mul·

308 4587 388 4657 epist
408 4593 450 4642 57.
467 4585 505 4640 ed
522 4585 609 4642 Dard.
650 4585 774 4642 Isidorus
793 4585 839 4641 lib.
860 4591 884 4641 t.
902 4586 938 4643 de
956 4604 1053 4642 summ.
1071 4588 1144 4644 bono
1171 4598 1262 4643 torum
1282 4588 1325 4642 ad
1341 4587 1438 4641 uarios
1456 4586 1572 4654 seriptis
1589 4586 1652 4640 illic
1669 4594 1696 4640 et
1714 4587 1834 4641 Venetis}
1852 4594 1928 4641 certo
1943 4603 2006 4642 con·
2073 4574 2076 4581 ’

308 4689 333 4729 c.
351 4680 384 4729 i:
418 4672 475 4735 Qui
496 4672 527 4725 in
551 4672 685 4725 maurnss
709 4671 797 4725 meris
814 4679 892 4740 eunt,
920 4673 987 4727 ideo
1006 4674 1147 4744 baptisari
1170 4683 1227 4730 dat
1246 4673 1347 4730 literis.
1382 4672 1431 4726 Ibi
1448 4673 1521 4726 enim
1538 4687 1625 4726 uacca
1643 4673 1784 4740 quaedum
1800 4674 1874 4728 duos
1890 4673 2006 4728 motet

308 4777 362 4812 non
378 4764 507 4827 possunt,
527 4757 594 4826 quia
611 4757 761 4825 quinctus
779 4758 872 4811 adbuc
886 4761 1037 4813 secundum
1048 4761 1144 4815 Adam
1169 4763 1296 4831 inteproe
1326 4759 1438 4814 omnino
1468 4758 1607 4827 tornines,
1629 4757 1785 4813 masculum
1811 4767 1839 4813 et
1863 4759 2006 4829 feminam
2097 4830 2101 4837 1

307 4862 363 4899 non
380 4852 429 4912 est,
448 4845 599 4896 secundum
615 4841 757 4896 Obrutam
776 4861 832 4896 non
849 4851 944 4914 potest
960 4846 1080 4914 renasci,
1098 4863 1144 4900 ne·
1171 4851 1253 4903 mmo
1277 4854 1319 4901 est
1340 4847 1372 4900 in
1395 4846 1498 4913 lucem,
1524 4845 1625 4914 quibus
1647 4850 1674 4897 et
1700 4845 1928 4915 archiepiscopus
1953 4845 2008 4900 ali·
2109 4837 2111 4841 ’

308 4947 358 4999 que
386 4929 563 4998 repereratio
589 4928 650 4981 dici
673 4935 780 4996 potest,
807 4946 892 4997 quom
917 4930 1062 4998 pancratio
1088 4948 1144 4985 non
1170 4934 1307 5002 quamdiu
1335 4949 1449 4986 sacrum
1480 4930 1620 4998 baptisma
1651 4930 1772 4998 neqabut
1804 4930 1850 4984 rei
1877 4931 2007 5001 norim,

305 5016 470 5084 prauam,
508 5012 685 5068 Lomburdus
709 5012 757 5068 lib.
782 5018 807 5068 4.
833 5019 903 5068 sent
928 5015 991 5070 dist.
1017 5020 1042 5072 b.
1065 5012 1094 5090 ξ.
1118 5021 1144 5074 2.
1169 5019 1242 5087 quid
1259 5019 1423 5083 faciendum
1442 5025 1521 5084 esset,
1539 5017 1650 5083 dubius,
1668 5033 1731 5072 cum
1747 5016 1839 5070 amus
1853 5018 2008 5087 eaemplum

309 5120 392 5174 qnam
411 5101 549 5172 approbet
566 5099 705 5154 Lutherus
723 5103 790 5156 tam.
810 5104 849 5157 tt.
864 5099 1030 5172 Witteberg.
1043 5120 1071 5173 p.
1085 5107 1143 5158 tet.
1170 5119 1259 5173 neque
1272 5104 1390 5168 uiderit,
1421 5119 1510 5174 neque
1527 5103 1654 5158 audierit
1670 5105 1747 5173 ipse,
1776 5117 1864 5170 neque
1891 5102 1928 5155 de
1954 5103 2010 5157 tali

310 5194 338 5243 et
356 5189 387 5242 in
410 5186 511 5258 colloq.
536 5185 649 5240 mensut
675 5203 703 5254 p.
724 5188 782 5239 lte.
816 5184 858 5241 Ut
880 5201 946 5257 ergo
962 5192 1039 5243 recte
1056 5193 1144 5243 statu·
1170 5191 1319 5259 scripserit
1335 5191 1395 5246 alio
1412 5197 1535 5259 tempore
1551 5190 1707 5260 pruisquam,
1725 5189 1777 5241 sed
1795 5188 1830 5241 de
1849 5186 1900 5241 boc
1920 5187 2009 5259 lepati

309 5278 367 5328 tum
383 5290 408 5328 c.
444 5273 526 5337 Quod
544 5273 574 5327 in
594 5270 726 5326 maternis
745 5269 809 5327 dist.
829 5277 855 5326 t.
874 5270 910 5327 de
929 5289 1050 5330 consecr.
1067 5277 1146 5344 quod
1171 5276 1317 5344 Pontificii
1333 5275 1507 5344 sensualem
1528 5282 1556 5329 et
1575 5274 1747 5344 pomarum
1764 5272 2006 5343 praestolabatur.

310 5361 339 5413 in
354 5368 436 5414 utero
453 5360 554 5413 mauis
572 5357 699 5411 totaliter
719 5357 852 5411 satutem
870 5375 927 5411 non
945 5357 982 5412 sit
1003 5361 1145 5430 baptisan-
1172 5360 1357 5433 landulphus
1375 5361 1425 5418 lib.
1446 5367 1470 5417 l.
1489 5368 1559 5418 seut.
1578 5360 1641 5415 dist.
1661 5365 1683 5415 6.
1703 5376 1749 5431 qu.
1769 5362 1794 5412 l.
1813 5358 1851 5413 ed
1870 5358 2007 5430 quaestio·

311 5447 377 5509 dus,
396 5445 438 5499 ite
453 5445 543 5499 minus
561 5449 637 5498 recte
652 5442 778 5512 disputat
792 5442 893 5497 Petrus
904 5442 1043 5500 Aureolus
1058 5446 1105 5501 lib.
1120 5453 1144 5502 t.
1171 5465 1245 5514 uem,
1263 5464 1299 5502 an
1316 5453 1345 5502 et
1361 5445 1499 5518 quomodo
1519 5451 1670 5500 mensuum
1689 5442 1889 5514 baptizandum
1907 5442 1951 5512 sit,
1967 5443 2007 5498 sic

311 5537 378 5587 sent.
397 5530 463 5586 dist.
483 5537 508 5586 b.
527 5547 573 5601 qu.
596 5535 618 5585 1.
642 5528 740 5600 quodsi
766 5546 840 5598 pars
858 5529 956 5599 aliqua
970 5532 1146 5604 principalis
1172 5533 1333 5604 respondet:
1356 5532 1391 5588 si
1404 5535 1610 5603 perpendatur,
1629 5532 1702 5584 duas
1721 5529 1823 5584 babere
1842 5530 1960 5601 animae,
1977 5538 2008 5585 ut
2103 5582 2106 5589 .

311 5627 387 5672 estro
412 5623 568 5686 apparea,
598 5614 739 5685 baptisari
766 5615 867 5683 possit.
903 5615 979 5681 Quid
1000 5634 1066 5674 vero
1091 5625 1145 5675 sta-
1168 5627 1242 5689 puta
1266 5621 1324 5674 duo
1347 5619 1457 5688 capita,
1488 5626 1609 5688 quatem
1628 5617 1733 5686 pedes,
1765 5617 1838 5670 duas
1860 5616 1959 5687 spinas
1976 5617 2008 5671 in

310 5709 403 5771 tuunt,
420 5702 446 5756 si
465 5707 599 5773 appareat
611 5717 683 5773 pure
699 5699 789 5755 miuus
806 5701 985 5774 principalis,
1009 5711 1078 5774 puta
1095 5722 1146 5777 pes
1173 5707 1260 5760 dorso
1277 5712 1304 5759 et
1322 5705 1496 5775 istiusmodi,
1515 5712 1579 5758 tunc
1597 5701 1754 5771 baptisatur
1773 5700 1891 5770 quilebet
1904 5720 1961 5774 per
1977 5720 2009 5758 se

310 5791 352 5847 rel
369 5788 491 5844 mensu?
521 5788 660 5844 Aureolus
679 5786 825 5857 existimet,
846 5807 902 5844 uon
920 5805 981 5844 esse
1000 5788 1145 5861 baptisan·
1171 5799 1197 5846 et
1215 5791 1372 5861 intinqutur
1390 5792 1420 5846 in
1439 5791 1501 5845 laco
1518 5788 1634 5859 quilibet
1650 5806 1703 5858 per
1720 5804 1759 5842 se.
1797 5786 1833 5842 a·
1846 5805 1913 5844 cero
1926 5789 2008 5844 dubi·
2108 5786 2112 5793 “
