4800 6659
991 500 1043 556 DE
1062 500 1336 560 SAGRAMENTIS.
1954 514 2012 571 155

325 655 401 708 ιιιαιιι
424 653 587 722 repionolia
613 673 631 709 a
653 656 859 724 posterioribus
880 658 1025 711 enrendari
1049 656 1152 713 scribit.
1165 658 1285 727 lbardns
1304 658 1352 713 lib.
1372 665 1397 718 A
1415 665 1485 716 sent
1505 660 1568 715 dist
1587 666 1611 717 6.
1631 660 1672 716 lit.
1690 659 1723 714 Ε.
1744 657 1858 726 indicat,
1876 675 1926 713 suo
1944 664 2013 714 tem·

324 740 487 795 Athanasius
506 740 554 796 lib.
575 742 610 795 de
629 743 727 813 synod.
746 743 861 798 Arimin.
879 749 908 798 et
925 743 1031 800 Selene.
1050 761 1076 814 p.
1092 749 1150 800 67³.
1165 762 1245 823 ,pere
1270 746 1460 817 quaestionem
1484 746 1518 801 de
1541 746 1648 802 ludicra
1670 746 1728 800 sive
1751 745 1871 816 joculari
1889 744 2012 819 baptiss-

325 828 442 880 dirisam
473 827 652 896 Scripmram
684 830 809 882 omnibus
830 831 946 897 synodis
966 832 1152 898 potentiorem
1165 830 1268 899 inane,
1287 838 1319 885 ut
1337 848 1400 886 cum
1419 833 1481 903 quis
1500 833 1529 886 in
1547 833 1677 888 balneum
1696 831 1740 886 vel
1757 830 1862 885 flumen
1878 832 2014 903 mergitur

324 930 375 966 esse
392 912 500 969 asserit.
537 913 580 968 De
604 914 766 969 Tridentino
792 914 910 969 concilio
930 921 1020 970 exstat
1040 932 1151 970 accura-
1164 896 1206 969 Tin
1224 918 1333 973 nomine
1350 917 1508 982 Trinitatis,
1533 919 1619 972 inisse
1640 917 1812 988 disputatum
1831 933 1864 970 ac
1882 917 2012 987 sapienti-

324 1006 375 1052 tum
399 1000 535 1070 scriptum
557 999 788 1068 Protestantium‚
814 1019 869 1072 quo
892 1008 1034 1072 exponunt
1052 1019 1150 1056 causas
1164 963 1230 1075 ibus
1248 1003 1347 1070 nsum,
1367 1003 1442 1074 quod
1461 1021 1517 1057 non
1535 1004 1572 1056 sit
1586 1003 1749 1073 baptismus,
1767 1001 1834 1072 quia
1851 1018 1907 1056 non
1923 1001 2012 1057 inten-

322 1087 434 1141 nemeti
458 1085 535 1140 illins
561 1086 678 1141 aoncilii.
725 1091 749 1143 2.
773 1087 840 1141 Cam
866 1090 1041 1158 Arspustiuus
1066 1080 1253 1189 dicotjtione
1278 1088 1441 1158 baptizandi
1464 1089 1534 1143 illud
1559 1095 1685 1160 geruum,
1712 1096 1739 1143 ct
1757 1087 1850 1142 addit:
1886 1090 1962 1142 Nam
1982 1090 2012 1141 in

316 1175 463 1242 >petendam
481 1191 540 1226 esse
559 1175 755 1228 revelationem
776 1177 811 1228 de
826 1176 963 1243 baptismo
975 1175 1151 1243 joculariter
1163 1192 1166 1247 J
1177 1174 1230 1227 boc
1254 1182 1280 1228 et
1297 1176 1365 1228 aliis
1383 1176 1566 1228 sacramentis
1585 1174 1656 1228 sieut
1671 1176 1775 1243 forma
1799 1181 1839 1226 est
1863 1177 2012 1241 servando,

323 1260 526 1322 adrnins'stroto,
546 1267 673 1328 testatur,
694 1279 750 1314 non
770 1278 828 1314 esse
848 1270 1003 1314 certamen
1024 1259 1151 1329 Scriptu-
1177 1261 1218 1311 ita
1237 1269 1263 1313 et
1280 1261 1396 1315 intentio
1413 1247 1491 1315 illuri
1510 1262 1675 1315 celebrandi
1692 1268 1731 1313 est
1749 1261 1894 1329 babendo,·
1912 1259 2012 1315 iutelli-

322 1344 366 1407 ris,
389 1363 429 1397 ors
450 1346 632 1398 'swamenta
652 1346 799 1414 requirant
824 1347 1003 1399 intentionem
1020 1348 1150 1399 ministri.
1163 1345 1220 1415 igit
1245 1352 1337 1401 eutem
1358 1345 1532 1401 Ironrbardus
1552 1345 1734 1401 intentionem
1750 1346 1786 1399 de
1803 1346 1863 1415 ipsc
1882 1352 1946 1401 actu
1964 1347 2011 1402 ba·
2038 1370 2040 1373 ·
2097 1358 2100 1365 “

320 1428 538 1499 Respondemus:
557 1449 612 1485 non
631 1432 788 1502 quaerimus
805 1432 857 1487 hcc
874 1433 936 1486 loca
954 1433 989 1485 de
1010 1431 1150 1501 baptismo
1162 1456 1165 1543 ,
1176 1428 1311 1498 ptinendi,
1332 1448 1386 1485 non
1404 1432 1440 1485 de
1459 1430 1516 1485 tine
1535 1436 1566 1485 et
1580 1430 1682 1487 effectu
1703 1431 1842 1501 baptismi,
1859 1447 1921 1485 mcx
1938 1433 2011 1487 enim
2114 1484 2118 1491 .

319 1514 423 1569 mimico
441 1522 471 1570 et
486 1517 614 1586 joculari,
634 1518 682 1572 sed
698 1518 735 1572 de
751 1518 890 1588 baptismo
907 1518 936 1571 in
955 1514 1324 1588 deusculans-,subjungit
1353 1506 1428 1571 illam
1462 1517 1613 1588 Augustini
1645 1517 1828 1572 sententiam:
1872 1517 1955 1571 Illud
1984 1525 2011 1572 te

318 1599 380 1653 stiro
406 1602 601 1656 administrata
624 1605 704 1673 juxta
731 1602 833 1658 Christi
859 1603 1074 1670 institutionem,
1100 1604 1148 1657 ubi
1161 1591 1164 1679 l
1177 1620 1232 1653 sors
1249 1612 1370 1666 moneat,
1390 1606 1467 1673 praed
1485 1605 1599 1673 quidam
1619 1621 1675 1657 nan
1693 1621 1728 1656 ea
1745 1606 1802 1668 fide
1816 1605 1954 1674 parrulos
1972 1607 2013 1657 ad

317 1695 426 1756 propter
443 1687 582 1742 deiectum
605 1689 764 1744 intentionis
782 1690 948 1744 sacramenti
960 1689 1147 1760 integritatem
1162 1688 1342 1765 ,baptismam
1357 1690 1470 1759 ferunt,
1496 1699 1525 1742 ut
1540 1707 1594 1759 per
1614 1690 1753 1759 Spiritum
1773 1692 1814 1742 ad
1831 1696 1916 1745 ettam
1934 1707 2009 1761 repe·

316 1787 366 1825 uon
383 1771 551 1827 labefactari
569 1774 742 1844 Augustinus
760 1775 904 1831 manifeste
925 1775 1032 1831 asserit.
1070 1773 1309 1870 Quaeyuerentur
1337 1783 1496 1843 aeternam,
1526 1777 1579 1828 seri
1608 1792 1655 1828 eos
1680 1784 1783 1844 putant
1808 1777 1859 1829 boc
1884 1778 2010 1830 remedio

315 1856 347 1911 de
366 1857 508 1928 baptismo
530 1861 582 1915 sub
605 1861 764 1916 conditione
788 1861 939 1932 repetendo
963 1860 1148 1916 Bellarminus
1161 1882 1163 1901 =
1175 1862 1358 1929 temporalem
1376 1863 1504 1930 accipere
1524 1862 1681 1930 sanitatem,
1703 1880 1759 1914 nan
1772 1864 1843 1915 enim
1857 1871 2011 1933 propterea

315 1943 404 2008 addit,
428 1963 510 1999 suum
529 1947 596 2002 alibi
617 1947 722 2002 habent
740 1947 839 2004 locum,
875 1947 953 2002 Idem
973 1947 1148 2018 Augustinus
1175 1948 1224 1999 illi
1243 1967 1297 2001 uon
1322 1956 1536 2016 reponerentur,
1563 1949 1630 2016 quia
1649 1964 1699 2000 nec
1716 1948 1833 2001 abillis
1852 1949 1905 2002 hae
1925 1952 2011 2003 inten-

315 2028 357 2087 lib.
381 2038 404 2089 1.
432 2039 529 2088 contm
554 2033 648 2088 literas
670 2033 803 2088 Pesiliaui
822 2051 845 2088 c.
866 2042 896 2089 3:
926 2034 959 2087 Si
977 2035 1149 2088 cormcieutr'a
1175 2034 1249 2085 teme
1268 2035 1438 2096 inferuntur.
1474 2032 1553 2087 Haec
1574 2032 1724 2087 lombardi
1749 2035 1888 2090 sententia
1906 2034 2013 2103 (scribit

313 2118 408 2170 &ntis
435 2119 603 2188 baptismum
630 2121 798 2188 attenditur,
822 2123 858 2188 fit
883 2120 962 2174 salus
987 2120 1041 2173 illa
1065 2122 1148 2189 spiri-
1174 2118 1209 2172 D.
1234 2117 1420 2186 Chemnieius)
1447 2119 1483 2173 de
1511 2118 1664 2174 intentione
1690 2119 1850 2174 celebrandi
1874 2121 2011 2176 actionem
2084 2120 2088 2128 '

311 2204 397 2256 taetris
416 2204 535 2258 incerta.
570 2222 593 2259 c.
613 2212 643 2261 t:
665 2207 735 2260 Cum
751 2206 817 2268 fieri
828 2207 928 2274 possit,
948 2207 989 2259 ita
1007 2223 1065 2260 esse
1085 2223 1148 2259 eon·
1174 2204 1306 2274 baptismi
1328 2204 1397 2259 nihil
1421 2205 1498 2259 aliud
1524 2205 1597 2272 vult,
1622 2221 1706 2275 qnam
1730 2204 1933 2262 institutionem
1953 2223 2009 2262 scr-

311 2291 457 2343 scientiam
476 2293 585 2353 dentis,
605 2299 633 2343 ut
648 2292 788 2345 soelaosa
806 2299 890 2360 atque
908 2293 1053 2346 nmoulosa
1069 2294 1106 2345 sit
1124 2302 1148 2345 et
1175 2291 1294 2345 vendam
1312 2308 1381 2355 esse,
1400 2297 1432 2344 ut
1450 2291 1487 2345 sit
1505 2308 1600 2346 serum
1620 2299 1831 2348 sacramentum.
1860 2293 1924 2348 Nan
1936 2295 2009 2349 enim

311 2375 359 2429 too
383 2377 497 2442 r'pnoret
521 2384 700 2446 accepturus,
729 2385 926 2446 consequenter
952 2381 998 2446 fit,
1028 2386 1058 2430 ut
1085 2360 1163 2499 spesp'
1175 2377 1227 2431 hoc
1244 2378 1304 2432 vult
1322 2376 1460 2432 institutio
1476 2376 1622 2448 baptismi,
1648 2382 1680 2432 ιιι
1703 2377 1753 2432 fiat
1769 2378 1892 2451 vulgaris
1916 2376 2010 2452 aliqua

310 2479 419 2531 proque
445 2463 579 2530 baptisati
600 2480 674 2516 varra
690 2472 718 2516 et
738 2465 833 2517 inanis
851 2465 975 2520 assistat.
1007 2481 1031 2521 c.
1050 2471 1073 2520 7.
1091 2464 1147 2518 Da·
1174 2462 1248 2532 lotio,
1267 2464 1310 2519 vel
1328 2480 1401 2536 quae
1420 2481 1454 2518 ex
1472 2464 1596 2535 professo
1616 2464 1684 2519 nihil
1704 2465 1779 2519 aliud
1798 2465 1842 2531 sit,
1859 2481 1942 2536 quam
1965 2466 2008 2521 rel

310 2547 440 2602 caustico
465 2547 529 2602 huic
547 2548 685 2604 errori-de
703 2549 875 2604 attendenda
891 2549 1063 2605 conscientia
1081 2550 1147 2605 dan·
1173 2549 1309 2605 ridiculus
1336 2551 1414 2605 lusus
1437 2550 1482 2605 vel
1507 2551 1618 2605 mimica
1638 2550 1830 2619 subsannatio,
1857 2549 1901 2605 vel
1917 2551 2007 2622 proia-

309 2633 343 2687 tis
363 2634 486 2704 opponit
509 2635 581 2688 hanc
607 2635 745 2706 regulam:
776 2636 868 2704 Saepe
894 2636 963 2689 mibi
988 2637 1085 2703 s'pnota
1107 2635 1249 2697 astruatis
1267 2635 1447 2690 institutionis
1467 2652 1530 2690 cum
1549 2635 1710 2691 recitatione
1727 2634 1874 2692 verborum
1891 2651 2008 2701 coenam

310 2719 433 2774 bumana
453 2722 637 2790 eonsmcstia,
656 2724 708 2775 sed
725 2729 817 2775 certus
838 2740 898 2775 sam
918 2724 953 2776 de
972 2721 1079 2776 Otmsti
1096 2723 1146 2775 mi·
1158 2700 1161 2781 l
1172 2721 1222 2776 sed
1242 2721 1371 2793 requirit,
1397 2727 1429 2776 ut
1454 2721 1602 2793 peculiaris
1627 2722 1791 2777 instituatur
1808 2722 1882 2777 actio
1901 2730 1929 2777 et
1947 2723 2007 2796 qui·

310 2808 479 2861 sericordie.
515 2807 604 2875 (Idem
629 2808 665 2863 de
689 2808 841 2864 intentione
860 2809 977 2862 ministri
998 2807 1236 2869 dicendumldem
1255 2806 1304 2860 ills
1321 2807 1403 2873 actio,
1423 2808 1650 2880 quemchristus
1668 2809 1795 2864 instituit.
1831 2808 1869 2863 Et
1885 2807 1938 2863 hoc
1950 2807 2006 2864 suf·

309 2899 369 2960 est)
406 2893 621 2964 chrysostomus
639 2893 711 2950 hom.
731 2900 771 2950 85.
797 2895 826 2949 in
845 2894 922 2950 Joh:
948 2898 1028 2949 Deus
1052 2897 1146 2950 omnia
1171 2890 1231 2946 ficit
1249 2894 1285 2948 ad
1303 2895 1469 2950 servandam
1481 2894 1691 2952 iustitutionem.
1719 2894 1795 2959 Quid
1806 2895 2007 2951 semincorde

307 2981 396 3045 facit,
425 2983 562 3034 sacerdos
589 2981 716 3049 linquam
737 2989 764 3034 et
787 2999 886 3034 maenus
900 2983 1034 3050 praebet,
1059 3001 1146 3052 neque
1172 2977 1208 3033 de
1226 2979 1275 3033 illa
1293 2981 1403 3035 actione
1415 2981 1517 3036 sentiat
1528 2983 1559 3050 is,
1579 2982 1627 3052 qui
1640 2981 1810 3051 baptismum
1822 2981 2005 3046 administrat,

308 3067 381 3119 enim
394 3068 508 3136 justam
527 3076 567 3120 est
584 3075 700 3135 propter
717 3066 837 3119 alterius
854 3068 994 3120 molium
1011 3069 1053 3120 ad
1069 3069 1145 3122 salu-
1171 3066 1224 3121 hoc
1251 3067 1288 3122 ad
1314 3068 1458 3122 veritatem
1484 3067 1542 3124 sive
1568 3067 1758 3138 integritatem
1783 3067 1914 3138 baptismi
1936 3067 2006 3123 nihil

304 3161 361 3207 tem
379 3162 509 3208 nostram
532 3155 694 3209 accedentes
716 3155 828 3223 offendi.
864 3152 1049 3208 Bellsrminus
1068 3153 1292 3226 rege-,interest
1309 3170 1400 3225 neque
1418 3153 1470 3208 hac
1489 3152 1577 3208 voluit
1596 3152 1779 3208 Lombardus.
1805 3153 1908 3208 Postea
1927 3154 2007 3209 addit

309 3239 356 3307 rit,
381 3241 567 3308 probitatem,
593 3258 649 3292 non
674 3239 853 3293 intentionem
878 3240 1002 3292 ministri
1025 3230 1360 3307 secludi'Chemnicius,
1383 3239 1460 3293 illam
1484 3240 1648 3295 sententiam
1667 3240 1751 3294 etiam
1768 3246 1833 3309 post
1852 3238 2004 3295 Lambardi

301 3325 348 3381 At
372 3325 589 3396 chrysostomus
613 3326 642 3379 in
665 3342 766 3396 genere
790 3325 913 3396 loquitur
939 3333 967 3380 et
989 3326 1045 3381 dno
1063 3342 1144 3397 argu·
1169 3330 1295 3395 tempora
1314 3325 1456 3389 mansisse,
1472 3340 1535 3380 cum
1554 3324 1734 3380 Innocentius
1752 3331 1865 3395 statuat,
1884 3325 1921 3379 ad
1933 3326 2005 3382 veri-

309 3420 402 3465 menta
420 3413 534 3481 profert,
554 3428 625 3482 qnae
643 3429 697 3465 non
718 3411 807 3465 solnm
826 3409 981 3481 probitatis,
999 3411 1049 3466 sed
1061 3412 1144 3466 etiam
1169 3416 1256 3465 tatem
1282 3429 1332 3466 seu
1358 3412 1548 3484 integritatem
1565 3413 1696 3484 baptismi
1714 3428 1770 3467 non
1788 3411 1943 3467 necessaria
1964 3429 2005 3468 re

308 3500 469 3555 intentionis
486 3499 677 3553 necessitatem
696 3497 861 3552 excludunt:
889 3504 910 3553 1.
923 3498 999 3552 Deus
1020 3505 1062 3552 est
1072 3497 1255 3568 unus‘quiri,
1283 3499 1350 3570 quid
1376 3499 1501 3554 minister
1526 3500 1612 3568 sciat,
1639 3499 1755 3568 sentiat,
1782 3499 1826 3554 sel
1849 3498 1945 3553 credat
1971 3499 2006 3554 de

305 3592 542 3640 sacramentorum
561 3585 687 3638 dominus
705 3591 733 3638 et
751 3585 780 3637 in
799 3584 833 3638 iis
848 3584 941 3637 omnia
958 3582 1057 3653 efficit3
1075 3585 1145 3638 nihil
1170 3584 1301 3655 baptismi
1324 3585 1368 3640 vel
1394 3585 1549 3640 substantia
1574 3585 1619 3640 vel
1643 3584 1758 3652 effectu,
1782 3584 1864 3639 modo
1881 3583 2007 3656 baptizet

304 3673 393 3744 igitur
409 3671 537 3729 efficiunt
556 3671 721 3738 sacerdotes,
735 3670 790 3724 'sed
803 3675 912 3724 tantum
926 3670 1051 3741 linguam
1065 3687 1144 3741 prae·
1166 3672 1248 3741 juxta
1266 3670 1474 3727 institutionem.
1509 3671 1694 3727 Bellarminus
1713 3670 1862 3738 exclamat,
1879 3672 2006 3726 Cbemni·

309 3756 382 3813 bant
420 3756 599 3813 Sacramenta
616 3772 672 3810 non
688 3762 753 3810 snut
770 3754 897 3822 hominis,
915 3755 963 3826 qui
982 3772 1015 3810 ea
1033 3757 1143 3827 dispen-
1170 3759 1243 3810 ciam
1274 3774 1348 3811 more
1380 3758 1464 3811 solita
1493 3758 1571 3809 mola
1600 3758 1663 3824 fide
1692 3757 1820 3827 allepare
1851 3757 2008 3812 Innocentis'

308 3852 364 3912 sat,
388 3844 438 3899 sed
462 3844 533 3910 Dei,
558 3845 587 3897 in
605 3845 685 3914 eujus
704 3842 813 3896 nomine
834 3842 1036 3913 dispensantur.
1073 3848 1096 3898 2.
1116 3842 1145 3898 si
1168 3845 1261 3899 verba.
1297 3841 1451 3899 Videamus
1474 3858 1542 3914 ergo
1558 3841 1645 3897 verba
1662 3843 1819 3898 innocentii
1835 3859 1859 3900 e.
1896 3844 1926 3899 si
1944 3844 2006 3918 quis

308 3938 483 3986 sscmmcnta
504 3931 560 3984 ulla
579 3930 686 3985 ratione
706 3930 860 4000 penderent
883 3945 900 3982 a
919 3930 1059 3999 ministro,
1084 3936 1144 3984 tum
1169 3938 1237 3984 extr.
1256 3929 1292 3984 de
1309 3927 1378 3998 bapt
1403 3936 1486 4000 prout
1504 3928 1661 4000 allegantur
1678 3930 1715 3984 ab
1727 3928 1837 4001 Angelo
1857 3929 1885 3984 in
1897 3947 2006 3986 summa

306 4019 393 4090 ipsius
422 4018 528 4072 malitia
550 4024 622 4072 esset
640 4016 703 4071 aliis
721 4017 830 4071 damno.
867 4014 946 4070 Haec
960 4015 1144 4071 fundamenta
1169 4016 1244 4071 verb.
1272 4015 1425 4086 baptismus
1449 4021 1515 4069 sect
1540 4021 1564 4070 t.
1595 4013 1709 4070 membr.
1737 4022 1766 4070 t:
1797 4016 1863 4069 Non
1890 4023 1930 4068 est
1958 4031 2005 4068 ns-

308 4111 453 4159 moverunt
482 4103 658 4158 Ambrosium
689 4100 868 4157 Catharinum
905 4100 1143 4173 archiepiscopum
1169 4119 1243 4156 cesse
1267 4104 1364 4172 quoad
1387 4104 1512 4172 effectam
1537 4102 1681 4171 baptismi,
1719 4104 1797 4172 quod
1822 4103 1894 4157 sciat
1914 4102 2003 4162 basn-

302 4191 504 4246 -blineriensem
531 4206 617 4244 unum
643 4206 675 4244 ex
695 4187 822 4259 patribus
841 4186 950 4241 concilii
967 4186 1093 4242 Tridcnt
1110 4195 1143 4243 ut
1169 4206 1250 4249 sens,
1266 4190 1349 4257 quid
1374 4190 1412 4240 sit
1437 4189 1608 4257 baptismus,-
1633 4188 1740 4242 scilieet
1765 4190 1844 4257 quod
1867 4190 2005 4257 infimdat

309 4279 441 4348 scriptum
457 4276 599 4345 peculiare
618 4275 712 4330 ederet
729 4275 765 4328 de
783 4273 935 4328 intentione
954 4273 1086 4343 ministri,
1113 4275 1142 4328 in
1170 4275 1301 4346 pretium,
1319 4273 1458 4342 estquod
1475 4276 1512 4329 sit
1529 4283 1744 4344 sacramentum,
1760 4275 2004 4345 necetiamepor·

310 4380 341 4419 ec
358 4362 509 4435 distinguit
527 4361 666 4432 duplicem
683 4359 879 4415 intentionem:
904 4377 989 4412 unam
1006 4360 1144 4426 facundi
1169 4371 1215 4428 tet,
1233 4362 1310 4431 quod
1329 4363 1427 4414 aedat
1445 4361 1496 4415 boo
1514 4362 1620 4431 speum,
1638 4362 1693 4415 imo
1711 4362 1739 4414 si
1756 4360 1928 4415 conbanem
1947 4378 2004 4416 cre·

310 4452 476 4521 simpliciter
503 4457 595 4502 aetum
621 4456 778 4515 externum,
809 4462 888 4515 quem
913 4446 988 4511 facit
1008 4447 1142 4515 ecciesia,·
1171 4448 1213 4500 siit
1241 4455 1267 4500 et
1295 4455 1408 4517 reputat
1431 4448 1542 4511 trusam
1567 4454 1593 4500 et
1618 4447 1818 4517 deceptionem,
1851 4447 2004 4517 baptismus

263 4538 430 4590 materam
455 4535 587 4599 faciendi
612 4542 704 4586 actum
731 4541 871 4585 aeternum
897 4549 955 4585 nors
971 4533 1144 4601 simpliciter,
1170 4541 1264 4587 tamen
1286 4533 1367 4586 babet
1390 4535 1514 4603 effectum
1536 4550 1633 4602 suum,·
1659 4549 1715 4585 non
1738 4533 1906 4603 requiritur,
1929 4536 2006 4603 quael

309 4627 360 4677 sed
384 4633 413 4677 ut
435 4622 685 4688 sacramentalem,
709 4621 767 4673 siue
789 4620 883 4672 animo
907 4618 1072 4673 relabendi
1087 4637 1144 4687 mp-
1170 4620 1315 4689 baptisans
1333 4618 1412 4685 serat,
1429 4618 1500 4688 quid
1515 4619 1553 4671 sit
1571 4619 1766 4686 ecclesianos
1785 4620 1864 4687 quod
1873 4626 1955 4687 perat
1972 4618 2003 4672 iss

310 4712 434 4778 sterium,
454 4710 531 4778 quod
548 4708 675 4762 Cbrrstus
692 4707 812 4759 instituit
832 4714 859 4758 et
877 4705 997 4759 ecclesia
1015 4705 1143 4761 adebret.
1171 4705 1374 4773 montefoeere,
1390 4706 1468 4774 quod
1483 4704 1557 4767 facit
1576 4705 1703 4774 emleeia,
1720 4704 1775 4756 imo
1793 4705 1820 4757 si
1831 4704 2003 4758 contrarium

304 4797 434 4853 Priorem
452 4795 631 4852 intentionem
649 4794 689 4848 ait
706 4791 825 4865 requiri,
850 4791 1030 4862 posteriorem
1051 4798 1160 4874 negat,
1170 4799 1278 4860 pareret
1294 4791 1325 4843 in
1344 4799 1440 4855 mente,
1459 4791 1551 4843 idest
1569 4808 1625 4844 non
1643 4791 1762 4858 faceret
1780 4792 1858 4859 quod
1870 4791 1946 4856 facit
1963 4807 2004 4845 ec·

310 4885 389 4939 Haeo
409 4883 506 4952 opinio
524 4882 577 4947 (ait
590 4879 787 4946 Bellarminus)
806 4879 960 4933 irensideo
976 4879 1047 4947 qaid
1064 4878 1145 4947 dcffs·
1156 4892 1159 4970 y
1171 4879 1266 4943 alesia,
1286 4879 1338 4929 sed
1355 4884 1447 4929 tamen
1458 4875 1548 4943 facit,
1565 4876 1634 4944 quia
1647 4878 1773 4941 somnam
1784 4883 1885 4940 serem,
1902 4875 2004 4930 nibilo-

306 4981 353 5024 rat
376 4991 397 5026 a
419 4970 555 5023 sententia
582 4967 737 5021 Cbemm'cis'
754 4973 780 5018 et
800 4965 916 5019 illorum
934 4966 1143 5033 baereticorum,
1172 4965 1262 5017 minus
1280 4963 1453 5031 baptisatur,
1478 4963 1629 5016 dummodo
1647 4962 1790 5031 baptizare
1806 4963 1933 5016 intendat
1950 4967 2003 5017 etc.

307 5060 366 5111 sisi
383 5059 462 5126 quod
482 5055 653 5109 Catharinum
672 5052 785 5120 subjicit
803 5067 832 5103 se
849 5052 1023 5119 apostolieae
1040 5053 1103 5106 sedi
1118 5061 1143 5106 et
1171 5050 1272 5105 Postea
1290 5047 1369 5101 addit
1388 5047 1528 5119 Angelus:
1549 5046 1732 5118 landulphus
1753 5053 1845 5103 tamen
1864 5047 1893 5101 in
1910 5047 1958 5103 lib.
1977 5055 2001 5105 4.

306 5144 443 5211 canalio,
462 5143 510 5198 ilii
527 5151 618 5195 autem
635 5147 779 5206 atrumque
798 5137 899 5189 rident.
1170 5144 1238 5191 sent.
1260 5134 1324 5189 dist.
1344 5140 1368 5190 5.
1388 5151 1433 5203 qu.
1453 5139 1477 5190 ι.
1500 5133 1582 5200 dicit,
1608 5135 1712 5202 quodsi
1733 5154 1789 5190 non
1813 5135 1932 5188 intendit
1949 5135 2002 5202 sa·

343 5236 384 5286 36.
420 5228 551 5293 Quaestio
578 5229 612 5282 de
634 5224 798 5280 necessitate
816 5220 975 5276 intentionis
996 5231 1071 5278 mota
1089 5223 1143 5295 pri-
1170 5241 1244 5287 cere,
1268 5223 1345 5291 quod
1358 5221 1438 5287 soeit
1456 5218 1589 5283 aeteus,
1614 5222 1693 5291 meod
1711 5240 1767 5276 non
1788 5222 1826 5275 sit
1840 5220 2002 5290 baptismus.

261 5308 385 5370 ¹⁰’mum
402 5321 447 5369 est
463 5313 677 5381 aScbolasticis,
696 5312 732 5366 de
750 5309 851 5380 quibus
871 5327 927 5363 non
943 5309 1033 5363 solnm
1047 5309 1143 5377 noemi,
1172 5311 1232 5364 Sed
1254 5308 1350 5377 opinio
1368 5307 1526 5360 innocentii
1542 5307 1612 5359 mibi
1630 5308 1722 5376 mapis
1743 5308 1853 5377 placet,
1877 5307 2004 5375 quamvis

306 5403 460 5458 sedetiam
479 5400 576 5454 Abbas
593 5399 769 5461 Trithemius,
785 5396 937 5464 Wesselns,
957 5395 1088 5451 Nicolaus
1108 5397 1143 5453 de
1170 5398 1225 5449 ista
1248 5394 1285 5447 sit
1302 5395 1392 5460 inopis
1413 5400 1473 5445 tuta
1492 5397 1543 5446 etc.
1578 5391 1621 5445 Ex
1642 5392 1685 5445 his
1712 5399 1843 5463 apparet,
1868 5392 2002 5448 Innocen-

261 5520 283 5554 η,
305 5487 483 5559 clamangis,
503 5485 653 5552 Raffeusis‚
673 5483 839 5554 Staphylus,
861 5481 1041 5549 Catharinns,
1060 5480 1142 5535 Eras-
1168 5482 1239 5535 tium
1266 5497 1320 5535 nou
1348 5478 1487 5551 requirere
1513 5477 1564 5531 ad·
1575 5477 1763 5548 integritatem
1792 5478 1941 5548 baptismi,
1973 5486 2008 5545 ut

305 5595 383 5643 mus,
410 5574 570 5629 Ludovicns
592 5572 689 5626 etalii
714 5576 932 5641 conqueruntur,
958 5567 1034 5638 quod
1053 5566 1141 5637 philo·
1170 5567 1295 5622 minister
1312 5567 1393 5629 sciat,
1417 5565 1485 5636 quid
1504 5564 1540 5618 sit
1557 5563 1725 5634 baptismus,
1751 5570 1800 5618 aut
1817 5564 1945 5619 intendat
1960 5565 2002 5619 ia·

305 5661 431 5734 sophicis
458 5659 693 5730 disputationibus
724 5657 767 5712 vel
795 5655 888 5726 potius
917 5652 1140 5709 dubitationibus
1169 5670 1248 5724 cere,
1273 5653 1348 5725 quad
1372 5651 1594 5714 indiscussis,
1620 5665 1692 5721 quae
1709 5649 1796 5705 rerba
1813 5667 1869 5705 non
1886 5650 1922 5706 de
1941 5650 2001 5706 solo

302 5748 451 5804 doctrinae
478 5747 604 5803 ecclesus
625 5746 813 5801 sinceritatem
835 5742 1016 5812 eomuperint.
1054 5741 1138 5797 Iom-
1168 5740 1271 5798 effectu
1286 5741 1401 5798 acticnh
1418 5741 1462 5811 (ut
1482 5739 1542 5794 vult
1558 5737 1770 5806 Bellarminus),
1788 5737 1839 5793 sed
1858 5737 1944 5793 etiam
1965 5737 2003 5792 ds
