4800 6659
432 547 506 646 ‘aa
1111 573 1458 634 mousrrcnsruus

446 749 532 801 mum,
547 746 598 801 par
616 745 698 801 quem
717 730 747 784 in
764 729 863 786 foedus
879 728 934 786 Dei
951 735 1016 784 sunt
1034 729 1150 800 recepti,
1167 747 1200 786 ac
1218 746 1280 801 pro·
1308 730 1380 798 quid
1408 729 1474 783 bosi
1499 746 1518 781 a
1538 729 1772 797 Deo-repertam
1791 725 1885 794 fuisse
1902 726 2015 782 dicatam
2036 732 2058 785 1.
2075 726 2139 800 Bag.

415 839 418 846 ·
445 816 559 873 fitentur
581 813 673 870 adhuc
699 814 784 871 fidem
808 816 1008 884 Christianam,
1032 815 1150 887 ideoque
1166 834 1217 889 pro
1236 834 1281 871 ex·
1310 820 1354 885 11,
1375 834 1401 870 ν.
1422 820 1461 871 13.
1486 831 1550 870 cum
1567 817 1661 869 tamea
1680 812 1865 871 Jeroboamus
1884 820 1913 869 et
1933 814 2037 885 conjux
2057 813 2140 885 ipsius

445 902 532 957 ternis
579 900 713 957 ecclesiae
756 902 887 956 membris
922 902 1014 956 adhuc
1049 901 1171 957 habendi
1207 908 1280 958 sunt.
1307 907 1399 957 esseut
1439 899 1618 954 idololatricis
1652 899 1773 955 cultibus
1811 917 1845 954 ac
1882 898 2022 971 impietati
2060 899 2141 955 dedit’

447 986 579 1052 Quamvis
603 1004 667 1044 vero
691 993 805 1058 propter
828 987 1063 1058 impoenitentiam
1088 993 1116 1042 et
1134 986 1281 1044 increduli·
1310 993 1332 1042 l.
1349 987 1419 1059 Reg.
1447 991 1494 1053 tt,
1512 1002 1538 1040 v.
1556 990 1598 1041 28.
1625 990 1653 1041 et
1678 1001 1754 1057 seqq.
1800 992 1824 1042 5.
1844 984 1917 1050 Quia
1936 985 2016 1040 Deus
2035 983 2140 1057 spurios

448 1079 533 1128 tatem
547 1079 611 1127 actu
624 1089 680 1127 non
692 1073 821 1128 fruantur
832 1072 974 1129 beneficiis
986 1075 1015 1126 in
1026 1072 1138 1129 foedere
1149 1073 1281 1145 baptismi
1307 1073 1390 1128 etiam
1408 1089 1493 1127 manu
1512 1087 1563 1126 sua
1581 1070 1681 1142 opifice
1697 1071 1803 1143 lingere
1821 1078 1849 1128 et
1867 1071 1990 1127 animam
2007 1086 2044 1128 ac
2061 1070 2142 1126 vitam

446 1158 572 1230 ipsismet
596 1159 738 1229 promissis
762 1176 796 1214 ao
816 1159 939 1229 collatis3
967 1166 1059 1214 tamen
1079 1164 1209 1230 exparte
1227 1158 1281 1213 Dei
1308 1158 1348 1214 eis
1367 1158 1508 1230 impertire
1531 1175 1587 1213 non
1609 1157 1793 1229 dedignatur,
1811 1159 1878 1232 quin
1896 1176 1983 1231 saepe
2000 1157 2099 1228 efficit,
2114 1165 2144 1213 ut

445 1243 545 1299 foedus
565 1250 770 1299 menstratum
788 1260 821 1298 ac
839 1243 962 1314 firmum,
987 1251 1020 1300 ut
1038 1261 1088 1314 per
1104 1262 1198 1300 veram
1216 1263 1281 1317 poe·
1309 1245 1388 1300 νόθοι
1413 1265 1445 1316 γε
1474 1247 1574 1298 πολλοὶ
1600 1254 1723 1315 γνησίων
1747 1245 1893 1319 ἀμείνονες
1912 1245 1983 1315 sint,
2010 1262 2079 1317 ergo
2096 1261 2145 1317 per

445 1329 591 1385 nitentium
615 1330 652 1384 ad
671 1330 741 1385 illud
758 1337 893 1401 perpetuo
911 1329 980 1401 ipsis
998 1337 1094 1403 pateat
1110 1332 1229 1401 reditus,
1251 1338 1282 1386 ut
1308 1348 1409 1402 aquam
1426 1330 1557 1402 baptismi
1578 1331 1688 1386 eosdem
1706 1333 1890 1404 regenerabit.
1922 1337 1947 1388 6.
1959 1331 2144 1398 Quemadmo-

445 1415 522 1470 nullo
543 1414 599 1469 alio
617 1415 756 1486 baptismo
774 1416 820 1469 vel
839 1415 893 1470 alio
911 1414 1023 1471 foedere
1042 1416 1196 1489 indigeant,
1216 1416 1281 1472 inde
1308 1418 1374 1472 dum
1400 1417 1508 1488 spurios
1533 1415 1641 1487 obligat
1665 1417 1710 1472 lex
1736 1418 1830 1473 divina
1856 1419 1892 1474 de
1908 1417 2080 1475 honorandis
2098 1434 2144 1489 pa-

446 1502 530 1555 etism
547 1500 628 1555 liberi
647 1502 757 1556 illorum
770 1503 897 1573 gaudent
909 1502 1002 1557 adhuc
1014 1503 1069 1558 ista
1080 1504 1282 1576 praerogativa,
1307 1503 1447 1564 rentibus;
1466 1502 1507 1557 ite
1523 1502 1559 1557 ad
1577 1503 1688 1557 eosdem
1705 1504 1826 1574 pertinet
1838 1505 1983 1576 promissio
1997 1503 2145 1560 ioedemlis

445 1586 521 1657 quod
539 1587 575 1640 ad
594 1587 762 1658 baptismum
781 1588 850 1660 ipsis
871 1593 969 1660 pateat
986 1589 1086 1658 aditus,
1108 1595 1283 1645 cumcontra
1307 1588 1411 1659 populo
1441 1587 1495 1643 Dei
1524 1587 1616 1642 facta:
1653 1588 1730 1644 ERO
1760 1589 1861 1647 DEUS
1888 1590 2044 1648 selinus
2069 1589 2143 1647 TUI.

446 1671 600 1728 infidelium
630 1673 710 1748 liberi
738 1691 798 1729 eam
828 1693 884 1729 non
908 1674 1045 1741 habeant,
1077 1681 1173 1746 utpote
1193 1676 1284 1731 aliem
1307 1674 1381 1729 Vide
1399 1672 1588 1744 Augustinum
1613 1674 1695 1744 epist.
1715 1681 1756 1732 75.
1779 1675 1817 1730 ad
1835 1675 1979 1732 Auxilium
2002 1692 2144 1732 macer·

446 1760 558 1814 omnino
576 1777 596 1812 a
613 1761 785 1814 testamentis
803 1761 1001 1830 promissionis
1018 1760 1121 1832 Ephes.
1143 1769 1172 1832 2,
1192 1780 1217 1818 v.
1242 1768 1281 1818 12.
1308 1759 1409 1815 dotem.
1445 1760 1477 1794 *³*
1484 1757 1660 1829 Augustinus
1684 1759 1733 1817 lib.
1753 1766 1778 1817 2.
1801 1768 1898 1817 contra
1925 1763 1995 1817 duas
2014 1760 2144 1834 epistolss

445 1845 620 1916 Augustinus
638 1846 666 1899 in
685 1846 766 1917 epist.
787 1853 825 1901 75.
845 1847 881 1901 ad
899 1846 1043 1902 Auxilium
1062 1848 1219 1904 concludit:
1248 1849 1284 1903 Si
1306 1844 1404 1915 Pelag.
1430 1862 1453 1899 c.
1475 1850 1500 1900 6.
1518 1850 1547 1898 et
1563 1850 1586 1898 7.
1615 1846 1747 1915 proponit
1767 1846 1840 1902 hano
1863 1848 2070 1919 quaestionem:
2098 1849 2143 1902 Aa

446 1932 509 2000 quis
534 1940 669 1985 nascatur
686 1949 718 1986 ec
730 1933 899 2001 pareatibus
920 1935 1177 1999 excommunicatis,
1201 1934 1282 1988 iliam
1307 1930 1434 1997 infantes
1465 1937 1585 2000 psopter
1616 1932 1718 1985 merite
1752 1933 1798 1986 oei
1829 1936 1967 1990 demerito
1995 1941 2143 2006 parentum

447 2023 539 2070 mmsis
557 2018 720 2087 hujusmodi
738 2019 1028 2073 excommunicationis
1039 2020 1213 2090 participem
1225 2038 1283 2075 esse
1306 2017 1554 2086 praedestinentur
1579 2017 1623 2070 vel
1647 2018 1854 2087 reprobemur!
1877 2026 1907 2076 et
1928 2020 2082 2093 respondet
2098 2036 2144 2075 nc

447 2122 502 2158 aon
515 2121 611 2174 posse,
627 2122 688 2158 cam
706 2122 792 2174 ocosse
811 2106 848 2160 sit
866 2107 1002 2176 criminis,
1017 2109 1209 2177 protasome
1224 2125 1282 2163 esse
1309 2100 1420 2173 gaurs,
1446 2104 1515 2172 quta
1542 2118 1626 2173 saepe
1638 2104 1675 2172 fit
1693 2104 1817 2175 (inquit),
1844 2113 1874 2159 ut
1890 2107 1994 2171 iesous
2011 2114 2096 2162 natas
2113 2122 2145 2159 ec

448 2208 467 2243 a
487 2191 623 2259 baptismo
641 2192 853 2248 secludendum.
1304 2189 1472 2258 pareatibus
1501 2190 1613 2259 optimas
1645 2197 1670 2244 ct
1701 2190 1888 2246 sanctissimis
1916 2193 1977 2247 sins
2006 2193 2144 2263 baptismo

321 2294 393 2345 coss·
483 2282 542 2333 205.
578 2276 738 2348 Antequam
761 2277 798 2333 ab
816 2277 927 2349 objecto
946 2279 1077 2350 baptismi
1099 2278 1282 2344 discedamus,
1309 2275 1448 2329 moriatur·
1471 2282 1497 2329 ct
1515 2283 1632 2344 petat,
1667 2283 1750 2331 ναννν
1774 2294 1841 2332 osso
1865 2295 1898 2333 es
1911 2287 2036 2348 parmate
2054 2280 2143 2345 sorsi-

321 2345 410 2436 fflssY'
449 2363 630 2419 excutiendae
661 2369 727 2418 sunt
754 2364 861 2436 aliquot
889 2366 1071 2436 quaestiones.
1120 2366 1282 2432 Quaeritur:
1310 2368 1404 2415 cature
1430 2368 1455 2414 et
1481 2369 1571 2416 matre
1590 2362 1733 2417 meretrice
1746 2380 1801 2431 per
1819 2364 1986 2434 baptismum
2001 2382 2143 2435 regenm-

339 2454 377 2497 1x.
390 2452 436 2497 2¹5⁸·
449 2455 473 2506 1.
491 2452 539 2504 Aa
564 2451 690 2515 infantes
712 2452 807 2521 spurii
828 2469 862 2505 ec
885 2453 1049 2522 incestuoso,
1068 2451 1232 2506 adulterimo
1250 2470 1285 2506 ae
1310 2454 1357 2501 tar
1384 2455 1410 2500 et
1432 2449 1565 2502 salvetur.
1602 2448 1686 2504 Anno
1705 2454 1780 2506 1589.
1803 2450 1850 2505 dis
1877 2450 2032 2507 1111πῶ
2050 2451 2144 2507 habita

320 2523 435 2616 ”mm
448 2538 545 2607 quosis
571 2537 675 2592 illicito
705 2539 850 2592 concubitu
877 2539 941 2592 noti
966 2541 1008 2592 od
1037 2538 1202 2608 baptismam
1229 2538 1286 2590 siat
1310 2540 1352 2589 est
1375 2533 1497 2604 synodus
1517 2532 1732 2591 calvinistarum
1750 2535 1865 2607 Vilnae,
1890 2537 1920 2591 in
1947 2554 2006 2610 qua
2033 2539 2142 2610 publice

334 2626 386 2666 .an
401 2627 435 2666 ¹¹¹·
450 2624 641 2678 adnsitteadii
671 2623 850 2679 Affirmatnr:
884 2630 905 2680 1.
937 2625 1003 2695 quia
1034 2640 1086 2695 per
1113 2622 1286 2677 Christianos
1312 2621 1452 2675 decretum
1471 2625 1525 2685 est,
1543 2638 1577 2675 ne
1595 2622 1657 2691 pass
1675 2622 1812 2691 pessulos
1830 2624 1977 2691 silspitime
1995 2632 2080 2679 natos
2098 2626 2143 2700 io·

320 2676 395 2777 bbb‘rii
448 2716 591 2780 parentes,
625 2726 740 2782 quorum
770 2710 866 2768 liberis
894 2711 930 2765 ed
963 2709 1132 2781 baptismum
1166 2708 1285 2763 diximus
1309 2707 1418 2775 ptizare
1438 2709 1548 2761 arsdeet.
1577 2706 1712 2764 Hadrian.
1731 2708 1852 2781 Jungius
1870 2708 1917 2763 lib.
1932 2715 1956 2764 3.
1972 2709 2142 2765 dedoctrins

320 2779 396 2871 2:32¹,
449 2804 545 2866 patere
563 2796 686 2865 aditum,
713 2813 769 2852 non
787 2796 980 2867 intelliguntur
998 2796 1053 2860 illi,
1079 2794 1126 2866 qui
1144 2812 1238 2850 veram
1257 2799 1286 2849 et
1311 2795 1340 2845 et
1365 2792 1488 2847 moribus
1515 2793 1641 2864 evangel.
1668 2810 1691 2848 a
1714 2799 1753 2849 17.
1782 2813 1810 2866 p.
1829 2800 1886 2851 333.
1916 2796 2001 2853 Anno
2026 2796 2141 2853 158111]

450 2881 603 2937 salvificam
627 2882 710 2938 fidem
739 2888 852 2938 sanctae
880 2883 954 2938 sitae
986 2881 1123 2937 fructibus
1146 2887 1285 2937 testantur
1309 2877 1472 2933 Palatinam
1493 2878 1602 2935 articuli
1627 2880 1742 2952 quidam
1758 2880 1954 2938 Calvinisticae
1972 2882 2141 2939 reformatio

449 2974 534 3038 atque
554 2965 640 3029 ὄννως
658 2968 821 3038 christiani,
843 2968 923 3024 electi
943 2975 971 3023 et
989 2968 1044 3023 Dei
1061 2970 1112 3025 filii
1131 2979 1210 3042 sunt,
1229 2989 1285 3043 qua
1309 2964 1352 3017 nis
1373 2964 1545 3020 disseminati
1564 2972 1637 3034 sunt,
1655 2983 1773 3038 qnorum
1791 2968 1929 3024 secundus
1940 2967 2141 3026 hahebathsec

448 3054 556 3111 ratione
573 3071 714 3125 nunquam
733 3060 810 3110 certo
829 3062 956 3111 constare
971 3063 1081 3127 posset,
1112 3059 1225 3129 quinam
1243 3047 1410 3114 iwerin:
1432 3052 1571 3121 Insania,
1590 3053 1639 3122 qai
1658 3070 1691 3106 a
1710 3053 1859 3123 altifii'm‘)
1877 3055 1960 3110 ‘hm
1977 3064 2140 3121 meum,

448 3140 538 3196 lantes
562 3157 579 3195 a
597 3139 765 3211 baptismum
784 3141 950 3197 admittendi
969 3142 1038 3213 sint3
1064 3144 1113 3198 ssd
1134 3143 1163 3198 in
1182 3119 1440 3225 genereiaeltmat
1454 3139 1616 3207 perditioni
1631 3157 1666 3193 ac
1684 3141 1863 3194 damnationi
1879 3142 2078 3214 obsoniisam,
2095 3160 2141 3198 sec

448 3242 557 3290 omnes,
582 3226 630 3297 qui
647 3226 731 3281 fidem
751 3226 936 3282 Christianam
953 3227 1132 3299 profitentur,
1152 3230 1238 3287 verbo
1257 3224 1790 3294 et÷l²0rb012i²⁶⁸m²⁴mj¹ivaril²⁰⁸m
1817 3226 1943 3282 &caum
1956 3228 2141 3302 i¹1¹²l>l¹015¹¹²

448 3313 629 3367 sacramentis
655 3317 771 3368 utuntur
797 3319 881 3384 atque
905 3312 934 3366 in
953 3320 1066 3370 externa
1087 3317 1222 3373 ecclesiae
1240 3336 1282 3375 so·
1295 3294 1298 3345 ³
1310 3307 1524 3365 calvinistarum
1542 3308 1689 3382 aphorism·
1712 3318 1753 3368 22·
1771 3316 1855 3384 plhl:
1876 3305 1952 3384 Seth,
1970 3316 2023 3370 dos
2042 3318 2141 3371 ostica

448 3400 548 3455 cietate
577 3399 668 3453 locum
696 3399 809 3456 habent.
858 3405 882 3455 2.
909 3399 982 3463 Quia
1009 3403 1205 3473 praerogativa
1235 3406 1284 3460 illa
1309 3395 1353 3448 1⁰⁸
1377 3415 1396 3449 α
1416 3398 1583 3467 quibwdam
1603 3399 1767 3454 Calvinittt't
1785 3402 1869 3471 rejici
1889 3409 2025 3472 maguum
2043 3421 2141 3475 suppo·

446 3482 594 3540 liberorum
613 3502 646 3539 ex
664 3483 830 3539 Christianis
855 3484 1018 3556 parentibus
1045 3494 1173 3544 natorum
1194 3490 1282 3545 haud·
1308 3482 1420 3539 81111108·
1458 3484 1518 3538 Sed
1543 3486 1653 3539 videtur
1679 3485 1749 3541 baec
1775 3489 1912 3542 smtsatia
1939 3498 2041 3559 oporte
2066 3490 2143 3561 semsi

353 3563 358 3573 ’
447 3586 586 3641 quaquam
615 3570 713 3626 nititur
738 3570 877 3641 probitate
904 3588 937 3625 ac
964 3571 1099 3643 dignitate
1127 3551 1341 3678 parentumfeal
1360 3569 1515 3640 ΡΐὶΜῑΡῑῐθ
1537 3571 1658 3625 Caluini·
1693 3572 1760 3642 11280
1780 3575 1852 3628 euim
1871 3576 1965 3642 docel,
1977 3577 2141 3645 promistio-

446 3656 495 3711 sed
524 3656 619 3711 divina
645 3656 695 3710 illa
718 3655 899 3727 promissione
920 3654 1019 3712 Genea.
1042 3664 1088 3728 tt,
1114 3678 1140 3716 v.
1162 3668 1191 3716 t:
1220 3664 1282 3718 Ero
1308 3671 1369 3709 nem
1388 3656 1522 3711 Abrahae
1547 3665 1574 3711 tt
1602 3658 1670 3713 aliia
1690 3660 1826 3729 fidelibus
1845 3662 2016 3731 pareatibus
2031 3664 2141 3731 saetam

446 3743 528 3796 Deus
547 3749 610 3794 tuus
628 3749 654 3795 et
665 3744 746 3795 Deus
758 3742 872 3796 seminis
884 3744 940 3812 tui,·
960 3742 1076 3813 proinde
1090 3762 1146 3800 non
1160 3704 1296 3819 exspirat⁴
1305 3743 1371 3811 iure
1392 3743 1567 3797 hereditario
1590 3746 1758 3800 descendero
1776 3749 1819 3800 ad
1832 3747 1912 3818 filim
1924 3765 1981 3819 per
2000 3750 2141 3804 caraulas

445 3828 490 3883 rel
510 3827 650 3883 evanescit
668 3834 781 3899 propter
800 3829 969 3899 impietatem
984 3837 1139 3901 parentum.
1170 3840 1194 3889 3.
1209 3809 1513 3899 Quia¹90neralt¹onem
1535 3847 1566 3884 co
1586 3833 1684 3902 modo,
1704 3850 1758 3903 quo
1776 3834 1873 3889 civilio
1886 3843 1989 3904 podo,
2000 3838 2100 3905 faedo
2118 3844 2142 3892 st

446 3921 575 3986 parentes
601 3913 698 3969 talium
723 3914 872 3971 liberorum
897 3916 1023 3988 quamvis
1043 3918 1071 3973 in
1090 3927 1204 3976 externa
1219 3939 1282 3993 gra·
1293 3880 1296 3998 1,
1308 3916 1380 3970 bow
1392 3917 1852 3990 hereditariapareatumsdfitios
1861 3922 2038 3977 derivantur.
2056 3924 2142 3995 aspa

445 4003 524 4057 viora
556 4000 660 4057 delicta
695 4002 817 4074 prolapsi
854 4002 974 4073 gratiam
1004 4004 1059 4059 Dei
1087 4023 1120 4061 ae
1147 4007 1365 4077 Spiritumltem
1388 4003 1484 4057 diuino
1510 4022 1593 4072 quom
1617 4005 1740 4061 humano
1758 4007 1829 4075 jars
1847 4016 1937 4078 pacto
1957 4018 1983 4063 st
2001 4010 2075 4066 boso
2091 4027 2140 4082 po·

446 4093 572 4142 sanctum
595 4087 737 4144 amiserint
756 4104 790 4143 ac
808 4087 924 4158 proinde
944 4088 1142 4147 beneficiorum
1161 4083 1389 4162 sososusltema
1412 4090 1576 4145 derivamus
1593 4093 1635 4145 ad
1644 4092 1726 4162 filios
1744 4094 1896 4165 legitimos,
1916 4113 1975 4150 νον
1993 4105 2088 4152 cutm
2104 4099 2143 4151 ed

447 4174 476 4227 in
500 4173 639 4245 baptismo
660 4173 725 4229 initi
746 4191 802 4230 non
827 4173 947 4246 amplius
966 4176 1022 4231 sint
1039 4178 1190 4250 participes
1207 4169 1478 4252 amantissimos.
1532 4177 1614 4247 Ergo
1653 4178 1798 4246 illegitimi
1825 4198 1881 4234 noa
1908 4182 2088 4237 comissam
2114 4184 2141 4237 is

448 4266 541 4315 tamen
566 4267 701 4335 exparte
723 4261 778 4317 Dei
800 4261 899 4317 foedus
924 4261 994 4316 illud
1019 4270 1226 4322 menstratum
1248 4286 1281 4324 ac
1302 4263 1491 4333 pr0m2‘882'0t0
1511 4264 1643 4318 Abrahae
1667 4267 1757 4330 facta·
1793 4268 1874 4336 Erto
1891 4267 1990 4336 cicilio
2012 4270 2143 4341 baptismi

447 4344 557 4401 firmum
583 4366 616 4403 ac
643 4348 758 4420 proinde
787 4347 866 4405 liberi
891 4365 924 4404 ex
948 4348 1005 4402 illis
1031 4350 1090 4405 nati
1113 4370 1164 4423 pro
1187 4349 1455 4448 liberis'obsipaari
1472 4367 1529 4403 ace
1547 4351 1691 4406 debenti*

447 4431 566 4487 foederis
590 4440 655 4488 suut
673 4435 812 4491 censendi.
849 4441 873 4490 1.
893 4433 965 4499 Quia
982 4434 1011 4490 in
1031 4435 1067 4492 V.
1086 4436 1120 4494 T.
1139 4438 1222 4494 etism
1241 4440 1281 4495 illi
1343 4441 1402 4492 206.
1438 4433 1567 4492 Ceterum
1591 4438 1747 4509 spuriorum
1772 4438 1911 4511 baptismo
1935 4439 2049 4497 obstare
2068 4442 2141 4498 ride·
2153 4442 2197 4495 011·

445 4518 565 4573 infantes
596 4520 751 4575 circumcisi
780 4525 860 4589 sunt,
895 4521 943 4592 qui
976 4537 1010 4574 ex
1039 4524 1206 4580 scortatione
1236 4505 1364 4581 vel'mr:
1393 4526 1417 4575 1.
1443 4526 1520 4592 qaod
1534 4525 1682 4593 peculiari
1703 4528 1839 4582 mendac
1865 4527 1925 4581 Dei
1955 4527 2062 4603 ’1,11213,
2094 4507 2197 4592 Ῑνννῖε

447 4604 583 4661 adulterio
613 4606 700 4677 geniti
732 4625 765 4663 ac
798 4625 916 4679 quorum
949 4616 1077 4680 parentes
1106 4611 1346 4682 gedenhusem
1375 4611 1520 4663 discorso
1540 4617 1641 4679 actus,
1663 4612 1828 4681 prohibetur
1853 4613 1967 4683 ingredi
1994 4599 2197 4707 moioeiomffl

447 4691 554 4749 delictis
573 4698 670 4749 contra
687 4696 883 4752 conscientiam
901 4695 1022 4752 immersi
1033 4696 1153 4752 fuerunt.
1185 4698 1280 4756 dudio.
1293 4685 1294 4714 ³
1307 4695 1427 4749 Domini
1446 4695 1530 4748 etiam
1550 4698 1660 4751 decima
1678 4698 1869 4769 ymerotioss,
1903 4698 1988 4757 Dcut.
2008 4706 2050 4769 23,
2073 4720 2100 4757 v.
2120 4708 2197 4759 Μ’

450 4785 495 4848 ll,
517 4798 544 4837 r.
564 4785 593 4834 1:
620 4781 760 4849 depilari
786 4792 848 4838 erut
870 4783 948 4848 filius
972 4784 1099 4838 mulieris
1118 4761 1386 4877 meretriciaiErpo
1413 4800 1432 4835 α
1462 4783 1671 4838 cirmmcisicne
1695 4785 1754 4849 fait
1778 4784 1939 4854 prohibitus
1963 4804 2000 4842 ac
2017 4766 2197 4859 proinde's'b

447 4865 521 4924 idem
539 4872 632 4923 tamen
651 4866 827 4925 circumcisus
846 4868 913 4939 fuit,
932 4869 999 4941 quia
1020 4870 1145 4940 Spissius
1160 4874 1283 4927 Domini
1292 4921 1294 4927 ,
1306 4870 1388 4923 etiam
1406 4887 1425 4922 a
1444 4869 1581 4938 baptismo
1599 4873 1747 4926 arcendas.
1778 4870 2005 4942 Respondemus:
2032 4871 2197 4966 ingrediffl

447 4972 531 5023 super
549 4956 733 5024 samsucius,
750 4975 775 5010 v.
790 4964 831 5014 29.
852 4957 1055 5028 quiescaiores
1068 4928 1449 5014 thmdcarsm¹scelesiam
1478 4956 1530 5011 hoc
1557 4956 1618 5011 loco
1646 4974 1700 5013 non
1734 4956 1874 5030 significat
1903 4956 1964 5013 fieri
1987 4960 2197 5016 membrarum¹

446 5041 477 5093 ia
495 5042 594 5094 ducem
613 5058 673 5095 eum
693 5041 810 5111 stipant,
831 5060 857 5096 v.
876 5048 900 5099 8.
926 5041 993 5113 quia
1017 5043 1124 5097 scamis
1141 5044 1212 5098 viris
1230 5063 1279 5098 aa·
1292 5031 1294 5047 '
1305 5042 1448 5111 ecclcsiae,
1465 5043 1598 5098 interesse
1612 5043 1732 5116 puhlicis
1750 5044 1845 5115 sacris,
1856 5043 1906 5099 sed
1917 5044 2034 5116 publico
2045 5046 2140 5103 officio
2153 5065 2197 5110 ω

429 5136 609 5183 cameratas
626 5125 712 5182 Hebr.
735 5132 774 5193 11,
795 5146 820 5182 v.
841 5134 882 5185 32.
917 5128 961 5184 De
978 5128 1071 5197 filiolo,
1091 5122 1174 5201 quern
1186 5130 1280 5186 David
1293 5130 1335 5183 ‘in
1362 5130 1479 5185 ecclesia
1497 5146 1530 5184 ac
1548 5130 1647 5202 politia
1662 5129 1757 5202 fungi,
1785 5149 1811 5186 v.
1832 5137 1853 5187 1.
1887 5130 2018 5187 Eunuchi
2038 5121 2197 5214 attritisss:

447 5230 481 5271 ex
512 5214 670 5271 Bethsabea
701 5212 797 5268 illicito
830 5214 979 5270 concubitu
1013 5222 1187 5288 susceperat,
1221 5218 1280 5289 ipse
1305 5217 1350 5272 vel
1378 5216 1527 5286 amputatis
1554 5216 1689 5272 testiculis
1714 5223 1743 5272 et
1769 5218 1892 5274 abscisso
1915 5224 2027 5275 veretro
2043 5219 2140 5276 itidem

446 5300 607 5371 pronuntiat
638 5306 662 5357 2.
683 5298 756 5370 Sam.
776 5304 816 5368 12,
834 5316 859 5353 v.
878 5305 926 5355 23:
944 5302 1009 5371 Ego
1029 5304 1134 5357 oudam
1152 5306 1194 5357 ad
1211 5321 1280 5375 sam,
1293 5280 1295 5356 f
1305 5300 1488 5372 prohibentur
1505 5302 1650 5357 ecclesiam
1668 5302 1786 5375 ingredi,
1804 5304 1878 5376 quod
1900 5304 1923 5359 si
1942 5305 1997 5361 hac
2009 5291 2141 5377 loquendi

447 5403 481 5444 ex
499 5405 554 5459 quo
573 5385 752 5458 intelligitur,
775 5384 851 5455 quod
875 5402 926 5456 per
943 5386 1178 5444 circumcisionem
1195 5377 1426 5458 fueritffformula
1452 5388 1488 5443 ab
1506 5389 1603 5443 auditu
1621 5391 1699 5446 verbi
1718 5396 1746 5446 et
1764 5407 1817 5446 usu
1836 5397 2077 5448 sacramentorum
2098 5410 2141 5449 cx·

446 5478 476 5531 in
502 5474 600 5530 foedus
623 5472 677 5530 Dei
699 5478 836 5545 receptus.
873 5470 1004 5539 (Quidam
1027 5481 1121 5531 tamen
1145 5481 1280 5547 statuunt,
1293 5466 1496 5556 icluderentnr,
1521 5475 1557 5530 ab
1583 5473 1645 5546 ipsa
1669 5493 1781 5548 quoque
1802 5476 1892 5532 edute
1916 5477 2021 5533 exclusi
2041 5477 2141 5545 forent,

446 5563 521 5618 hanc
550 5560 684 5616 infantem
709 5564 774 5615 ente
802 5563 931 5615 octavum
963 5561 1117 5616 mtivitatis
1145 5561 1219 5617 diem
1245 5579 1279 5618 ae
1294 5561 1388 5631 jcujus
1415 5561 1580 5617 conharium
1606 5566 1726 5617 metatur
1748 5562 1814 5618 Era
1834 5567 1880 5632 tt,
1902 5580 1928 5619 v.
1948 5569 1973 5620 1.
2010 5562 2142 5621 Similiter

446 5649 563 5721 proinde
580 5653 645 5703 ante
662 5654 820 5719 susceptam
838 5644 1075 5703 circumcisionem
1092 5648 1121 5702 in
1138 5647 1208 5703 vivis
1220 5665 1281 5704 esse
1294 5628 1484 5703 'Ammonitas
1509 5665 1542 5704 ao
1561 5648 1702 5704 Moabitae
1721 5648 1904 5721 prohibentur
1923 5649 2035 5723 ingredi
2053 5651 2085 5707 iu
2102 5667 2142 5707 ee-

448 5735 574 5804 desiisse,
597 5752 653 5806 qua
677 5735 712 5790 de
736 5750 766 5791 re
793 5733 877 5805 paulo
901 5738 965 5804 post
990 5733 1165 5803 videbimus.)
1201 5734 1281 5792 Jero·
1307 5734 1421 5790 alesiam
1441 5734 1470 5788 in
1486 5739 1638 5805 aeternum,
1658 5754 1684 5790 v.
1702 5741 1726 5791 3.
1747 5737 1822 5808 quod
1839 5753 1896 5793 uon
1906 5741 2002 5808 potest
2013 5754 2048 5795 eo
2061 5753 2141 5795 saum

446 5821 539 5881 bcami
561 5820 636 5877 lilius
656 5820 731 5878 Abia
756 5820 936 5878 circumcisus
963 5823 1020 5889 sat,
1044 5836 1108 5876 cum
1125 5821 1156 5877 ia
1173 5838 1207 5876 eo
1225 5823 1280 5877 sii-
1294 5821 1410 5893 ,accipi
1437 5837 1470 5876 ac
1497 5820 1522 5876 si
1545 5821 1637 5878 aditus
1659 5822 1696 5878 ad
1719 5822 1941 5879 sedeciamillis
1957 5823 2145 5897 punctuate
