4800 6659
479 653 540 713 280
1150 644 1273 705 Locus
1289 643 1495 704 menemus

477 801 588 857 minime
607 818 688 871 vero,
714 800 782 856 dicit
800 800 888 864 euim,
912 799 986 855 hune
1006 817 1108 873 agnum
1130 807 1233 869 αἴρειν,
1259 802 1313 857 hoc
1341 808 1446 869 pentes,
1471 817 1542 871 qrsae
1563 804 1809 872 antepassionem
1829 811 1926 873 potest
1946 804 2078 871 inteliiyi
2092 806 2182 869 fus‘sss

477 895 519 946 est
543 890 572 944 in
592 908 621 944 se
638 890 760 959 recipere
778 894 807 943 et
827 888 908 941 simul
927 888 1050 957 auferre,
1070 898 1185 958 peccata
1204 890 1309 954 mundi,
1341 889 1466 957 tradita,
1496 890 1562 942 liz-et
1587 907 1643 943 non
1666 892 1703 943 sit
1728 890 1871 959 scriptum.
1903 896 1928 945 l.
1948 890 2016 946 Joh.
2036 898 2070 957 3,
2097 911 2123 946 v.
2142 899 2181 951 26.

478 977 551 1047 quod
576 976 605 1029 in
631 976 760 1046 passione
778 982 806 1029 et
823 982 911 1030 morte
930 976 990 1045 ejus
1008 975 1233 1030 innocentissima
1252 994 1313 1046 per·
1341 973 1459 1028 refertur
1478 976 1513 1029 de
1531 974 1676 1045 discipulis
1694 975 1838 1043 iohannis,
1859 976 1935 1047 quod
1953 965 2040 1048 aegre
2058 979 2179 1044 tulerint,

478 1071 585 1130 actum3
604 1062 685 1117 unica
702 1062 756 1116 hac
776 1063 908 1116 concione
926 1062 1012 1115 veluti
1034 1070 1139 1117 remoto
1151 1064 1213 1116 velo
1228 1064 1315 1117 mani·
1342 1059 1482 1114 Christum
1508 1078 1559 1131 per
1587 1061 1725 1131 apostolos
1748 1063 1906 1133 baptizare,
1939 1063 2073 1119 dafenmt
2097 1066 2180 1137 igitur

477 1150 575 1213 fastai,
600 1148 734 1219 quicquid
758 1148 809 1202 sub
834 1154 903 1219 typo
927 1147 1123 1203 sacrificiorum
1143 1150 1176 1204 V.
1194 1149 1227 1203 T.
1254 1149 1315 1203 abs·
1341 1165 1399 1201 rem
1416 1148 1453 1201 ad
1470 1146 1626 1203 Johannem
1646 1149 1721 1203 hisce
1740 1150 1846 1204 verbis:
1865 1150 1973 1214 Rabbi,
1994 1152 2047 1220 qui
2065 1162 2127 1205 erat
2144 1162 2179 1206 te

477 1235 618 1290 conditum
650 1233 763 1288 latebat.
812 1233 936 1288 Hilarius
965 1234 994 1288 in
1021 1233 1068 1288 lib.
1106 1235 1141 1290 de
1167 1234 1260 1289 Patris
1288 1242 1316 1290 et
1342 1251 1403 1286 mim
1414 1241 1494 1287 trans
1508 1236 1674 1297 Jordancm,
1693 1237 1739 1288 cui
1756 1245 1788 1289 tu
1803 1236 1991 1290 testimonium
2000 1239 2179 1305 perhibuisti,

478 1321 542 1377 Filii
572 1322 677 1375 unitate
702 1338 766 1391 pag.
790 1326 848 1375 765.
876 1327 950 1375 recte
967 1328 1076 1389 monet,
1107 1324 1217 1374 nomine
1248 1324 1317 1390 apni
1342 1336 1403 1373 ecee
1421 1320 1466 1373 hic
1485 1320 1607 1389 baptizat
1631 1329 1657 1373 ct
1676 1339 1768 1375 omnes
1785 1323 1898 1375 ueniunt
1916 1325 1957 1376 ad
1978 1340 2051 1377 eum.
2088 1324 2179 1388 Quod·

479 1408 611 1462 denotari
637 1414 662 1459 et
684 1408 854 1476 patientiam
881 1416 906 1459 et
929 1408 1100 1477 passionem.
1141 1406 1315 1477 Epiphanius
1342 1405 1364 1458 si
1385 1405 1442 1460 alia
1463 1405 1563 1460 fuisset
1581 1407 1712 1476 baptismi
1731 1408 1821 1462 forma
1840 1408 1986 1479 discipulis
2003 1409 2110 1465 Christi
2128 1412 2179 1465 nsi-

479 1496 584 1552 haeres.
608 1499 632 1549 8.
662 1510 694 1547 ea
720 1502 786 1562 typo
819 1493 964 1562 paschalis
996 1494 1065 1560 apni
1093 1494 1314 1563 appellationem
1340 1497 1413 1559 tata,
1444 1509 1498 1546 nae
1520 1493 1617 1548 eadem
1640 1510 1725 1564 opera
1742 1495 1780 1549 ad
1796 1502 2007 1564 praeceptorem
2023 1496 2056 1550 id
2071 1498 2178 1551 retulis

474 1582 595 1651 petitam
613 1597 672 1635 esse
690 1579 808 1649 judicat.
844 1578 973 1634 lustinus
993 1579 1021 1632 in
1039 1579 1104 1633 dial.
1124 1597 1187 1633 cum
1205 1579 1311 1650 Tryph.
1341 1584 1402 1634 sent
1431 1597 1553 1651 suaeque
1578 1582 1766 1651 querimoniae
1791 1582 1912 1651 speciem
1934 1582 2062 1654 aliquam
2091 1601 2125 1639 ex
2148 1602 2180 1639 eo

479 1686 506 1737 p.
531 1674 588 1723 200.
617 1668 693 1736 meod
715 1666 752 1719 sit
777 1665 929 1732 symbolum
948 1666 1084 1734 mspplicii
1106 1667 1206 1721 crucis.
1240 1666 1314 1721 Tho·
1340 1666 1529 1721 obduxissent.
1577 1668 1609 1701 ⁸*
1619 1667 1748 1738 Denique
1778 1668 1828 1722 ubi
1857 1668 1943 1724 iidem
1971 1670 2110 1735 effeetus,
2141 1671 2179 1725 ibi

479 1771 538 1808 mss
558 1759 580 1809 2.
599 1758 624 1809 2.
643 1770 688 1824 qu.
707 1758 731 1806 2.
750 1758 801 1807 art.
823 1759 853 1807 l:
886 1752 951 1804 Non
970 1764 1010 1804 est
1028 1753 1213 1819 credendum,
1238 1756 1315 1822 quod
1341 1754 1436 1807 eadem
1455 1747 1552 1807 forma.
1587 1752 1674 1825 Atqui
1692 1754 1722 1807 in
1743 1754 1880 1825 baptismo
1893 1756 2031 1812 iohannis
2045 1766 2076 1812 et
2088 1765 2180 1811 nostro

479 1840 650 1907 ipnarauerit
671 1839 819 1891 Johannes
844 1838 981 1892 Christum
1007 1839 1049 1891 ad
1072 1839 1232 1905 passionem
1252 1857 1313 1892 ven·
1340 1846 1405 1894 sunt
1421 1839 1505 1893 iidem
1523 1840 1646 1896 effectius.
1679 1840 1754 1912 Ergo
1771 1841 1855 1896 etiam
1867 1842 2015 1914 utriusque
2027 1845 2179 1899 osteadens

480 1935 586 1995 turum,
604 1929 665 1996 ipse
683 1927 755 1979 enim
774 1926 901 1979 diceret:
920 1942 982 1979 ecee
999 1944 1089 1993 apnus
1107 1927 1173 1993 Dei,
1188 1945 1314 1995 pronun·
1339 1926 1474 1981 forma.llll

479 2015 555 2067 tiana
583 2014 799 2067 immolationem
822 2014 966 2079 suturam.
1009 2011 1135 2066 Breviter
1163 2012 1314 2084 appellatio
1374 2019 1416 2068 tt.
1451 2013 1492 2066 At
1510 2013 1617 2081 inquis,
1636 2012 1734 2067 Actor.
1755 2017 1805 2082 19,
1823 2032 1848 2071 e.
1866 2020 1889 2069 4.
1913 2016 2028 2069 cicietur
2046 2016 2197 2103 cupressu}

479 2100 546 2171 agni
564 2100 684 2155 deducta
702 2105 744 2154 est
762 2118 794 2155 er
813 2116 836 2154 e.
856 2106 896 2155 53.
916 2099 1029 2167 Esaiae,
1053 2099 1082 2153 in
1101 2117 1156 2170 quo
1175 2107 1203 2155 et
1220 2102 1314 2171 passio
1340 2101 1486 2153 uerborum
1497 2101 1616 2167 fornia,
1635 2117 1692 2168 quse
1710 2101 1856 2155 Jchannes
1875 2120 1952 2165 usses,
1973 2106 2054 2172 quaed
2073 2105 2197 2159 sciliceta

479 2200 508 2243 et
527 2186 683 2241 innocentia
701 2194 729 2241 et
746 2185 881 2256 patientia
899 2184 1017 2241 Messias
1035 2184 1091 2240 late
1108 2187 1312 2243 describuntur.
1340 2188 1370 2240 in
1388 2204 1486 2240 nonwn
1502 2187 1615 2240 vemuri
1626 2187 1816 2255 baptizaverit.
1841 2187 2070 2259 Respondemus:
2088 2196 2109 2245 1.
2122 2209 2172 2244 non
2182 2174 2197 2262 Γ,

480 2273 586 2327 videns
605 2272 690 2344 igitur
708 2272 899 2335 Bellarminus‚
918 2271 991 2327 hanc
1011 2273 1214 2343 exceptionem,
1239 2276 1314 2346 quod
1340 2273 1433 2344 agitur
1450 2272 1489 2326 ibi
1509 2273 1544 2326 de
1564 2274 1653 2327 forma
1671 2273 1834 2337 verborum,
1861 2275 1964 2346 quibus
1986 2275 2130 2332 lohannes
2145 2279 2197 2331 in'*

479 2359 623 2415 lohannes
648 2359 718 2414 nihil
748 2358 872 2413 docuerit
897 2358 930 2412 de
953 2358 1081 2428 passione
1108 2359 1228 2427 Christi,
1255 2378 1315 2417 esse
1341 2376 1391 2413 suo
1411 2358 1549 2429 baptismo
1572 2377 1637 2414 usus
1657 2366 1714 2426 est,
1741 2360 1791 2414 sed
1815 2361 1850 2414 de
1872 2361 2083 2432 praedicatione
2105 2367 2170 2434 ejus·

480 2446 562 2501 nimis
586 2446 716 2509 crudam,
742 2446 819 2499 aliud
843 2444 951 2515 quaerit
980 2445 1140 2499 latibulum:
1172 2448 1315 2500 Doctrina
1342 2448 1417 2514 dem,
1447 2446 1486 2499 sic
1521 2446 1593 2501 enim
1625 2445 1727 2500 habent
1755 2447 1841 2502 verba
1866 2449 2000 2518 apostoli:
2032 2452 2168 2505 Johannss

481 2533 592 2604 (inquit)
612 2533 775 2598 nihilfecit
793 2534 834 2585 ad
850 2532 1021 2584 sacramenti
1038 2533 1185 2586 essentiam
1201 2543 1228 2588 et
1245 2537 1314 2588 ueri·
1343 2534 1493 2603 baptisavit
1511 2532 1649 2602 baptisma
1663 2533 1868 2602 poenitentiae,
1895 2536 1993 2589 dicens
2004 2538 2124 2606 populo,
2141 2546 2165 2590 ut

481 2629 572 2688 tatem,
589 2620 717 2689 alioquin
730 2619 871 2681 haerctici,
884 2620 933 2686 qui
944 2618 1074 2671 haberent
1085 2620 1200 2684 falsam
1213 2623 1316 2675 electri·
1343 2621 1372 2673 in
1395 2638 1470 2686 eum,
1495 2621 1544 2688 qui
1568 2628 1699 2672 centuriis
1718 2629 1779 2673 erat
1796 2628 1863 2689 pest
1881 2623 1987 2690 ipsum,
2015 2623 2070 2678 hoc
2089 2625 2160 2680 estin

482 2726 561 2774 nam,
588 2707 720 2760 haberent
744 2706 828 2757 etiam
846 2705 934 2773 salsa
960 2713 1147 2759 sacramenta.
1188 2707 1222 2760 Ut
1249 2725 1315 2777 erpo
1342 2704 1481 2760 Christum
1500 2705 1610 2772 desum,
1636 2708 1788 2759 crederent.
1824 2707 2010 2763 Bellarminus
2027 2710 2077 2765 lib.
2096 2718 2113 2766 1.
2130 2710 2157 2764 ds
2192 2714 2197 2786 ,¹

483 2792 632 2847 diversitas
654 2791 800 2845 doetrinae
824 2809 880 2844 non
901 2791 976 2855 facit
1002 2791 1142 2845 diensem
1168 2794 1316 2863 baptisma,
1342 2792 1418 2862 bapt.
1435 2809 1494 2861 cap.
1514 2798 1556 2848 20.
1583 2789 1610 2867 ξ
1635 2798 1665 2847 2:
1695 2792 1757 2846 Illa
1778 2796 1864 2848 uerba
1889 2796 1981 2849 Pauli
2000 2814 2058 2850 nen
2080 2799 2154 2852 rides

482 2883 523 2933 ite
555 2897 605 2934 nec
637 2878 783 2932 electrinas
809 2877 966 2930 similitudo
983 2878 1070 2945 fecit,
1101 2879 1240 2948 baptisma
1258 2899 1316 2935 csse
1342 2888 1388 2933 tur
1416 2880 1593 2947 siqniricare,
1627 2881 1786 2933 Johanncm
1819 2883 1976 2950 baptizasse
2005 2885 2038 2937 in
2066 2886 2153 2938 nanim

482 2986 568 3021 unum
591 2974 616 3019 et
643 2965 743 3019 simile.
778 2963 1004 3033 Respondemus:
1034 2966 1159 3034 quamvis
1185 2986 1249 3022 cum
1267 2968 1316 3021 ali·
1341 2967 1463 3030 venturi,
1485 2968 1537 3019 sed
1553 2974 1644 3018 tamen
1662 2967 1842 3020 admonuisse
1852 2970 2007 3038 populum,
2034 2979 2065 3025 ut
2081 2973 2151 3025 esde·

482 3053 582 3126 quibus
608 3052 750 3107 doctrinae
775 3050 937 3121 corruptelis
955 3050 1057 3105 veritas
1083 3059 1315 3108 sacramentorum
1342 3061 1404 3106 rent
1428 3054 1458 3106 in
1482 3061 1626 3106 uenturum
1649 3054 1796 3109 Messium.
1831 3056 1907 3108 Nam
1931 3058 2017 3111 etiam
2036 3059 2150 3115 Chnstun

481 3141 568 3212 possit
586 3140 749 3201 consistere,
776 3156 809 3192 ex
827 3154 859 3193 eo
877 3144 969 3193 tamen
988 3137 1084 3193 inferri
1102 3140 1213 3210 nequit,
1242 3141 1316 3210 quod
1343 3140 1494 3209 baptizavit
1516 3155 1549 3192 eo
1574 3140 1646 3209 ritu,
1671 3158 1726 3210 que
1750 3150 1855 3195 ceteros
1878 3150 1905 3195 et
1931 3152 2006 3197 certe
2024 3145 2148 3199 Mun

481 3248 515 3285 ex
536 3227 718 3281 similitudine
742 3225 885 3281 doctrinae
908 3243 963 3279 non
989 3226 1076 3295 possit
1099 3226 1192 3297 colligi
1218 3228 1316 3282 identi-
1335 3227 1457 3294 fumea,
1493 3225 1634 3280 Christum
1671 3227 1826 3296 baptizasse
1858 3230 1889 3281 in
1919 3232 2031 3285 nemim
2059 3230 2149 3286 aemm-

480 3323 524 3371 tas
544 3313 683 3385 baptismi.
720 3313 898 3368 Sacramenta
917 3312 991 3367 enim
1008 3313 1157 3384 obsignant
1173 3313 1249 3367 illam
1269 3315 1316 3367 do
1343 3318 1366 3367 2.
1388 3312 1494 3376 Quodsi
1516 3312 1561 3367 vel
1583 3311 1702 3368 maxime
1721 3313 1750 3367 in
1771 3320 1919 3369 venturum
1937 3315 2069 3373 Messiam
2083 3315 2149 3386 bapti·

481 3402 613 3470 utrinam,
642 3399 687 3455 eui
708 3399 792 3469 sigilli
810 3396 871 3452 loco
891 3398 1045 3466 adduntur,
1072 3416 1123 3454 nec
1147 3401 1243 3454 minus·
1258 3399 1316 3454 cffi-
1343 3416 1420 3455 zasse
1438 3401 1605 3469 censendus,
1634 3400 1663 3453 id
1680 3406 1774 3455 nmen
1790 3402 1953 3472 neutiquam
1970 3405 2042 3459 tanti
2063 3411 2108 3470 est,
2128 3408 2149 3455 ut

482 3488 560 3543 cacia
578 3487 762 3540 instrumenta
781 3485 878 3538 salutis
895 3484 1034 3539 censenda
1052 3490 1129 3551 sunt,
1154 3503 1236 3557 quam
1255 3486 1317 3556 ipsa
1343 3486 1499 3558 specificam
1517 3485 1702 3541 differentiam
1721 3486 1793 3541 inter
1812 3488 1982 3558 baptismum
1996 3490 2150 3546 Johanniset

483 3573 616 3629 doctrina.
652 3574 745 3637 Quare
764 3589 826 3626 cum
847 3589 902 3625 non
917 3571 1006 3626 solum
1021 3572 1148 3642 apostoli,
1166 3574 1217 3627 sed
1233 3573 1315 3627 etiam
1344 3574 1530 3645 apostolorum
1549 3572 1652 3627 Christi
1669 3574 1833 3644 tenuitati,
1859 3574 2018 3644 baptizavit
2040 3578 2102 3634 euim
2116 3574 2149 3629 la

482 3658 625 3715 lohannes
646 3658 777 3729 baptismi
796 3658 1033 3713 administratione
1054 3659 1189 3730 evangelii
1201 3660 1316 3730 promis·
1343 3662 1448 3716 hannes
1473 3660 1501 3713 in
1525 3658 1665 3713 Christum
1689 3666 1833 3715 venturum
1851 3678 1908 3715 non
1927 3663 2036 3719 ratione
2052 3657 2149 3718 meant·

483 3746 573 3801 siones
591 3745 620 3798 in
639 3745 817 3799 credentibus
839 3744 1025 3815 obsignadnt,
1046 3745 1144 3816 utique
1163 3762 1196 3800 ex
1215 3764 1248 3801 eo
1267 3748 1316 3801 im·
1342 3746 1433 3813 tionis,
1452 3746 1491 3800 sic
1510 3745 1583 3800 enim
1600 3744 1695 3815 digitis
1712 3747 1805 3817 ipsum
1820 3755 1995 3817 praesentem
2008 3750 2150 3806 demonstra·

483 3841 557 3888 mote
585 3832 738 3903 colligitur,
770 3833 845 3904 quod
875 3831 949 3887 idern
976 3838 1178 3886 sacramentum
1205 3834 1316 3905 utrique
1342 3834 1395 3899 vit,
1426 3830 1489 3888 Joh.
1514 3838 1542 3898 1,
1566 3849 1591 3884 v.
1611 3836 1652 3886 29.
1675 3834 1723 3887 sed
1749 3839 1875 3903 respectu
1898 3835 2007 3905 publici
2025 3833 2150 3899 ministmi,

483 3920 658 3975 contulerint.
696 3925 719 3975 3.
738 3919 865 3989 Apostoli
882 3920 964 3973 etiam
977 3926 1041 3973 ante
1052 3920 1200 3990 gloriosam
1213 3919 1317 3975 Christi
1343 3918 1501 3989 cumprimis
1524 3934 1588 3971 vero
1613 3919 1720 3974 ratione
1744 3920 1828 3974 officii
1849 3921 2030 3978 redemtionis
2048 3942 2094 3995 per
2107 3938 2150 3993 par

484 4008 709 4064 resurrectionem
730 4012 758 4059 et
776 4006 984 4060 adscensionem
1002 4005 1188 4076 baptizarunt,
1206 4013 1238 4060 ut
1257 4026 1316 4078 per·
1343 4007 1446 4060 sionem
1473 4012 1501 4059 et
1523 4010 1647 4059 mortem.
1681 4005 1777 4076 Atque
1797 4007 1837 4061 sic
1856 4007 1910 4076 ipsi
1930 4025 2041 4079 quoque
2060 4004 2150 4081 apostoli

483 4097 578 4165 spicue
597 4099 714 4164 apparet
736 4092 800 4147 loh.
821 4099 852 4156 4,
868 4111 894 4148 v.
916 4099 939 4147 2.
962 4093 1119 4163 etquidem
1139 4092 1236 4147 eodem
1249 4100 1316 4147 tem·
1344 4099 1407 4147 ante
1426 4090 1527 4146 Christi
1553 4092 1710 4161 passionem
1734 4088 1763 4147 in
1781 4098 1928 4148 venturum
1946 4095 2098 4166 baptizasse
2112 4090 2151 4148 dici

483 4198 558 4252 pore,
580 4197 634 4250 quo
653 4179 744 4234 adhue
763 4177 917 4247 baptismus
936 4178 1071 4233 lobannis
1084 4178 1221 4245 ,durabat
1252 4180 1316 4235 Jam
1343 4185 1472 4250 possunt,
1501 4195 1617 4250 quorum
1642 4184 1736 4235 tamen
1761 4179 1915 4251 baptismus
1939 4197 1996 4236 non
2022 4188 2065 4237 est
2083 4179 2151 4251 specii

483 4284 549 4321 vero
569 4267 598 4320 in
620 4266 735 4320 historia
758 4264 919 4335 evangelica
936 4265 1031 4320 itidem
1051 4281 1106 4319 non
1123 4283 1317 4321 commemora·
1344 4266 1468 4319 diversus
1485 4266 1521 4320 ab
1540 4282 1580 4333 oo,
1602 4265 1649 4335 qui
1669 4266 1827 4336 passionem
1837 4265 1939 4322 Christi
1957 4267 2095 4325 msecntus
2110 4270 2150 4330 est

484 4360 537 4416 tur,
557 4353 632 4421 quod
649 4354 679 4405 in
698 4354 809 4406 nomine
826 4352 933 4414 Patris,
952 4353 1026 4405 Filii
1042 4362 1068 4405 et
1082 4353 1208 4421 Spiritus
1227 4354 1319 4407 sancti
1344 4353 1411 4422 quin
1436 4352 1491 4405 imo
1517 4358 1549 4406 ut
1573 4368 1630 4405 nna
1652 4351 1722 4406 fides
1742 4359 1785 4406 est
1802 4368 1909 4420 eorum,
1939 4354 1989 4426 qui
2013 4372 2032 4410 a
2047 4354 2150 4412 Johsnn

486 4438 660 4507 baptizarint.
703 4440 805 4509 Ecquis
829 4455 895 4493 vero
921 4439 985 4493 inde
1009 4439 1110 4494 inferre
1134 4440 1214 4504 velit,
1243 4442 1317 4510 quod
1344 4439 1477 4509 baptizati
1495 4439 1523 4492 in
1541 4438 1672 4493 Messium
1688 4444 1836 4494 venturum
1852 4448 2010 4509 sperarunt,
2028 4448 2056 4497 et
2071 4454 2150 4499 sommi

487 4526 546 4579 sine
566 4525 651 4580 verbo
670 4525 854 4595 baptizarint‚
882 4525 926 4580 vel
944 4526 1000 4579 alia
1018 4526 1164 4581 verborum
1182 4526 1272 4582 forma
1289 4528 1317 4581 in
1345 4526 1392 4598 qui
1411 4532 1474 4595 post
1492 4524 1595 4579 Christi
1618 4524 1774 4595 passionem
1794 4528 1904 4581 ineam
1923 4528 2108 4595 crediderunt,
2126 4527 2152 4579 its

486 4610 623 4680 baptismo
650 4612 692 4666 usi
715 4612 840 4666 suerint?
873 4612 907 4666 In
931 4630 1013 4683 quem
1038 4619 1065 4666 et
1092 4631 1147 4684 qna
1172 4613 1318 4668 verborum
1346 4630 1456 4684 quoque
1474 4630 1559 4665 unum
1579 4618 1623 4666 est
1640 4611 1780 4681 baptisma
1790 4612 1926 4669 Johannis
1944 4622 1973 4670 et
1990 4615 2152 4687 apostolorum

485 4700 575 4753 forma
591 4698 766 4768 baptizarint,
785 4700 971 4771 colligendum
985 4706 1073 4754 estex
1087 4699 1318 4771 doctrinaqnam
1345 4699 1456 4755 Christi.
1499 4705 1523 4753 3.
1547 4696 1577 4752 Si
1605 4698 1649 4752 rel
1675 4697 1794 4753 maxime
1819 4698 1961 4755 lohannes
1989 4702 2019 4756 in
2042 4698 2151 4774 principio

486 4784 612 4840 Christus
635 4801 667 4838 eo
694 4791 817 4856 tempore
840 4786 1026 4857 praedicavit,
1058 4786 1081 4839 is
1102 4786 1197 4840 itidem
1222 4793 1254 4841 ut
1270 4787 1319 4840 lo·
1345 4785 1488 4840 ministerii
1520 4785 1562 4838 sui
1594 4784 1623 4839 in
1653 4785 1792 4840 Christum
1821 4792 1969 4843 venturum
1998 4789 2151 4860 espessa

378 4885 415 4925 rx.
428 4882 473 4925 1⁰5.
486 4873 589 4927 hannes
610 4870 713 4937 docuit,
730 4873 805 4942 quod
821 4875 901 4926 Deus
920 4874 962 4926 sic
980 4873 1112 4926 dilexerit
1129 4876 1270 4940 mundum,
1289 4882 1319 4926 ut
1345 4880 1438 4926 tamen
1457 4888 1605 4942 progressu
1623 4872 1767 4941 temporis,
1786 4889 1848 4928 eum
1866 4872 1993 4932 Christus
2010 4876 2040 4930 in
2054 4874 2151 4932 lorum

486 4959 593 5013 Filium
619 4974 697 5009 surim
723 4958 895 5026 stuipenitum
924 4960 1050 5022 dederat,
1081 4967 1111 5012 ut
1138 4960 1240 5022 omne,
1271 4961 1319 5027 qui
1346 4959 1503 5031 baptizatus
1530 4957 1652 5012 officium
1678 4976 1758 5013 sunm
1776 4958 1887 5029 publice
1905 4977 1939 5015 ac
1958 4962 2103 5018 solenniter
2116 4958 2152 5014 tuit

396 5111 399 5115 ‚
486 5045 576 5098 credit
595 5045 625 5096 in
643 5061 719 5106 essm,
737 5061 791 5096 non
804 5054 918 5114 pereat,
938 5048 991 5098 sed
1010 5045 1109 5098 habeat
1124 5044 1212 5098 eitam
1229 5054 1318 5100 aeter·
1345 5046 1519 5117 auspicatus,
1543 5045 1640 5116 procul
1661 5045 1746 5101 dubio
1762 5046 1956 5117 peramplius
1976 5048 2008 5103 in
2023 5057 2151 5107 venmrssflt

485 5151 567 5199 nam,
599 5130 662 5186 lob.
682 5135 710 5198 3,
732 5147 758 5185 v.
780 5136 819 5186 16.
844 5133 919 5202 quod
936 5131 1024 5186 Filius
1046 5132 1075 5184 in
1095 5139 1217 5185 assumta
1235 5149 1318 5187 carne
1346 5135 1394 5187 sed
1415 5136 1444 5187 in
1462 5151 1538 5202 enm,
1566 5134 1614 5201 qui
1639 5134 1714 5186 stetit
1737 5134 1769 5186 in
1787 5133 1879 5187 medio
1898 5135 2039 5203 ipsorum,
2070 5134 2123 5191 loh.
2138 5138 2152 5187 1.

487 5220 654 5272 exaltandus
671 5218 707 5270 sit
725 5218 754 5269 in
772 5235 825 5269 ara
844 5220 950 5281 crucis,
975 5228 1006 5271 ut
1025 5220 1167 5271 credentes
1185 5220 1214 5271 in
1228 5220 1319 5289 ipsum
1346 5240 1372 5276 v.
1390 5227 1430 5275 26.
1448 5219 1603 5289 baptizavit
1620 5235 1653 5273 ae
1670 5236 1721 5289 per
1736 5217 1905 5290 baptismum
1921 5238 2052 5291 sponsans
2068 5220 2152 5277 cama

487 5307 640 5372 salventur,
657 5322 682 5360 v.
704 5309 742 5358 14.
766 5309 805 5357 15.
825 5305 899 5373 quod
922 5304 1046 5374 Spiritus
1063 5312 1177 5357 sanctus
1195 5322 1228 5359 ee
1243 5307 1458 5376 aquuleoelesti
1484 5322 1584 5377 sponso
1609 5305 1695 5360 veluti
1716 5312 1888 5376 praesentem
1911 5307 2043 5379 adduxit,
2067 5307 2151 5365 Johi

487 5392 622 5460 baptismi
636 5409 687 5444 nos
704 5397 856 5457 reponeret,
875 5407 900 5444 v.
915 5396 938 5445 5.
957 5390 985 5443 in
1003 5391 1075 5444 hanc
1088 5390 1241 5445 doctrinam
1254 5409 1319 5462 apo·
1333 5369 1372 5518 {v
1402 5400 1443 5449 29.
1488 5400 1512 5448 4.
1536 5391 1614 5447 Neve
1640 5391 1698 5445 ulla
1722 5399 1809 5447 restet
1831 5392 1983 5459 dubitatio,
2014 5395 2151 5451 consensu

486 5477 550 5532 stoli
570 5475 672 5531 Christi
693 5474 877 5544 baptizarunt.
912 5475 976 5530 lam
994 5493 1060 5530 vero
1078 5477 1175 5530 eadem
1199 5478 1254 5532 fuit
1272 5479 1319 5532 do·
1333 5481 1413 5548 ,haec
1437 5479 1597 5548 Scripturas
1616 5477 1691 5531 loca:
1721 5478 1817 5532 Actor.
1837 5484 1883 5545 ts,
1905 5497 1932 5535 v.
1950 5486 1976 5536 4.
1999 5483 2035 5537 de
2052 5481 2151 5538 lohnu

485 5564 576 5618 ctrina
591 5562 736 5618 iohannis.
772 5561 846 5631 Ergo
860 5561 942 5615 etiam
955 5562 1027 5616 idem
1041 5563 1204 5632 baptismus.
1237 5558 1460 5633 Lem-idicitur,
1489 5563 1564 5635 quod
1588 5564 1773 5634 baptizaverit
1796 5564 1826 5616 in
1848 5563 2006 5632 Obrimum,
2033 5586 2059 5622 r.
2082 5573 2103 5621 5.
2121 5555 2150 5611 tt]

486 5649 590 5704 bardus
610 5656 634 5704 4.
653 5655 721 5705 sent.
741 5648 803 5701 dist.
823 5654 846 5704 3.
864 5647 905 5702 lit.
925 5647 965 5702 G:
985 5650 1019 5702 si
1036 5652 1193 5718 quaeritur,
1213 5652 1243 5704 iu
1263 5633 1420 5724 qsra'quod
1447 5652 1518 5705 idem
1544 5652 1638 5704 estin
1663 5666 1761 5702 nornen
1787 5651 1905 5704 Domini
1928 5654 2008 5710 Jessa
2044 5649 2149 5711 Galsth

485 5739 583 5802 forma
606 5745 672 5790 tunc
701 5740 777 5803 (ante
803 5733 905 5790 Christi
930 5737 1168 5802 resurrectionem)
1196 5739 1319 5806 baptiza·
1346 5758 1371 5792 v.
1391 5747 1430 5794 26.
1454 5738 1489 5792 de
1507 5736 1644 5807 baptismo
1662 5736 1849 5806 apostolorum
1865 5736 1978 5793 dicitur:
1999 5731 2149 5811 pasquali·

487 5830 553 5876 ruint
571 5824 703 5892 apostoli,
720 5840 788 5876 sane
803 5822 864 5876 dici
876 5829 976 5891 potest,
996 5822 1026 5874 in
1039 5824 1149 5876 nemine
1161 5825 1318 5895 Trinitatis,
1347 5826 1486 5879 Christum
1506 5825 1640 5893 baptisati
1658 5824 1737 5887 estis,
1757 5824 1899 5879 Christum
1916 5825 2058 5883 induistis.
2080 5826 2148 5880 aas·

470 5908 594 5973 scitica
616 5909 647 5962 in
672 5924 706 5962 aa
726 5911 840 6000 fasma,
862 5908 898 5962 in
914 5924 971 5977 quea
988 5916 1092 5978 postea
1110 5907 1319 5979 baptisaeerrmt
1346 5918 1370 5981 2,
1388 5928 1414 5965 v.
1434 5916 1484 5965 ³8:
1502 5910 1876 5999 Baptiseturxunuspuisque
1894 5906 2148 5985 mrbffl
