4800 6659
308 633 310 637 ,
373 575 433 636 ιιι
1048 540 1174 630 nocua
1190 565 1397 627 mensurus

372 726 466 795 aliqui
481 726 517 779 ds
536 725 716 779 haehaeresi
733 725 870 791 oenmint,
894 726 1065 793 intmopent
1086 741 1134 779 eos
1159 738 1209 776 no·
1237 721 1420 794 abcederent,
1428 721 1603 775 ιιιιιιιιιιιιιι
1611 736 1729 791 eamque
1737 719 2074 776 modimlnconcilio

373 817 451 864 strae
463 810 534 877 fidei
543 814 704 865 sacerdotes
716 811 876 881 symbolum.
896 813 937 865 Et
947 811 975 864 ai
981 810 1167 879 perviderint,
1179 808 1211 860 in
1235 807 1393 864 Arelatensi
1412 813 1437 865 2.
1451 825 1512 863 ιιι.
1526 814 1571 865 16:
1583 809 1819 863 Pbotinianorum
1831 809 1904 862 sicut
1916 816 1943 862 et
1951 807 2075 864 Paulia-

372 895 463 950 Patre
480 905 507 950 et
525 896 603 951 Filio
621 905 648 950 et
663 897 775 966 Spiritu
793 905 889 952 sancto
910 914 958 951 sos
969 897 1132 967 baptizatos,
1152 911 1210 948 ma·
1235 894 1374 948 ιιιιιιιιιιιιι
1391 896 1532 965 baptisma
1548 895 1656 949 ιιιιιιιιιιι
1673 911 1741 958 esse,
1761 895 1902 950 decretum
1916 902 1967 950 est.
1992 895 2034 949 At
2045 894 2075 948 in

372 1000 425 1037 nus
440 983 482 1036 eis
501 990 608 1037 tantum
626 984 801 1053 inponatur,
819 992 850 1037 ιιι
867 985 1011 1054 accipiam
1030 983 1168 1054 spis-inim
1187 997 1210 1032 s.
1236 980 1353 1035 concilio
1366 980 1523 1037 laodiceno
1536 999 1596 1036 can.
1609 987 1638 1035 ἰι
1658 982 1845 1035 Photinianos
1861 981 1922 1034 sine
1936 981 2074 1050 baptismo

375 1068 485 1133 Quodn
502 1070 722 1139 interropantur,
738 1087 796 1123 non
814 1070 1011 1139 responderint
1030 1070 1104 1123 banc
1115 1067 1211 1122 Trini-
1235 1067 1414 1135 recipiendos
1423 1084 1482 1122 esse
1490 1069 1631 1123 statuitur.
1651 1067 1876 1138 Respondemus:
1889 1066 2075 1124 l.Concilium

372 1161 472 1224 ιαιιιιι,
500 1156 679 1225 baptizentur.
718 1155 851 1223 (Quidam
875 1156 955 1212 codd.
973 1155 1123 1211 admodum
1140 1152 1212 1208 anti·
1237 1152 1306 1207 illud
1331 1152 1415 1225 longe
1438 1162 1503 1209 ante
1526 1154 1756 1209 Photinianorum
1780 1161 1871 1208 ortum
1890 1158 1934 1208 eat
1952 1153 2076 1209 celebra

373 1240 423 1311 qui
441 1238 552 1312 legunt:
569 1244 617 1296 De
630 1243 725 1311 Afris,
745 1244 822 1313 quod
835 1243 961 1312 propria
980 1260 1034 1296 sua
1053 1241 1114 1311 lcpe
1131 1247 1212 1295 utun-
1236 1244 1304 1292 tum
1331 1238 1407 1311 Ergo
1426 1239 1499 1295 de’'
1481 1257 1515 1294 us
1534 1255 1618 1311 agere
1637 1240 1741 1312 nequit.
1771 1244 1795 1295 2.
1809 1238 1925 1294 Variant
1942 1239 2077 1294 lectiones

373 1334 434 1394 tur,
457 1335 487 1380 ut
506 1327 741 1397 rebaptizentur.)
782 1328 914 1383 Refertur
936 1328 983 1383 hic
1008 1343 1106 1383 canon.
1130 1342 1154 1381 c.
1176 1325 1213 1379 de
1236 1325 1326 1379 tum
1318 1343 1347 1380 ιι
1371 1325 1481 1397 scriptis
1503 1327 1591 1380 tum
1583 1344 1613 1380 ιιι
1631 1327 1740 1381 excusis
1760 1326 1842 1382 codd.
1861 1326 1976 1397 quidam
2003 1325 2078 1380 euim

373 1411 487 1467 Arianis
501 1414 566 1470 dist.
579 1419 603 1469 4.
618 1413 653 1467 de
665 1429 771 1468 consec
801 1414 920 1469 Arianos
939 1421 1075 1486 negantes
1086 1418 1213 1467 sanctam
1237 1416 1333 1465 carent
1353 1411 1409 1466 illis
1433 1412 1526 1466 verbis
1544 1413 1612 1480 (aut
1629 1411 1823 1481 Pictiniani).
1860 1418 1884 1467 3.
1905 1416 1939 1466 In
1956 1411 2076 1467 ecclesia

374 1497 555 1567 Trinitatem,
582 1514 654 1569 quae
676 1500 796 1570 pertinet
813 1502 850 1555 ad
870 1500 1055 1556 substantiam
1073 1496 1213 1569 baptismi,
1238 1504 1372 1568 perpetua
1395 1498 1475 1569 praxi
1501 1498 1678 1553 observatum
1703 1503 1761 1567 est,
1781 1503 1815 1552 ut
1834 1497 1993 1553 Photiniani
2000 1498 2076 1568 ,qui

373 1603 477 1640 eanum
502 1594 528 1640 et
548 1586 648 1640 inutile
667 1585 798 1640 ιαιιιιιιι
817 1588 970 1657 baptisma,
988 1587 1072 1641 docet
1087 1584 1212 1639 Athana·
1237 1582 1320 1638 iidem
1343 1601 1407 1639 cum
1430 1584 1610 1639 Paulianistis
1634 1583 1835 1654 (Theodoretus
1858 1583 1963 1640 haeret
1986 1583 2075 1640 fabul.

374 1672 431 1727 aius
457 1677 571 1728 tomi
597 1677 666 1729 οιιι.
690 1678 713 1729 3.
741 1691 768 1744 p.
789 1678 848 1731 213.
876 1678 905 1727 et
930 1672 959 1726 in
977 1672 1057 1743 epist
1078 1671 1114 1726 ad
1133 1669 1212 1726 Sera·
1236 1668 1284 1723 lib
1304 1675 1339 1735 ιι
1357 1669 1609 1742 ι)ιιριιιιιιιιιιι.1ι

373 1758 485 1831 pionem
514 1774 542 1829 p.
572 1763 632 1815 367.
669 1758 710 1813 sic
739 1775 830 1831 neque
862 1758 1032 1827 Manichaei,
1069 1757 1119 1831 qui
1141 1762 1213 1812 teste
1272 1761 1314 1812 26
1349 1756 1431 1820 Quod
1456 1757 1492 1814 de
1518 1757 1656 1827 baptismo
1679 1756 1716 1811 ab
1742 1756 1898 1825 haeretico,
1934 1754 1984 1828 qui
2015 1768 2159 1827 ιιγ-ιιιιιιι

375 1843 536 1916 Augustino
553 1850 619 1900 tom.
640 1850 664 1900 6.
690 1845 726 1901 de
752 1844 912 1901 haeresibus
932 1844 969 1900 ad
987 1842 1213 1909 Quodvultdeum
1237 1842 1351 1897 sterium
1369 1843 1559 1899 sanctissimae
1573 1842 1718 1898 Trinitatis
1736 1843 1841 1899 directe
1857 1848 1956 1913 negat,
1972 1820 2159 1973 ιοιιιιιἛ

318 1988 321 1991 ,
375 1936 556 2002 u46.p.11.
573 1929 713 1999 nolebant,
731 1931 1065 2002 aquamadbaptismum
1077 1927 1214 1994 adhiberi,
1238 1928 1372 1998 diximus,
1400 1930 1501 1985 iterum
1524 1946 1587 1985 cum
1604 1930 1726 2000 quadam
1742 1928 1920 1984 distinctione
1938 1926 2159 2015 accipian-2¹:²5¹¹¹

374 2023 522 2072 serumst
547 2015 686 2087 integrum
704 2016 874 2087 baptismum
891 2016 1089 2072 habuerunt.**
1124 2013 1214 2069 Mani·
1239 2015 1314 2072 dum.
1358 2017 1412 2074 Vel
1437 2017 1511 2073 enim
1526 2018 1601 2072 solus
1619 2016 1743 2071 minister
1761 2015 1868 2071 haeresi
1886 2015 1937 2069 illa
1954 1984 2115 2119 insectari?
2113 1975 2159 2075 clu

375 2101 471 2171 chaei,
496 2102 593 2160 scribit
608 2101 821 2174 Augmtinus-l.
840 2119 864 2157 c.
882 2103 1026 2172 nolebant,
1050 2118 1154 2171 aquarn
1172 2101 1214 2153 aa
1239 2108 1293 2172 est,
1321 2103 1366 2159 vel
1391 2120 1449 2159 una
1469 2120 1533 2158 cum
1553 2120 1586 2159 eo
1606 2103 1690 2160 etiam
1709 2102 1827 2157 ecclesia
1843 2101 1908 2170 illa,
1934 2104 2016 2173 cnjus
2032 2077 2159 2171 stiffi

374 2188 541 2289 baptismm
564 2188 709 2258 adbiberi,
735 2190 812 2257 quod
828 2188 917 2242 silam
938 2206 958 2243 a
981 2189 1097 2242 diabalo
1115 2186 1213 2241 condi·
1239 2189 1371 2244 minister.
1415 2188 1497 2255 Quod
1523 2191 1547 2245 si
1572 2190 1693 2246 haeresis
1716 2188 1926 2244 substantialem
1951 2188 2074 2259 aliquam

375 2282 434 2328 tam
466 2276 659 2343 opinarentur.
701 2229 815 2329 liarum
843 2273 1104 2346 corruptelarum
1096 2291 1125 2327 sn
1151 2273 1214 2343 ipsa
1240 2274 1369 2346 baptismi
1398 2284 1505 2346 partem
1531 2277 1698 2348 impugnans
1726 2282 1813 2330 totam
1837 2274 1960 2346 aliquam
1985 2274 2075 2329 ecele-

375 2360 570 2416 substantialia
589 2361 722 2433 baptismi
739 2361 953 2462 impingentium
969 2360 1125 2431 complures
1137 2366 1212 2431 post
1238 2362 1308 2416 siam
1333 2363 1494 2433 occupavit,
1519 2380 1669 2435 negamus,
1695 2379 1791 2418 verum
1818 2378 1877 2418 esse
1896 2361 2075 2433 baptismum,

376 2462 412 2502 ea
428 2447 641 2503 recensebimus.
677 2448 760 2517 ,Quas
783 2449 808 2502 ιι
825 2448 874 2521 qui
891 2447 1023 2503 haeretici
1041 2445 1213 2517 amplectuu·
1239 2448 1288 2520 qui
1312 2449 1349 2504 ab
1372 2449 1508 2519 ejusmodi
1530 2448 1701 2505 haeretico
1693 2467 1722 2504 ιιι
1745 2448 1795 2503 tali
1818 2447 1936 2504 ecclesia
1959 2448 2076 2503 admini-

374 2540 428 2602 ιιι,
448 2533 559 2588 abillis
578 2552 674 2589 verum
694 2534 863 2605 baptismum
881 2534 1009 2601 conferri,
1029 2548 1128 2588 sonora
1145 2547 1213 2586 voce
1240 2540 1357 2605 ιιιιιιιι,
1381 2551 1445 2589 cum
1471 2535 1595 2591 definitio
1621 2535 1751 2607 baptismi
1777 2536 1819 2589 illi
1842 2550 1897 2590 non
1918 2535 2076 2591 conveniat

375 2636 522 2691 negamus,
553 2620 691 2692 siquidem
726 2620 863 2676 institutio
898 2618 1030 2691 baptismi
1058 2635 1160 2691 aquam
1185 2623 1214 2671 et
1240 2620 1352 2677 sivero
1372 2621 1498 2677 minister
1515 2622 1648 2677 ecclesiae
1666 2621 1795 2692 privatim
1813 2626 1843 2676 et
1856 2622 1966 2676 occulte
1984 2620 2076 2676 haem-

375 2706 492 2762 verbum
516 2707 663 2779 conjungit
686 2713 771 2779 atque
791 2708 820 2761 in
845 2705 955 2763 nomine
972 2705 1078 2774 Patris,
1101 2703 1167 2759 Filii
1186 2708 1215 2758 et
1241 2706 1284 2761 sin
1311 2707 1477 2763 institutioni
1507 2716 1536 2763 et
1557 2707 1668 2763 veritati
1691 2708 1822 2779 baptismi
1846 2708 2015 2763 contrariam
2035 2706 2075 2762 fo·

376 2790 497 2863 Spiritus
515 2794 605 2848 sancti
625 2793 765 2865 baptisma
781 2791 977 2848 conferendum
998 2807 1059 2847 esse
1078 2789 1216 2861 praecipit
1243 2800 1319 2863 vest,
1337 2793 1455 2849 ecclesia
1474 2799 1570 2864 aperte
1587 2793 1727 2848 diversum
1745 2794 1895 2859 sentiente,
1920 2794 2076 2865 statuimus,

375 2877 475 2935 Matth.
494 2884 541 2948 28,
563 2897 590 2933 v.
613 2885 652 2935 19.
672 2879 773 2950 Ephes.
794 2887 817 2944 5,
835 2896 861 2934 v.
881 2883 923 2935 26.
960 2878 1129 2949 Ubicunque
1146 2893 1214 2948 ergo
1241 2897 1337 2936 verum
1366 2880 1405 2936 ibi
1432 2880 1552 2935 conferri
1576 2879 1753 2951 baptismum.
1798 2880 1976 2937 Smmmenta
2003 2880 2076 2937 enim

376 2977 442 3036 pars
464 2965 655 3020 substantialis
683 2965 773 3022 altera
798 2964 876 3022 deest
897 2964 943 3021 rel
961 2971 1097 3033 mutatur,
1121 2964 1157 3019 ab
1174 2965 1214 3017 in·
1241 2972 1306 3021 suut
1325 2968 1399 3023 bona
1416 2967 1558 3037 ecclesiae,
1577 2967 1640 3022 ideo
1659 2968 1785 3023 occultus
1804 2967 1922 3023 ministri
1941 2984 2020 3024 error
2028 2967 2074 3023 ba·

377 3050 521 3107 stitutione
540 3051 634 3107 divina
650 3052 811 3122 disceditur,
828 3059 857 3107 et
876 3068 926 3124 per
944 3068 1115 3123 consequens
1133 3068 1215 3106 verus
1241 3054 1335 3124 ptismi
1357 3053 1511 3125 integritati
1534 3052 1603 3107 nihil
1627 3053 1763 3122 detrabit,
1783 3054 1864 3109 modo
1880 3054 2077 3110 substantialia

377 3137 532 3208 baptismus
554 3137 717 3208 neutiquam
742 3137 890 3193 confertur.
930 3138 1107 3209 Augustinus
1120 3135 1170 3190 lib.
1189 3141 1214 3191 6.
1241 3140 1366 3211 ejusdem
1382 3139 1519 3209 observet,
1535 3155 1587 3194 nec
1607 3139 1637 3193 in
1654 3148 1767 3196 externo
1787 3140 2076 3197 clementovclverbo

377 3229 474 3279 contra
488 3223 651 3280 Donatistae
671 3242 696 3281 c.
714 3230 760 3279 25:
798 3224 867 3287 Quis
884 3226 1000 3294 nesciat,
1018 3242 1074 3279 non
1092 3239 1151 3277 esse
1168 3222 1216 3275 ba·
1242 3226 1390 3297 quicquam
1426 3231 1523 3282 mutet.
1574 3225 1643 3281 Tale
1676 3226 1744 3297 quid
1774 3233 1885 3297 patrum
1920 3235 2075 3283 nosuurum

372 3311 509 3381 ptismum
534 3311 652 3380 Christi,
680 3311 708 3365 si
723 3311 808 3365 cerba
826 3311 1004 3381 eaanpslica,
1030 3311 1128 3379 quibus
1144 3327 1216 3378 sym·
1241 3311 1372 3368 memoria
1397 3310 1605 3383 Heidelbergae
1634 3312 1663 3366 in
1687 3311 1849 3367 Palatinatu
1874 3313 2009 3385 contigit,
2037 3313 2076 3368 ibi

379 3398 472 3451 bolum
497 3406 621 3462 cmsstat,
658 3397 720 3451 iilic
747 3398 896 3463 defuerit!
924 3396 1139 3453 sismusinum
1167 3395 1216 3452 Ni·
1242 3398 1316 3453 enim
1337 3398 1463 3453 Adamas
1488 3397 1641 3467 Neuserus,
1667 3404 1763 3470 pastor
1785 3398 1918 3454 ecclesiae
1937 3399 1974 3453 ad
1993 3400 2076 3471 Spiri-

284 3484 320 3531 11.
333 3483 367 3528 ⁹2
378 3499 497 3539 caenum
512 3501 574 3540 ean.
592 3491 634 3540 21.
654 3485 693 3552 (in
711 3485 792 3539 tomis
811 3484 908 3540 concil.
924 3490 967 3540 est
983 3500 1043 3540 can.
1068 3487 1117 3551 19.)
1134 3482 1217 3554 jubet
1241 3491 1301 3539 tum
1324 3502 1347 3540 s.
1370 3484 1533 3555 primarius,
1566 3484 1675 3556 aliquot
1700 3486 1780 3541 annis
1804 3484 1932 3556 privau'm
1949 3486 2075 3543 haeresin

378 3570 545 3642 rebaptizari
565 3570 796 3636 Paulinianietas,
821 3571 851 3625 id
875 3577 918 3626 est
945 3569 1129 3625 Photinianos
1158 3569 1216 3623 sive
1242 3571 1376 3625 Arianam
1402 3570 1487 3637 fovit,
1515 3570 1564 3641 qui
1593 3571 1853 3642 Constantinopolin
1875 3572 1991 3628 tandem
2014 3591 2076 3647 pro·

379 3655 618 3712 Samosatenianos
635 3655 754 3712 Rufinus
773 3657 822 3713 lib.
841 3662 863 3713 1.
889 3656 952 3711 hist
972 3656 1068 3711 eccles.
1089 3672 1113 3713 c.
1133 3660 1156 3711 6.
1175 3655 1216 3709 ni·
1241 3657 1352 3728 fugiens
1376 3657 1506 3726 abjurata
1529 3656 1664 3728 religione
1688 3657 1847 3713 Christiana
1867 3657 2076 3715 circumcisione

380 3742 480 3797 mirum
508 3745 575 3814 quia
601 3742 726 3814 regulam
746 3742 877 3814 baptismi
896 3759 952 3798 non
971 3748 1134 3811 tennerunt,
1159 3759 1216 3797 non
1242 3749 1370 3813 suscepta
1403 3742 1632 3798 Mabomethismo
1667 3760 1768 3799 nomen
1803 3744 1887 3801 dedit
1940 3745 2077 3801 Osiauder

381 3828 455 3883 enim
471 3828 649 3899 baptizarunt
668 3827 696 3882 in
713 3826 815 3883 Christi
831 3828 951 3895 nomine,
968 3835 1040 3885 teste
1057 3828 1216 3899 Augustino
1241 3836 1313 3884 cent.
1333 3834 1372 3885 16.
1400 3828 1465 3882 hist.
1493 3828 1591 3885 eccles.
1609 3828 1657 3883 lib.
1675 3834 1699 3886 2.
1717 3846 1743 3887 c.
1763 3835 1806 3887 22.
1841 3830 1900 3888 Nec
1918 3838 2014 3887 tamen
2029 3832 2076 3888 ba·

379 3915 429 3971 lib.
460 3915 495 3970 de
525 3914 633 3971 haeresi
658 3930 720 3984 cap
748 3919 789 3969 44.
826 3914 905 3970 Idem
932 3916 966 3970 de
990 3913 1216 3986 Cataphrygibus
1240 3915 1358 3985 ptismus
1381 3913 1575 3986 pronuntiatus
1597 3922 1640 3969 est
1663 3915 1812 3971 ueletiam
1838 3918 2013 3988 pronuntiari
2031 3919 2076 3975 de·

380 4001 479 4056 statuit
508 4001 655 4057 concilium
685 3998 873 4055 laodicenum
904 4017 964 4056 can.
989 4006 1014 4057 8.
1045 4000 1121 4054 unde
1151 4016 1215 4054 con·
1241 4000 1304 4056 buit
1325 4002 1433 4069 irritus,
1463 4016 1545 4098 quem
1572 4000 1738 4057 ecclesiae
1730 4021 1759 4058 ιι
1786 4003 1839 4059 hoc
1864 4003 1984 4060 articulo
2001 4010 2077 4061 recte

379 4094 455 4142 stans
484 4088 584 4159 regula
612 4085 799 4158 antiquitatis,
829 4085 889 4140 ὅσοι
918 4109 957 4160 μη
986 4090 1025 4147 εις
1052 4087 1102 4153 τὴν
1130 4083 1216 4156 clytos
1241 4088 1384 4144 sentientis
1403 4087 1513 4142 nomino
1531 4086 1744 4143 administravit

378 4172 479 4244 apsida
507 4175 728 4243 ἐβαπιίσθησαν,
758 4170 870 4232 τούτους
899 4172 944 4226 dai
971 4170 1215 4240 ἀναβαιιιιζεσθιιι.
1277 4179 1318 4229 27.
1363 4173 1443 4237 Quod
1467 4173 1503 4228 ad
1526 4174 1686 4245 posterioris
1707 4174 1805 4229 classis
1827 4174 1993 4241 haereticos,
2015 4176 2159 4274 illitam

380 4257 570 4313 Ambrosius'
562 4277 632 4315 mc.
653 4264 678 4315 3.
703 4259 741 4314 sd
758 4256 823 4315 Gal.
850 4275 905 4312 non
926 4258 1009 4329 longe
1028 4275 1045 4313 a
1064 4256 1215 4330 principio:
1242 4267 1323 4331 puta,
1348 4259 1395 4331 qui
1414 4258 1609 4315 substantialia
1628 4259 1759 4331 baptismi
1778 4262 1938 4332 observant,
1963 4262 2056 4318 licet'
2047 4230 2159 4326 mallon

380 4345 542 4398 Duodecim
567 4346 645 4410 ilias,
676 4346 726 4415 qui
751 4345 781 4399 in
804 4344 965 4398 adulterino
983 4345 1149 4414 baptismate
1166 4346 1217 4398 sub
1242 4346 1303 4401 aliis
1319 4345 1444 4400 articuhs
1455 4345 1492 4401 ab
1506 4344 1658 4416 οριοιιοξίᾳ
1670 4347 1822 4416 discedant,
1841 4348 1948 4414 attinet,
1967 4349 2158 4429 illorum
2087 4330 2159 4387 ΨΜ

380 4430 490 4485 nomine
512 4431 644 4500 baptismi
666 4433 808 4486 Jobannis
830 4449 887 4485 non
908 4432 1026 4494 finierant
1049 4430 1141 4502 tincti,
1166 4433 1219 4485 sed
1243 4433 1410 4503 baptismum
1435 4447 1530 4485 verum
1552 4438 1580 4487 ct
1605 4430 1748 4487 efficacem
1777 4450 1811 4489 ac
1831 4434 1955 4506 proinde,
1974 4437 2159 4533 nequa-usnlu

380 4518 540 4586 sordidati,
566 4519 676 4572 Paulus
706 4518 851 4588 apostotus
878 4517 909 4571 in
930 4516 1081 4570 ibinitatss
1107 4516 1217 4571 nomine
1243 4535 1326 4589 quam
1350 4517 1532 4588 repetendum
1556 4534 1616 4572 esse
1641 4518 1788 4573 statuimus
1813 4517 1889 4575 hisce
1913 4520 2077 4577 fundamen
2088 4492 2159 4585 ff·

381 4602 522 4671 baptisari
534 4604 691 4673 praecepit.
726 4602 902 4676 Augustinus
918 4601 1132 4673 velquicunque
1145 4602 1217 4657 alius
1242 4605 1305 4659 tis
1297 4604 1399 4659 innixi·
1436 4611 1459 4661 1.
1477 4601 1646 4674 Ubicunque
1665 4603 1861 4660 substantialia
1879 4605 2013 4678 baptismi
2030 4600 2140 4662 06³⁰*

380 4693 477 4743 auctor
498 4687 547 4743 lib.
570 4687 605 4743 de
627 4688 722 4745 eccles.
746 4688 924 4762 dogmatibus
947 4705 971 4744 o.
992 4692 1038 4743 52.
1066 4687 1148 4758 Ιιιοι,
1169 4691 1218 4759 qui
1243 4697 1399 4754 servantur,
1423 4687 1463 4744 ibi
1487 4706 1568 4744 verus
1587 4697 1615 4745 et
1632 4689 1772 4761 legitimus
1789 4691 1945 4764 baptismus
1961 4693 2078 4748 admini-

381 4792 437 4829 non
452 4782 568 4829 sanctae
589 4775 738 4830 Trinitatis
763 4776 938 4831 inuocatione
965 4777 1046 4845 apud
1062 4776 1218 4829 baereticae
1243 4780 1359 4843 stratur,
1385 4774 1521 4846 siquidem
1545 4775 1581 4830 ad
1606 4775 1718 4846 plenam
1740 4783 1769 4831 et
1787 4777 1925 4851 integram
1943 4782 2079 4852 cujusque

381 4861 518 4930 baptisati
530 4868 595 4915 sunt
611 4868 638 4913 et
656 4861 768 4915 ueniunt
785 4864 827 4915 aci
846 4880 913 4931 nos,
937 4861 1079 4931 baptizari
1091 4878 1218 4931 pronom-
1244 4862 1284 4918 rei
1308 4861 1457 4918 assentiam
1481 4866 1574 4932 partes
1599 4862 1724 4933 ejusdem
1749 4864 1908 4920 essentiales
1929 4865 2079 4922 sufficiunt

381 4946 492 5015 tiamne,
509 4965 566 5002 non
584 4946 764 5016 rebaptizari,
782 4964 869 5017 neque
888 4948 960 5003 enim
977 4949 1150 5002 credendum
1169 4955 1219 5017 est,
1244 4949 1309 5005 Jam
1324 4966 1389 5004 vcro
1406 4950 1435 5003 in
1454 4948 1507 5003 hoo
1524 4965 1592 5003 casu
1610 4949 1803 5005 substantialia
1815 4951 1948 5021 baptismi
1966 4956 2014 5019 (ex
2030 4951 2080 5023 by·

383 5050 430 5088 eos
440 5035 538 5103 fnisse
558 5034 719 5104 baptizatos,
737 5036 834 5103 quiin
850 5036 961 5091 nomine
972 5036 1081 5104 Patris,
1100 5036 1175 5090 Filii
1193 5043 1219 5089 et
1245 5034 1364 5106 pothesi)
1386 5035 1579 5104 observantur,
1602 5037 1683 5091 adest
1705 5052 1780 5107 aqua
1796 5054 1859 5092 cum
1877 5038 1978 5103 verbo,
2002 5035 2149 5094 ιιιιιιιιιι

385 5119 511 5189 Spiritus
526 5121 620 5175 sancti
636 5121 717 5174 tincti
733 5138 790 5174 non
805 5130 878 5179 sunt.
907 5121 1102 5179 **8ιιιιιιιιιιιι
1120 5122 1149 5176 in
1164 5138 1219 5176 me·
1245 5120 1384 5176 invocatio
1401 5120 1561 5189 Trinitatis,
1579 5138 1653 5193 aqna
1669 5122 1698 5176 in
1716 5123 1827 5179 nomine
1843 5124 1950 5195 Patris,
1969 5124 2036 5179 Filii
2052 5130 2080 5180 et

379 5205 452 5262 dull.
472 5213 584 5278 patrum
601 5212 673 5279 part.
695 5213 717 5262 l.
736 5223 764 5277 p.
783 5212 842 5262 477.
864 5215 966 5277 patres
984 5208 1089 5262 Niceni
1106 5208 1221 5262 concilii
1247 5207 1365 5278 Spiritus
1391 5208 1480 5262 sancti
1504 5207 1647 5278 baptizato
1665 5207 1824 5266 effunditur.
1858 5208 1935 5281 Ergo
1952 5228 2036 5267 verus
2053 5218 2081 5268 et

383 5293 490 5347 moris
499 5303 621 5364 accinat,
634 5289 1220 5365 ςιιοιιἄναιαιιιισμὸνιῶνΙΙιιυιιιιισάιι-
1246 5294 1387 5365 legitimus
1418 5293 1573 5366 baptismus
1596 5295 1743 5352 coniertur.
1784 5295 1934 5351 Amelmus
1954 5297 1985 5352 in
2007 5314 2031 5352 a
2056 5303 2079 5353 4.

383 5398 447 5449 sav,
467 5382 486 5438 i.
505 5397 527 5436 s.
550 5398 646 5435 eorum
660 5380 711 5450 qui
723 5379 935 5435 §amatunam
946 5382 1044 5450 secuti,
1061 5383 1220 5435 statuerint.
1246 5380 1362 5452 Ephes.:
1386 5382 1540 5451 Baptisma
1565 5399 1584 5435 a
1607 5399 1770 5451 qssocunque
1792 5384 1890 5437 ιιιιιιιιι
1902 5384 2006 5454 fuerit,
2023 5385 2080 5439 rias

383 5463 558 5535 Augustinus
585 5475 651 5524 tom.
680 5472 704 5522 6.
733 5466 768 5521 de
798 5462 903 5518 haeres.
933 5481 957 5519 o.
982 5472 1028 5522 44:
1055 5469 1131 5522 Istos
1151 5485 1221 5522 sane
1247 5485 1266 5521 a
1285 5469 1355 5521 bono
1378 5468 1437 5521 sios
1455 5485 1474 5522 a
1492 5467 1581 5532 mala,
1606 5468 1664 5521 sive
1689 5486 1708 5523 a
1731 5470 1869 5525 catbalico
1887 5469 1945 5524 siue
1965 5472 2002 5524 ab
2017 5470 2080 5524 bas

384 5551 546 5608 Paulianae
558 5554 617 5627 (qui
628 5551 788 5608 Photiniani
801 5548 936 5606 celebrius
953 5558 1160 5624 nuncupantur)
1174 5557 1220 5608 ba·
1247 5554 1332 5607 retica
1348 5553 1429 5621 iacta
1447 5572 1551 5609 morem
1568 5554 1702 5609 ecclesiae
1719 5556 1750 5609 in
1761 5557 1871 5610 nomine
1883 5574 1906 5613 a.
1923 5556 2078 5623 Trinitatis,

379 5638 533 5709 pts'sancios
556 5657 616 5695 esse
638 5641 668 5694 in
686 5638 804 5694 ecclesia
822 5637 961 5692 catholica
977 5642 1155 5695 constitutum
1172 5649 1222 5707 est,
1247 5640 1354 5694 sedicet
1373 5640 1485 5709 Patris,
1509 5640 1584 5694 Filii
1599 5648 1626 5694 et
1646 5641 1772 5710 Spiritus
1789 5643 1893 5710 sancti,
1912 5645 2079 5698 ιιιιιιιιιιιιιιι

383 5727 461 5781 unde
482 5728 652 5780 medendum
670 5734 726 5791 est,
749 5742 796 5779 eos
816 5723 944 5793 requiam
969 5726 1142 5795 baptismatis
1165 5746 1221 5782 non
1247 5728 1330 5782 calet.
1366 5732 1390 5781 2.
1411 5725 1598 5796 circumcisio,
1617 5744 1700 5799 quam
1713 5727 1814 5800 Zipora
1832 5728 1938 5800 Moysis
1954 5748 2025 5785 uxor
2042 5728 2078 5783 in
2147 5714 2155 5726 ’

386 5818 489 5883 unsre,
505 5829 591 5881 quam
606 5829 699 5867 secum
709 5812 793 5867 multi
802 5811 943 5882 banetmi,
958 5828 1020 5867 cum
1031 5814 1067 5867 ds
1079 5814 1220 5869 catboiica
1247 5811 1355 5868 tantulo
1381 5812 1555 5883 conferebat,
1588 5813 1721 5870 divinitus
1747 5815 1919 5887 approbatur
1943 5816 2031 5877 asoa
2055 5821 2079 5881 ι,
