4800 6659
402 575 464 638 322
1080 564 1205 622 LOCUS
1222 564 1427 624 uouemus

404 726 571 796 depromitis
588 725 658 793 s'rtis,
678 723 777 779 Matth.
800 728 839 789 1⁸,
856 740 881 776 ι.
896 728 936 778 14.
964 722 1044 775 Dour
1061 718 1127 786 uult,
1144 731 1239 770 omnes
1251 744 1254 806 Ι
1267 723 1405 788 quatenus
1423 719 1488 775 talis
1506 726 1601 777 manet
1618 726 1646 777 et
1659 720 1763 792 Spiritu
1780 723 2012 786 acfienescarnis
2032 741 2106 780 snor-

404 812 530 866 lronn'nes
547 810 640 865 saluos
658 811 729 873 fieri,
751 814 773 864 1.
785 808 856 863 Tim.
869 814 893 877 2,
901 825 929 863 ι.
938 813 962 864 4.
995 806 1103 859 Auctor
1118 803 1240 873 memis-
1251 811 1254 880 ι
1266 802 1361 873 tificat,
1379 823 1435 859 aon
1448 814 1550 874 peoout
1568 806 1627 862 sive
1644 815 1790 877 peccatum
1808 808 1884 866 iacit.

404 898 492 952 st'ont'tt
509 895 603 960 fidelis
622 902 670 962 esi,
691 893 776 950 Hebr.
793 900 832 962 li),
846 911 871 948 v.
885 899 925 949 23.
955 891 991 946 Et
1002 908 1075 962 quae
1087 888 1157 945 ullas
1168 885 1254 943 soreii
1303 895 1361 947 126.
1381 894 1504 960 Erpone,
1522 892 1623 964 inquis,
1643 910 1737 947 omem
1755 895 1866 949 omnino
1880 895 2140 963 significationum

405 981 557 1038 consolatio
582 981 691 1052 piorum
717 986 877 1051 parentum,
908 995 1025 1050 quorum
1049 974 1130 1032 liberi
1154 974 1182 1028 in
1199 974 1240 1027 in·
1267 990 1300 1027 es
1326 976 1461 1045 baptismo
1487 978 1699 1032 eliminandae.¹
1731 978 1957 1050 Respondemus:
1991 967 2141 1047 minimeii

405 1067 600 1125 tantiliaetate
612 1065 785 1121 moriuntur?
803 1084 870 1120 uum
887 1063 1068 1136 probabiliter
1086 1062 1185 1116 saltem
1206 1058 1240 1113 de
1267 1076 1341 1115 vero.
1377 1061 1510 1126 Quamvis
1535 1064 1608 1119 enim
1630 1081 1742 1119 sacrum
1759 1065 1889 1136 baptismi
1908 1066 2055 1123 lavamum
2072 1070 2141 1151 ⁶¹3:

405 1156 528 1225 ipsorum
552 1154 643 1209 salute
668 1152 753 1208 statui
776 1157 884 1224 potest,
908 1156 940 1204 ut
957 1149 1017 1203 vult
1034 1147 1138 1204 Besa
1130 1165 1159 1201 ιιι
1177 1144 1241 1201 coll
1235 1144 1440 1246 ,institutione
1470 1148 1565 1203 divina
1592 1150 1704 1220 proprie
1728 1158 1756 1205 et
1776 1152 1967 1222 principaliter
1988 1154 2027 1208 sit
2046 1154 2106 1212 effi-
2119 1164 2140 1202 αι

406 1241 508 1310 Momp
526 1257 553 1309 p.
575 1238 655 1295 435?
679 1239 720 1293 At
741 1237 794 1292 hoe
818 1242 861 1293 est
878 1234 1058 1292 dubitationis
1075 1232 1242 1289 Pontificiae
1268 1249 1320 1287 cax
1361 1233 1483 1288 medium
1520 1235 1738 1306 regenerationis
1776 1242 1805 1292 et
1843 1239 2031 1295 renovationis
2069 1224 2141 1297 ad⁸'
2119 1276 2141 1307 ..

405 1323 613 1400 μορμολύκειον
642 1324 781 1379 reducere
823 1329 847 1378 2
867 1322 988 1378 Adultus
1014 1338 1079 1377 vero
1106 1319 1241 1392 quosdam
1267 1318 1353 1374 vitam
1388 1326 1544 1390 aeternam,
1581 1338 1757 1393 nequaquam
1793 1341 1858 1379 vero
1887 1325 1994 1381 nudum
2024 1327 2107 1383 istius

406 1412 509 1470 actuali
529 1409 748 1482 impoenitentis,
767 1409 908 1480 hypocrisi
929 1410 995 1464 item
1008 1404 1242 1464 etobstinutionis
1268 1405 1396 1462 beneficii
1424 1408 1549 1478 signum
1582 1407 1636 1463 hoc
1665 1416 1759 1464 tamen
1788 1428 1844 1465 non
1872 1410 2004 1481 impedit,
2038 1430 2107 1485 quo-

406 1499 487 1556 obice
503 1497 617 1553 salutari
635 1495 767 1566 baptismi
785 1494 912 1551 efficacia
929 1512 959 1550 se
978 1494 1053 1564 ipsos
1067 1491 1242 1557 defraudare,
1269 1492 1359 1547 miuus
1378 1502 1573 1549 enumerentur
1590 1494 1742 1550 concinnae
1764 1495 1871 1569 aliquot
1888 1497 2107 1569 significationes

406 1585 527 1642 libenter
552 1583 743 1651 concedimus3
771 1583 821 1639 sed
849 1600 883 1638 er
907 1599 940 1637 eo
966 1581 1126 1654 neutiquam
1147 1576 1242 1634 inferri
1270 1585 1298 1633 et
1325 1579 1619 1648 commoneiaetiones,
1651 1581 1689 1635 sd
1715 1598 1784 1653 quaa
1803 1582 1892 1637 minus
1914 1583 2108 1655 principaliter

407 1677 513 1743 potest,
532 1670 608 1740 quod
626 1668 781 1739 baptismus
799 1668 830 1723 in
848 1686 878 1726 se
896 1684 930 1723 se
952 1685 1002 1739 per
1021 1683 1051 1722 se
1069 1683 1125 1722 non
1144 1664 1180 1720 sit
1199 1679 1242 1717 sa·
1271 1670 1299 1719 et
1328 1664 1492 1720 secundario
1516 1665 1672 1736 baptismus
1692 1667 1838 1737 respiciat,
1863 1670 1944 1725 modo
1971 1670 2044 1726 illud
2061 1669 2108 1727 fir·

407 1758 497 1813 lutare
526 1756 648 1811 medium
678 1754 907 1826 regenerationis,
938 1771 1002 1809 cum
1030 1770 1063 1809 ex
1091 1750 1243 1808 remotione
1270 1769 1345 1805 mum
1369 1750 1454 1806 fixum
1478 1758 1617 1821 teneatur,
1644 1755 1813 1825 baptismum
1841 1773 1893 1811 nec
1920 1756 2025 1823 solum,
2054 1772 2108 1815 neo

408 1850 487 1898 actus
511 1842 627 1898 secundi
652 1841 748 1912 aliquo
767 1839 871 1910 objecti
888 1839 955 1894 vitio
973 1837 1099 1909 impediti
1119 1836 1242 1892 nondum
1269 1837 1459 1908 principaliter
1470 1846 1583 1909 propter
1594 1839 1656 1895 illas
1669 1840 1885 1911 significationes
1900 1859 1933 1897 ae
1950 1859 2107 1901 commoue-

408 1934 541 2001 sequatur
564 1926 679 1983 remotio
702 1933 781 1981 actus
800 1925 890 1996 primi.
928 1931 952 1980 3
972 1925 1096 1982 Verbum
1113 1923 1168 1979 Dei
1187 1939 1243 1977 non
1268 1922 1404 1978 factiones
1421 1923 1594 1988 institutum,
1619 1942 1671 1980 nec
1690 1932 1777 1981 totam
1795 1927 1980 1982 substantiam
1997 1935 2028 1985 et
2045 1928 2107 1985 effi·

409 2016 497 2072 estin
516 2014 644 2071 omnibus
663 2013 700 2067 sd
719 2011 802 2067 fidem
821 2017 849 2067 et
867 2011 984 2067 salutem
1004 2009 1111 2075 efficax,
1128 2015 1159 2064 at
1177 2026 1242 2062 num
1269 2009 1376 2064 cociam
1398 2010 1560 2080 baptismi
1551 2028 1581 2065 ιιι
1601 2012 1656 2067 illis
1674 2013 1830 2069 consistere.
1866 2013 1992 2069 Primum
2019 2016 2141 2109 igiturc

409 2107 556 2173 propterea
576 2118 632 2155 uon
650 2099 703 2155 erit
720 2099 843 2153 salutare
862 2097 992 2164 medium,
1012 2113 1062 2167 per
1078 2096 1153 2167 quod
1165 2094 1243 2149 Deus
1269 2096 1424 2165 baptismus
1442 2096 1593 2167 significat,
1618 2099 1693 2169 quod
1718 2105 1799 2154 vetus
1817 2099 1899 2156 homo
1926 2100 2030 2157 debeat
2042 2069 2141 2169 subu

408 2187 492 2243 fidem
515 2192 544 2242 et
566 2186 686 2241 salntem
706 2183 858 2255 operatur?
891 2189 916 2239 4.
938 2182 1048 2239 Securis
1067 2201 1122 2238 uon
1141 2180 1245 2237 desinit
1270 2182 1335 2237 inde
1357 2199 1407 2252 per
1429 2181 1668 2239 mortificationem
1690 2202 1724 2240 ac
1745 2185 1976 2255 poenitentiam
1968 2205 1999 2242 ιιι
2025 2183 2141 2264 nobis¹¹¹

409 2291 468 2329 esse
497 2273 711 2328 instrumentum
742 2269 886 2339 sectionis,
915 2269 1025 2324 etiamsi
1052 2267 1160 2339 lapides
1188 2282 1243 2320 non
1271 2267 1411 2339 submergi
1431 2273 1459 2323 et
1478 2268 1618 2340 exstingui
1637 2271 1840 2327 cumomnibus
1858 2272 1982 2343 peccatis
2001 2278 2031 2328 et
2044 2291 2134 2369 pra-
2118 2278 2141 2315 21¹

408 2365 493 2416 ιιιιι
521 2358 576 2414 Sic
599 2356 755 2429 baptismus
778 2362 820 2412 est
845 2362 874 2411 et
899 2361 991 2411 manet
1008 2354 1149 2409 lavacrum
1166 2368 1243 2422 rege·
1271 2353 1313 2406 sis
1333 2353 1580 2425 concupiscentiis,
1603 2371 1636 2409 ao
1663 2373 1758 2411 rursus
1775 2357 1900 2427 quotidie
1918 2375 2061 2431 emergere
2074 2338 2141 2415 ⁸0⁸⁸

408 2444 572 2512 serationis,
599 2444 684 2499 etism
710 2443 822 2515 quando
840 2441 992 2513 hypocritis
1012 2440 1167 2504 confertur,
1189 2456 1244 2494 non
1271 2456 1416 2511 resurgere
1440 2457 1528 2495 novus
1552 2440 1649 2511 homo,
1670 2442 1719 2514 qui
1743 2444 1772 2497 in
1790 2445 1937 2501 sanctitate
1954 2450 1984 2500 et
1996 2447 2110 2517 justitia

411 2531 517 2587 ratione
537 2528 655 2602 objecti,
680 2529 747 2601 quia
765 2529 927 2600 hypocritae
945 2526 1000 2584 fide
1019 2531 1116 2581 carent
1134 2532 1163 2579 et
1181 2539 1245 2594 ope·
1272 2543 1363 2580 coram
1391 2527 1452 2581 Deo
1486 2526 1561 2581 ιιιιι
1596 2528 1625 2583 in
1656 2534 1807 2584 aeternum.
1853 2529 1933 2587 Rom.
1963 2538 1992 2600 6,
2024 2550 2051 2589 ι.
2077 2537 2108 2591 5:

412 2617 548 2673 rationem
574 2614 694 2685 Spiritus
721 2614 811 2669 sancti
836 2614 1034 2677 intervertunt,
1061 2612 1111 2668 sed
1140 2609 1246 2665 ratione
1276 2612 1415 2681 Quotquot
1443 2613 1473 2666 in
1503 2612 1643 2667 Cirr'stum
1671 2616 1769 2669 ΙῙιιιιιιι
1799 2616 1934 2684 baptisati
1966 2626 2048 2687 sunt,
2078 2619 2109 2673 iss

412 2700 589 2769 definitionis,
609 2700 654 2755 ιιι
672 2700 764 2770 potius
784 2698 965 2755 institutionis
984 2698 1102 2753 divinae
1136 2696 1246 2753 nuu—
1273 2707 1388 2753 mortem
1416 2700 1478 2769 ejus
1508 2701 1644 2769 baptisati
1670 2711 1751 2769 sunt,·
1782 2720 1809 2757 ι.
1827 2708 1856 2758 l:
1890 2704 1996 2773 sepulti
2021 2706 2110 2775 igitur

414 2789 512 2845 dumus
536 2787 622 2860 igitur
649 2786 734 2843 rerba
760 2786 852 2842 Besae
878 2805 906 2858 p.
931 2791 954 2842 2.
982 2803 1054 2856 resp.
1082 2785 1118 2839 ad
1148 2782 1246 2853 colloq.
1273 2803 1368 2839 sumus
1389 2803 1447 2838 una
1472 2803 1534 2839 cum
1553 2785 1665 2843 Christo
1681 2805 1734 2857 per
1751 2789 1917 2857 baptismum
1934 2791 1966 2843 in
1985 2800 2109 2861 mortar,

413 2894 440 2947 p.
463 2880 524 2931 itt:
545 2874 717 2929 Existimant
735 2890 839 2928 caueae
860 2872 997 2938 efficienti
1011 2873 1067 2925 uim
1077 2888 1159 2925 suom
1171 2870 1248 2941 iusp-
1273 2881 1303 2926 ut
1320 2874 1554 2942 quaemadmodum
1573 2872 1701 2928 Christus
1724 2875 1860 2930 excitetur
1886 2884 1927 2930 ert
1944 2892 1978 2931 es
1993 2878 2111 2934 mortuis

413 2956 529 3031 γηιικὴν
555 2960 680 3026 detrahi,
703 2959 812 3029 quoties
834 2959 902 3015 vs'tio
920 2960 970 3013 sori
987 2958 1144 3028 πάσχοντος
1163 2957 1247 3025 impe·
1272 2977 1324 3028 per
1351 2960 1474 3028 ploriom
1493 2959 1609 3029 Patres,
1637 2961 1680 3014 ito
1711 2966 1737 3014 et
1760 2978 1812 3014 nos
1834 2961 1864 3015 in
1888 2963 2015 3018 nouitate
2036 2965 2111 3019 ιιιιιι

414 3048 492 3101 ditm
515 3048 578 3116 ejus
602 3050 725 3118 effectus,
751 3054 791 3099 est
808 3053 881 3100 certe
902 3054 1024 3100 motum
1043 3046 1159 3113 dipnum
1177 3060 1248 3097 com·
1274 3046 1461 3112 amisionem
1490 3063 1516 3099 ι.
1541 3053 1574 3099 5:
1603 3047 1631 3100 ri
1652 3047 1726 3101 enim
1749 3044 1891 3121 σύμφυτοι
1913 3050 1991 3113 sacti
2016 3066 2111 3107 aumas

413 3134 592 3189 miseratione
607 3134 717 3204 potius,
745 3151 829 3202 prtum
848 3132 1019 3198 refutatione
1036 3132 1170 3197 hominis,
1200 3130 1250 3198 qui
1274 3132 1457 3187 similitudini
1474 3132 1572 3186 none
1590 3134 1660 3202 ejus,
1679 3133 1764 3187 ιιιιιιι
1784 3137 2040 3192 etreaurrectionis
2056 3139 2110 3194 eri·

414 3220 553 3296 uppusun
573 3221 699 3281 ιιιιοιιις
718 3220 835 3273 laboret.
1276 3238 1344 3275 mue.
1380 3217 1438 3275 Col.
1458 3223 1487 3286 ι,
1510 3236 1536 3273 ι
1558 3223 1603 3274 ιιι
1640 3217 1805 3289 Consepulti
1830 3238 1926 3276 summ
1943 3222 2095 3279 Christo
2081 3242 2111 3279 ss

285 3326 388 3370 ιιιιιιι
453 3313 508 3363 125.
544 3309 569 3364 6.
594 3306 719 3360 Multi
705 3323 736 3358 m
759 3302 893 3372 infantili
917 3309 1009 3356 aetate
1031 3300 1177 3371 baptisati,
1202 3300 1251 3354 uli
1276 3305 1421 3374 baptismo.
1476 3304 1715 3373 Quemadmodum
1741 3306 1814 3361 enim
1841 3307 2001 3377 baptisatus
2032 3310 2111 3383 aquis

286 3379 395 3481 2:23³}
415 3394 599 3460 ucioleuerint,
612 3392 735 3459 pessime
752 3390 855 3444 uiuunt.
891 3390 971 3456 Erpa
991 3404 1047 3441 non
1064 3388 1180 3450 fuerunt
1195 3403 1250 3455 per
1275 3390 1462 3462 immergitur,
1490 3396 1522 3444 ut
1545 3390 1707 3445 videatur
1699 3408 1729 3445 ιιι
1749 3391 1997 3465 eissufioeandus,
2014 3403 2113 3466 postes

286 3484 375 3523 vivuat.
415 3480 584 3549 baptismum
601 3476 726 3543 repositi,
746 3475 795 3544 qui
813 3474 887 3527 enim
902 3489 935 3526 eu
948 3475 1011 3528 Deo
1030 3481 1174 3536 ιιιιιιιιι,
1194 3489 1249 3525 non
1276 3483 1368 3532 tamen
1389 3477 1468 3531 vivus
1493 3478 1594 3532 iterum
1617 3476 1830 3543 extrahitur3
1808 3496 1848 3533 ιιι
1869 3486 1950 3534 vetus
1973 3481 2091 3537 homo
2082 3501 2111 3540 ιιι

411 3572 526 3636 peccat,
552 3568 575 3619 1.
594 3563 660 3617 Jolr.
679 3564 711 3625 3,
729 3578 753 3617 u.
772 3563 798 3615 9.
833 3558 1056 3628 Respondemus:
1077 3565 1099 3613 1.
1118 3557 1249 3631 flagitiosi
1276 3562 1425 3633 baptizatis
1450 3570 1478 3618 ct
1493 3563 1597 3618 renatis
1626 3563 1750 3635 quotidie
1776 3563 1997 3638 submergendus
2023 3576 2112 3626 estet

415 3651 456 3705 illi
472 3656 631 3720 peccatores
649 3646 701 3701 hac
718 3645 825 3700 ratione
845 3643 1002 3707 ostendunt,
1020 3659 1075 3698 noo
1091 3645 1166 3714 quod
1178 3662 1248 3698 nun-
1275 3648 1509 3719 exstinguendus,
1536 3656 1568 3703 ut
1591 3649 1708 3719 prodeat
1727 3667 1824 3705 novus.
1870 3651 2110 3715 Quemadmodum

417 3753 501 3807 quam
518 3733 622 3788 fuerint
639 3731 765 3804 regeniti,
782 3730 831 3785 sed
845 3730 919 3800 quod
931 3730 1146 3801 regenerationis
1158 3732 1249 3802 gratia
1275 3733 1400 3789 Christus
1419 3741 1531 3804 propter
1543 3741 1659 3805 peccata
1675 3743 1771 3791 nostra
1791 3743 1914 3792 mortuus
1929 3755 1962 3793 ac
1984 3742 2111 3811 sepultus

417 3830 445 3878 et
457 3818 590 3876 beneficio
604 3817 769 3883 exciderint;
784 3833 864 3887 posse
874 3822 966 3871 autem
976 3822 1084 3872 renatos
1094 3816 1148 3870 Dei
1158 3816 1250 3888 gratia
1276 3820 1321 3875 die
1350 3821 1432 3875 tertio
1461 3827 1575 3890 propter
1597 3820 1823 3889 justificationem
1845 3830 1968 3880 nostram
1992 3828 2112 3884 surrexit

417 3927 467 3979 per
500 3912 618 3977 peccata
648 3911 744 3959 centra
772 3902 969 3958 conscientiam
995 3903 1095 3957 iterum
1123 3902 1249 3957 excidere
1275 3905 1366 3969 vivus,
1393 3907 1471 3963 Rom.
1490 3913 1519 3974 t,
1544 3925 1569 3959 v.
1588 3912 1628 3961 25.
1653 3908 1693 3961 ιιι
1711 3908 1740 3963 ιιι
1763 3909 1901 3980 baptismo
1917 3916 1998 3967 vetus
2019 3922 2112 3971 noster

416 3993 586 4050 ostendimus
600 3991 834 4064 ὀιιιιαλμοφιιιιῦς
850 3989 880 4043 in
892 3996 969 4045 treet
982 3988 1108 4045 debonis
1120 3989 1250 4059 operibus
1276 3991 1439 4047 homocum
1458 3992 1568 4048 Christo
1585 3992 1733 4063 sepelitur,
1752 3996 1830 4051 utin
1848 3997 1972 4053 novitate
1989 4001 2066 4056 vitae
2085 4007 2113 4057 et

416 4081 467 4135 sub
482 4079 572 4134 finem.
604 4084 627 4133 2.
633 4076 817 4149 Regeneratio
830 4081 858 4131 et
868 4077 1020 4141 renovatio,
1032 4092 1104 4146 quae
1115 4074 1148 4130 fit
1159 4075 1188 4130 in
1202 4076 1250 4130 ba·
1273 4078 1383 4150 justitia
1398 4078 1459 4134 Deo
1471 4078 1653 4149 inposterum
1666 4082 1824 4139 serviamus.
1848 4083 1970 4139 Basilius
1990 4087 2021 4140 in
2033 4103 2111 4143 serm.

416 4166 525 4234 ptismo,
546 4165 585 4219 ita
600 4170 760 4235 comparate
778 4169 829 4232 eat,
847 4169 878 4216 ut
891 4180 977 4234 prava
989 4162 1212 4233 concupiscentia
1223 4169 1251 4217 et
1277 4165 1389 4235 quando
1408 4164 1566 4234 baptizetur
1583 4165 1685 4236 aliquis
1704 4167 1868 4238 baptismate
1882 4166 1984 4225 Christi
2003 4176 2069 4228 tom.
2090 4179 2111 4230 l.

416 4258 563 4320 peccatum
575 4267 631 4305 non
645 4250 755 4321 penitus
767 4267 800 4304 ex
818 4266 900 4303 carne
915 4249 1060 4305 deleantur
1071 4257 1098 4305 et
1108 4249 1249 4306 eradicen—
1277 4269 1304 4320 p.
1323 4256 1386 4307 460:
1409 4251 1648 4313 Quemadmodum
1660 4253 1710 4321 qui
1721 4256 1902 4324 crucifipitur,
1923 4274 1942 4309 a
1959 4259 2111 4314 viventibus

417 4344 473 4403 tur,
499 4337 549 4389 sed
567 4337 742 4392 remittantur
760 4354 793 4391 uo
811 4335 1024 4405 mortificentur,
1046 4344 1130 4409 atque
1149 4354 1181 4392 eo
1195 4335 1250 4389 fine
1277 4337 1475 4401 abalienetur,
1499 4336 1540 4388 itu
1567 4344 1593 4390 et
1620 4338 1658 4400 is,
1685 4339 1734 4409 qui
1757 4341 1788 4393 in
1811 4341 1996 4397 similitudine
2015 4347 2111 4400 ιιιοιιιι

419 4422 501 4476 datur
521 4438 571 4491 per
591 4422 760 4492 baptismum
781 4422 900 4492 Spiritus
918 4440 954 4489 s.,
974 4429 1006 4477 ut
1023 4423 1112 4478 renati
1128 4423 1251 4477 actiones
1278 4443 1339 4477 cum
1362 4422 1474 4476 Christo
1500 4423 1685 4492 crucifipitur,
1713 4427 1892 4481 abalienetur
1915 4429 1952 4481 ab
1977 4432 2110 4495 omnibus,

419 4506 510 4561 earnis
540 4523 590 4575 per
608 4506 741 4578 Spiritum
762 4507 928 4562 mortificent
946 4514 973 4562 ct
990 4514 1087 4563 contra
1107 4515 1249 4580 peceatum
1278 4510 1327 4579 qni
1344 4510 1493 4563 emendum
1509 4517 1626 4563 veterem
1643 4511 1779 4567 bominem
1796 4514 1896 4567 uiuunt.
1923 4516 1963 4569 Et
1980 4520 2110 4585 quemod-

418 4593 446 4646 in
469 4609 550 4646 carne
578 4593 669 4648 adhuc
695 4594 831 4665 reliquum
855 4593 969 4650 viriliter
987 4602 1120 4665 pugnent.
1158 4596 1249 4660 Quod·
1278 4599 1390 4649 modum
1409 4596 1458 4665 qui
1475 4596 1657 4664 crucistpitur,
1677 4599 1924 4667 mortieaubjectur
1945 4606 2110 4657 condemno·

418 4679 441 4734 si
467 4678 548 4733 homo
573 4697 623 4749 per
648 4680 816 4751 baptismum
842 4687 953 4736 renatus
971 4698 1005 4737 ac
1023 4690 1170 4738 renovatus
1187 4698 1250 4738 con·
1278 4684 1351 4736 tions'
1375 4682 1410 4734 ιιι
1438 4682 1498 4735 illis
1526 4683 1714 4749 disiunpitur,
1747 4702 1809 4739 mem
1835 4687 1934 4753 putem
1953 4687 2110 4758 aliquando

418 4764 594 4835 cupiscentiis
628 4766 717 4821 carnis
744 4784 838 4822 secure
865 4766 1010 4839 indulgeat
1046 4775 1074 4824 et
1099 4769 1250 4824 seeundum
1277 4769 1351 4822 uitae
1374 4767 1566 4828 commercium
1584 4768 1692 4837 holuit,
1722 4771 1867 4824 sublimior
1878 4772 1945 4841 jem
1962 4773 2041 4843 illis,
2066 4775 2112 4844 prii

417 4868 527 4905 earnem
552 4850 642 4920 vivat,
666 4853 767 4908 amittit
785 4854 904 4925 gratiam
926 4852 992 4921 Dei,
1021 4854 1250 4911 inhabitationem
1278 4857 1307 4909 in
1322 4862 1399 4907 terro
1416 4855 1510 4907 adhuc
1527 4863 1636 4923 repunt,
1651 4857 1770 4924 ‚factum
1789 4856 1830 4909 ite
1847 4865 1873 4909 et
1891 4858 1942 4927 qui
1957 4876 2020 4913 cum
2033 4859 2110 4915 turt-

418 4938 538 5008 Spiritus
576 4937 666 4992 sancti
702 4946 730 4994 et
758 4940 875 4995 salutem
906 4946 1054 4995 aeternam.
1101 4949 1124 4998 3.
1151 4942 1250 4997 Inseri-
1276 4950 1319 4995 sto
1339 4958 1394 5009 per
1415 4941 1554 5009 baptismo
1577 4942 1764 5010 cnmitipitur,
1794 4944 1831 4996 ab
1855 4945 1981 4998 omnibns
2004 4948 2035 5001 in
2052 4948 2110 5001 uni·

417 5043 478 5078 mur
508 5022 621 5096 quidem
653 5022 762 5078 Christo
792 5026 929 5096 spirituali
957 5026 1006 5081 viti
1032 5034 1166 5100 tanquam
1191 5028 1250 5099 pal·
1277 5045 1401 5094 uernam,
1423 5028 1641 5096 quiescientium
1661 5027 1853 5082 looseculum
1871 5031 1979 5096 uiuunt,
2005 5033 2108 5087 obuiis

416 5112 510 5180 mites,
533 5110 641 5167 interim
667 5117 760 5165 tamen
782 5114 832 5181 qut
849 5132 906 5167 ιιοιι
924 5124 1036 5168 orassent
1055 5115 1085 5169 iu
1105 5117 1181 5185 ipso,
1207 5134 1249 5170 ιιι-
1276 5122 1359 5167 notin
1382 5120 1435 5176 eei,
1458 5115 1568 5168 sublata
1590 5117 1655 5185 jam
1673 5123 1759 5169 mente
1777 5117 1818 5168 od
1834 5116 1980 5170 coelestem
2000 5135 2108 5173 consen

415 5198 582 5253 scinduntur
608 5205 633 5251 et
658 5198 688 5249 in
714 5198 805 5264 ipnem
823 5200 1008 5269 abjiciuntur,
1032 5200 1094 5256 Joh.
1118 5208 1161 5265 15,
1180 5218 1206 5255 ι.
1226 5208 1249 5256 ιι.
1275 5201 1411 5253 sotionem
1431 5202 1577 5255 moliatur.
1615 5207 1637 5254 ι.
1657 5200 1739 5264 Quod
1757 5217 1807 5271 per
1824 5201 1993 5271 baptismum
2018 5205 2141 5260 eblus-tl

416 5290 440 5339 ι.
460 5283 534 5339 Hine
552 5284 670 5353 Prosper
693 5283 729 5337 ad
748 5283 849 5353 object.
869 5285 976 5342 Gallor.
998 5304 1021 5344 c,
1042 5292 1070 5342 2:
1096 5288 1249 5357 Relapsum
1277 5304 1338 5340 mur
1364 5302 1381 5339 a
1404 5288 1535 5356 peccatis.
1583 5285 1821 5350 Quemadmodum
1849 5288 1922 5342 enim
1944 5288 2016 5344 alias
2038 5264 2141 5363 aquali

412 5378 479 5440 post
507 5371 672 5439 baptismum
701 5372 742 5423 od
768 5371 962 5434 infidelitatem
985 5382 1011 5426 et
1037 5374 1138 5442 impios
1158 5391 1249 5428 mores
1277 5371 1410 5426 naturalis
1430 5372 1520 5427 abluit
1537 5370 1631 5424 sordes
1652 5373 1789 5443 corporis3
1817 5372 1857 5427 sic
1875 5391 1950 5445 aqua
1968 5375 2107 5447 baptismi,

417 5458 467 5525 qui
488 5465 572 5524 nepot
600 5457 738 5527 oripinali
756 5465 873 5525 peccato
892 5460 983 5522 sitisse
1000 5468 1165 5529 perpetum,
1193 5469 1250 5514 tom
1277 5477 1339 5514 cum
1353 5459 1389 5512 sit
1401 5459 1485 5514 verbo
1497 5458 1549 5513 Dei
1561 5458 1765 5528 comprehense,
1783 5459 1872 5515 abluit
1889 5461 1985 5516 sordes
1995 5463 2107 5526 mentis:

416 5542 497 5606 falsa
529 5544 676 5612 opinatur,
712 5559 795 5613 quum
828 5543 877 5611 qui
905 5547 1024 5598 ιιιιιιιιιι
1055 5548 1158 5599 usserit
1195 5566 1250 5601 ιιοιι
1278 5553 1306 5600 ιι
1335 5563 1418 5617 quam
1437 5562 1501 5600 rere
1527 5559 1600 5613 aqua
1619 5544 1647 5597 in
1666 5544 1804 5615 baptismo
1824 5546 2031 5619 adspergimur,
2055 5556 2108 5604 tam

418 5637 533 5682 aeterno
562 5638 649 5683 morte
679 5631 880 5684 damnandum.
925 5636 949 5683 5.
975 5629 1089 5685 Dictum
1115 5631 1250 5688 Johaunis
1278 5648 1343 5687 vere
1361 5632 1486 5688 Christus
1504 5645 1554 5683 suo
1572 5630 1708 5703 sanguine
1725 5648 1775 5686 nos
1801 5632 1946 5705 adspergit
1964 5640 1995 5690 et
2013 5653 2030 5691 a
2047 5652 2106 5707 pet·

311 5717 346 5758 IX·
362 5716 403 5760 ¹⁷¹·
418 5714 593 5785 exposuimus
618 5733 668 5770 suo
686 5716 746 5771 loco
775 5721 803 5769 et
829 5730 893 5769 cum
911 5717 1129 5786 reduplicatione
1150 5718 1250 5790 accipi·
1277 5718 1346 5774 catis
1373 5717 1496 5773 mundat.
1520 5714 1621 5771 Erech.
1647 5722 1693 5783 36,
1714 5736 1738 5771 ι.
1757 5725 1804 5778 25„-
1829 5721 2010 5790 Adsperpom
2027 5738 2107 5793 super

418 5801 521 5855 endum
552 5818 613 5856 esse
644 5801 823 5858 ostendimus.
867 5801 922 5865 Qui
950 5817 982 5855 eu
1005 5804 1070 5859 Deo
1097 5812 1179 5859 natur
1202 5813 1251 5875 est,
1278 5821 1327 5859 nos
1357 5821 1461 5874 amiam
1485 5804 1631 5872 mundum,
1660 5811 1685 5857 et
1713 5806 1918 5861 meandobimini
1933 5808 1969 5861 ab
1987 5809 2107 5863 ιιιιιιιίιιι
