4800 6659
978 511 1032 571 111
1050 510 1324 577 summm
1938 533 1998 597 m

218 675 273 766 '’‘2'
304 672 378 727 nam
401 674 519 727 mandat
537 688 593 743 per
614 671 760 727 laeseram
783 687 875 742 29222
891 671 921 727 in
938 672 1021 726 serbo
1039 675 1090 727 etc
1109 677 1141 724 nt
1166 671 1263 728 rimus.
1300 679 1365 748 ipse
1381 677 1456 735 11222
1479 694 1506 751 p.
1525 684 1550 735 2.
1574 678 1811 753 maanmmq
1830 686 1870 738 12.
1886 683 1997 741 meniu

218 786 275 817 ns-
305 760 456 828 21222222,
472 759 611 829 bapts'sma
628 758 768 827 2292111222
776 761 956 828 peccatoram
970 758 1139 813 ablationem
1167 758 1257 828 81922
1276 762 1338 817 2112
1356 781 1415 819 esse
1435 765 1656 840 μνημονευιιιὰ,
1685 767 1746 821 alia
1772 773 1942 868 squamati,
1966 781 1998 827 ut

250 829 468 900 ιι’2222122222
486 846 621 915 21219222.
650 846 874 916 Respondemus:
895 844 1043 901 confictum
1061 844 1177 901 illum
1164 847 1352 916 2122112211·
1371 851 1432 904 alia
1453 868 1524 922 qaas
1543 858 1676 906 testentur
1689 853 1730 920 id,
1751 872 1796 908 222
1793 855 1999 925 ’2921222222

303 940 413 1004 tropum
441 932 551 987 disertis
574 932 733 1031 Scripturas
756 932 847 987 verbis
866 931 1023 1004 oppositum
1043 948 1137 987 excus-
1165 935 1346 1006 adhibentur,
1375 940 1455 993 nohis
1482 955 1547 993 cere
1576 940 1657 1003 dari,
1690 940 1763 994 sicat
1792 942 1822 994 in
1850 946 1998 1013 sufflando

303 1020 389 1074 simus
413 1018 552 1090 superium
571 1018 730 1089 cumprimis
753 1036 818 1075 vero
843 1019 870 1073 in
890 1025 970 1073 tract
989 1018 1082 1075 Germ
1104 1019 1139 1074 de
1166 1019 1294 1075 Christus
1313 1023 1462 1094 2212192112
1481 1026 1567 1079 dabat
1588 1025 1724 1097 Spiritum
1741 1036 1875 1082 sanctam

303 1108 399 1178 bapt.
400 1123 423 1162 c
446 1111 485 1162 13.
510 1105 611 1203 object.
634 1112 656 1161 t.
675 1106 784 1161 latede
804 1107 977 1178 coegimus,
997 1105 1138 1176 neojudi·
1199 1112 1241 1162 60.
1277 1106 1436 1179 Quaeritur,
1471 1110 1523 1166 hoc
1553 1111 1627 1180 loco,
1676 1129 1713 1167 an
1739 1112 1803 1168 finis
1828 1115 1890 1183 ille,
1922 1117 1996 1188 quod
2010 1118 2124 1161 mmm·

302 1211 399 1249 camus
419 1191 602 1248 necessarium
620 1209 694 1257 esse,
713 1199 745 1247 ut
762 1192 842 1262 plura
860 1193 1005 1247 addantur
1033 1192 1106 1261 At,
1099 1210 1138 1247 m·
1164 1200 1336 1250 mmmsnta
1361 1197 1418 1250 sint
1441 1196 1566 1252 efficacia
1589 1198 1680 1253 medis
1707 1199 1814 1270 gratiae
1838 1208 1866 1257 st
1892 1203 1997 1270 salutis,
2009 1170 2125 1265 111ιὶ21

302 1282 418 1353 quiunt,
442 1279 614 1333 circumcisio
633 1278 702 1333 Gen.
725 1285 770 1346 11,
796 1296 821 1331 r.
843 1284 881 1334 10.
902 1280 1004 1334 dicitur
1022 1286 1138 1349 pactum
1163 1280 1311 1335 conveniat
1329 1282 1412 1336 etiam
1425 1282 1460 1338 V.
1470 1282 1504 1339 T.
1523 1284 1721 1339 sacramentis?
1744 1285 1805 1342 Β121
1823 1288 1870 1344 lib.
1884 1295 1908 1344 4.
1926 1306 1939 1341 s
1941 1273 2095 1345 emt'¹²“''⁸

304 1369 363 1422 Dei
382 1373 410 1422 et
430 1370 526 1437 postea
545 1382 569 1419 v
592 1372 630 1420 tt.
650 1365 751 1418 dicitur
770 1366 879 1435 siqnnm
895 1367 983 1435 pacti.
1016 1364 1091 1436 Ergo
1109 1365 1138 1419 id
1164 1364 1265 1421 distl
1287 1372 1353 1437 q..3
1375 1369 1506 1439 proponit
1519 1371 1708 1440 quaestionem
1720 1371 1772 1426 hoc
1783 1374 1878 1428 modo
1901 1375 1997 1428 Utrnm
2010 1325 2114 1418 {mm

302 1454 336 1509 fit
354 1471 405 1525 per
425 1452 621 1523 metonymiam
642 1452 876 1507 sacramentalem.
912 1451 1138 1550 Respondemus:
1164 1460 1342 1506 samamsnta
1368 1455 1469 1507 2222212
1493 1455 1566 1524 12912
1596 1458 1765 1511 contulerint
1793 1461 1918 1528 qratiam
1944 1461 1998 1514 rste
2010 1430 2126 1522 ..1211ῗί

303 1541 505 1611 Ptaeterquam
523 1537 597 1609 quod
616 1537 1084 1608 superiussdmonuimus,'s1gnum
1103 1539 1140 1593 ab
1165 1540 1303 1593 utentibus
1323 1558 1356 1593 22
1372 1558 1455 1611 opere
1474 1545 1612 1612 operata!
1636 1544 1735 1600 recitat
1753 1551 1846 1601 autem
1865 1553 1920 1601 tres
1940 1548 1998 1618 opi-

305 1626 433 1698 apostolo
451 1641 502 1696 per
514 1624 640 1694 21921122
656 1623 795 1694 explicari,
813 1623 962 1678 addimus
954 1623 1140 1695 insuperhoc,
1165 1625 1276 1681 niones:
1311 1631 1335 1681 1.
1356 1628 1438 1691 Quasi
1462 1638 1640 1684 sacramenta
1662 1632 1763 1685 2222212
1787 1633 1858 1702 12912
1877 1634 1998 1687 2222212-

304 1712 381 1787 quod
399 1710 571 1768 circumcisio
589 1709 711 1765 totaliter
731 1709 906 1765 considerata
923 1709 959 1763 sit
975 1710 1066 1781 ipsum
1085 1710 1139 1766 Dei
1165 1711 1224 1764 rint
1249 1714 1372 1782 qratiam
1395 1731 1427 1767 es
1452 1732 1534 1784 opere
1559 1724 1690 1785 operato,
1716 1718 1781 1771 licet
1804 1736 1860 1772 non
1886 1727 2000 1787 tantam,

304 1801 404 1856 foedus
430 1816 493 1853 cum
517 1796 692 1866 Abrahsm03
718 1796 767 1850 sed
790 1814 852 1852 cum
877 1796 1028 1851 secundum
1046 1802 1139 1851 notam
1166 1813 1215 1850 nec
1234 1798 1275 1851 ita
1294 1799 1408 1867 directe,
1428 1800 1500 1855 sicat
1516 1811 1694 1855 sacramenta
1710 1820 1798 1857 nacae
1818 1805 1897 1875 12912.
1915 1805 2000 1879 Hugo

303 1887 334 1942 in
357 1902 441 1941 carne
458 1884 581 1940 relictam
600 1882 800 1952 consideratur,
823 1889 937 1938 vocatur
956 1883 1066 1954 signum
1083 1883 1139 1939 soe·
1170 1889 1190 1939 1.
1210 1882 1246 1938 de
1263 1901 1378 1939 sacram.
1391 1904 1418 1956 p.
1441 1892 1480 1942 11.
1498 1903 1521 1941 2.
1544 1893 1565 1943 1.
1587 1894 1656 1944 222.
1694 1892 1720 1942 2.
1732 1889 1815 1952 Quod
1833 1909 1889 1945 non
1907 1900 2000 1946 contn-

305 1974 379 2029 deris
397 1973 427 2028 in
444 1989 534 2028 carne.
565 1971 632 2041 Ipsa
653 1972 804 2041 amputatio
822 1970 969 2042 pelliculae
988 1970 1139 2041 nonsigni·
1166 1970 1251 2024 ierint
1270 1972 1409 2041 qratiam,
1434 1989 1520 2042 nsque
1549 1992 1582 2028 en
1605 1992 1689 2044 opere
1707 1985 1836 2048 2922222,
1862 1995 1949 2048 neque
1968 1997 2001 2033 22

305 2061 378 2131 fleat,
397 2059 447 2115 sed
467 2060 495 2114 in
512 2059 552 2114 rei
569 2057 686 2113 veritate
704 2064 747 2112 est
764 2063 842 2111 aetus
859 2056 906 2111 ille
923 2055 1139 2124 sacramentalis,
1167 2072 1251 2125 opere
1269 2066 1416 2126 operante,
1444 2076 1493 2112 sen
1508 2078 1564 2129 per
1584 2064 1697 2115 modam
1716 2064 1823 2132 meriti,
1844 2066 1954 2118 etiamsi
1970 2068 2000 2120 in

306 2166 355 2219 per
393 2163 476 2219 quem
509 2143 687 2200 circumcisus
722 2143 751 2197 in
784 2143 882 2198 foedus
915 2143 968 2198 Dei
1000 2142 1140 2214 recipitur.
1166 2143 1222 2206 fide
1253 2151 1280 2197 22
1302 2143 1420 2197 22212222
1438 2148 1555 2214 fierent,
1583 2147 1650 2243 qaia
1674 2148 1807 2216 imposuit
1824 2167 1857 2202 ea
1875 2153 1982 2203 Dem'
1969 2169 2000 2203 m

218 2229 292 2320 Ἦ·
308 2239 333 2291 2.
352 2232 549 2288 instrumentis
569 2231 772 2285 cohonestandi
787 2230 883 2298 922212
899 2247 933 2282 22
952 2230 1039 2283 tribui
1044 2247 1139 2299 ,quem
1168 2246 1237 2282 onas
1248 2236 1275 2282 22
1285 2231 1459 2298 servitutem
1471 2230 1543 2285 hanc
1555 2249 1710 2301 opmronem
1722 2231 1821 2287 trrburt
1833 2232 1999 2289 lumbardo

218 2334 274 2371 noas
306 2329 369 2377 sant
386 2320 476 2375 salins
495 2318 555 2371 Dei
568 2318 697 2386 propria.
736 2315 960 2386 Respondemus:
978 2315 1141 2388 figmentum
1167 2319 1193 2369 3.
1216 2314 1300 2377 Quod
1317 2324 1493 2370 sacramenta
1510 2319 1541 2372 V.
1556 2320 1586 2371 T.
1605 2335 1638 2372 es
1656 2318 1687 2372 si
1703 2320 1881 2388 sacramenti,
1899 2338 1949 2374 sen
1967 2338 1999 2374 es

218 2393 254 2475 ιζ’,
309 2407 376 2463 illud
395 2409 524 2461 evertunt
541 2402 694 2457 clarissima
712 2402 872 2472 Scripturas
894 2401 992 2469 effata,
1017 2419 1089 2474 quse
1106 2402 1140 2457 ds
1167 2404 1510 2472 operaoperntopraticm
1523 2407 1747 2474 conconserant,
1766 2404 1849 2475 hujus
1868 2411 1999 2475 patronos

218 2495 295 2578 ming?
308 2493 385 2549 verbi
410 2499 437 2548 st
457 2497 690 2546 sacramentorum
708 2488 833 2544 efficacia
846 2495 947 2561 agunt,
965 2488 1141 2560 quaeomnia
1167 2488 1266 2543 statuit
1276 2488 1465 2545 Alexandrum
1478 2490 1616 2559 Alenssm,
1636 2491 1771 2547 Thomam
1784 2498 1813 2546 22
1826 2507 2012 2546 communem>

218 2592 282 2638 2122.
308 2586 414 2636 tantum
440 2575 638 2632 cohonestandi
661 2575 752 2648 222212
775 2593 835 2631 esse
864 2576 952 2640 dieta,
976 2581 1140 2631 nouantem
1167 2575 1295 2631 scholam.
1324 2574 1445 2630 Thomas
1465 2583 1526 2647 p.3.
1546 2595 1573 2650 q.
1592 2584 1634 2634 62.
1654 2583 1741 2634 ama
1761 2594 1822 2632 sam
1833 2595 1873 2633 ιιι
1885 2578 1998 2648 probat

309 2682 402 2722 revera
420 2681 480 2719 sese
499 2662 538 2717 sic
556 2663 665 2731 habere,
687 2663 749 2734 quis
767 2662 882 2718 audebit
894 2679 1024 2727 asserere
1044 2663 1072 2716 in
1085 2679 1139 2733 quo
1170 2663 1245 2726 21212
1267 2671 1445 2717 sacramenta
1468 2665 1568 2718 2222212
1592 2666 1662 2734 12912
1686 2684 1742 2720 non
1759 2665 1896 2719 12121222
1912 2666 1998 2718 virtu

308 2752 351 2808 sel
375 2751 448 2806 mica
474 2751 611 2822 quaedam
636 2748 746 2821 pietatis
775 2755 803 2803 et
828 2748 938 2803 debitae
963 2765 1030 2820 erga
1049 2765 1139 2803 sacras
1166 2759 1220 2804 tem
1237 2752 1380 2820 pacandam
1399 2767 1431 2804 cs
1445 2751 1581 2821 passione
1599 2750 1718 2822 Christi,
1742 2752 1881 2822 siquidem
1906 2753 1998 2820 21922-

311 2839 402 2895 literas
425 2836 612 2893 reverentiae?
631 2835 674 2889 Ac
692 2834 795 2890 frustra
813 2835 952 2903 metuitur,
970 2836 1078 2890 neDeo
1097 2851 1139 2889 aa·
1167 2837 1233 2890 hant
1251 2836 1904 2909 2222229222222220121221222122222222.
1939 2837 2000 2895 Β121

309 2925 372 2981 latis
389 2922 496 2979 auctari
508 2921 618 2978 debitus
633 2922 720 2977 honor
737 2920 906 2987 detrahatur,
927 2921 950 2976 si
968 2926 1140 2976 sacramenta
1165 2922 1218 2978 hoc
1238 2924 1325 2978 utitur
1342 2930 1521 2995 argumento:
1541 2926 1638 2979 Omnis
1649 2927 1745 2994 qratia
1758 2934 1797 2980 est
1803 2926 1999 2997 justificatior

310 3012 399 3068 media
419 3009 525 3081 gratiae
543 3016 571 3064 22
589 3007 686 3064 salutis
704 3014 870 3078 statuuntur,
888 3024 952 3063 cum
971 3008 1087 3078 ipsemet
1106 3025 1140 3063 22
1167 3010 1235 3078 ejus,
1256 3011 1303 3063 cai
1319 3011 1474 3078 confertur,
1491 3014 1544 3064 sed
1560 3028 1594 3065 es
1611 3013 1794 3065 sacramentis
1811 3013 1911 3066 asteris
1928 3013 1999 3080 12912

309 3098 466 3165 instituerit,
484 3114 517 3152 ac
533 3095 648 3167 proinde
664 3095 751 3150 omnis
768 3094 817 3148 illa
835 3095 930 3164 virtus,
949 3112 1032 3166 quam
1051 3111 1139 3150 sacra·
1166 3113 1244 3150 nemo
1262 3096 1446 3165 justificatur.
1482 3096 1526 3152 De
1544 3096 1752 3153 circumcisions
1772 3099 1802 3153 in
1819 3098 1913 3168 specie
1931 3099 1997 3153 scri·

309 3184 406 3241 mentis
430 3191 563 3255 tanquam
581 3199 682 3237 causae
700 3180 903 3236 instrumentali
920 3180 1079 3250 tribuimus,
1102 3182 1139 3236 ad
1166 3181 1208 3236 bit
1225 3180 1398 3236 Immbardus
1421 3188 1445 3238 4.
1470 3188 1539 3238 sent.
1562 3182 1786 3239 distabas:
1816 3185 1898 3248 Quod
1922 3185 1996 3238 idem

311 3272 397 3328 Deum
437 3276 569 3342 tanquam
607 3284 718 3323 causam
759 3266 940 3337 principalem
983 3268 1138 3323 reducatur.
1166 3269 1313 3323 contulerit
1342 3269 1494 3322 remedium
1517 3277 1613 3323 contra
1639 3278 1792 3339 peccatam,
1823 3273 1901 3341 qaod
1924 3289 1997 3326 nnnc
2060 3261 2062 3268 ζ

309 3360 398 3427 Quare
423 3374 488 3413 vero
506 3373 561 3411 non
580 3357 714 3411 auderent
732 3353 881 3409 adversarii
900 3353 985 3410 effata
1003 3354 1139 3411 111282ιί-
1161 3363 1293 3425 praestat
1321 3356 1480 3425 baptismus.
1520 3355 1584 3410 Mox
1606 3363 1699 3412 tamen
1725 3356 1871 3429 subjungit
1896 3356 1936 3411 lit.
1956 3357 1998 3414 K:

308 3454 413 3517 pturae,
434 3459 505 3515 quae
523 3443 558 3496 de
578 3446 811 3497 sacramentorum
830 3439 956 3496 efficacia
973 3448 1001 3496 et
1021 3448 1139 3496 neutru-
1168 3442 1250 3506 uma
1271 3451 1392 3513 peccata
1414 3459 1469 3512 per
1494 3442 1732 3497 circumcisionem
1763 3443 1853 3496 solum
1878 3445 1998 3499 dimitta-

311 3536 399 3600 ctant,
426 3528 591 3596 soraterra,
610 3528 684 3600 quod
703 3527 812 3582 honoris
829 3543 913 3582 eausa
931 3527 1005 3582 dicta
1023 3528 1078 3583 sint
1095 3544 1139 3583 ac·
1166 3530 1280 3597 hannis,
1304 3531 1356 3583 sed
1370 3545 1420 3582 nec
1439 3528 1561 3598 qratiam
1578 3530 1620 3581 ad
1638 3529 1703 3582 bene
1720 3532 1894 3599 operandum
1914 3530 1998 3599 adju

311 3617 446 3691 cipienda,
466 3615 619 3671 cumidem
639 3614 667 3669 in
684 3630 767 3669 causa
781 3613 919 3669 meritoria
932 3614 1029 3669 salutis
1043 3621 1140 3685 postea
1165 3616 1277 3684 tricem,
1306 3632 1356 3668 nee
1378 3616 1510 3668 oirtntnm
1530 3616 1735 3684 possessionem
1756 3617 1800 3670 221
1821 3625 1999 3687 sepimentum

310 3703 462 3761 tentarint?
487 3708 614 3758 asserunt
637 3702 708 3757 enim
728 3701 803 3757 dicta
823 3700 884 3769 illa,
905 3718 976 3773 quae
994 3708 1139 3771 testantur,
1165 3705 1205 3758 111
1217 3703 1385 3773 praestitam
1399 3719 1464 3756 esse.
1492 3701 1720 3766 Quatuorautem
1732 3707 1797 3758 sunt
1808 3703 1950 3773 opiniones
1963 3702 1998 3759 de

309 3792 397 3865 perire
415 3806 496 3862 posse
515 3806 577 3852 eos,
601 3803 651 3858 pro
674 3786 774 3858 quibus
797 3786 922 3841 Christus
946 3794 1068 3843 mortuus
1089 3794 1139 3853 est,
1166 3789 1268 3845 effectu
1290 3788 1513 3857 circumcisionis,
1532 3805 1602 3860 quas
1619 3790 1738 3844 recitant
1755 3788 1915 3844 Alexander
1929 3808 1956 3860 p.
1971 3796 1995 3847 4.

310 3876 470 3950 accipienda
498 3874 566 3928 κατὰ
597 3875 729 3941 δόκησιν,
768 3873 842 3944 quod
872 3873 978 3929 scilicet
1008 3879 1037 3929 et
1067 3873 1139 3952 ipso·
1165 3893 1190 3946 q.
1212 3882 1236 3929 7.
1255 3875 1354 3930 memb.
1378 3881 1400 3929 t.
1429 3873 1550 3928 Thomas
1569 3881 1593 3930 4.
1612 3879 1681 3930 sent.
1702 3873 1765 3931 dist.
1781 3880 1803 3929 1.
1824 3892 1849 3945 q.
1863 3880 1886 3929 9.
1907 3881 1994 3933 arti.

309 3983 367 4021 rum
401 3968 430 4018 et
463 3961 579 4016 aliorum
606 3960 734 4030 opinions
766 3958 891 4014 Christus
921 3977 970 4031 pro
1002 3960 1069 4031 ipsis
1102 3960 1139 4013 sit
1165 3967 1193 4015 et
1210 3960 1271 4016 Β121
1290 3960 1337 4017 lib.
1358 3966 1381 4016 6.
1419 3959 1593 4016 concordant
1610 3959 1638 4013 in
1657 3976 1704 4029 eo,
1729 3960 1803 4031 quod
1823 3960 1995 4016 circumcisio

311 4058 447 4117 mortuum
476 4047 521 4103 cui
551 4047 636 4101 errori
664 4047 692 4100 in
719 4051 799 4102 tract.
824 4047 860 4100 de
883 4047 961 4102 elect.
984 4051 1013 4101 et
1030 4047 1138 4117 reprob.
1165 4064 1197 4103 er
1235 4063 1318 4118 opere
1358 4052 1471 4117 operato
1509 4045 1641 4101 deleverit
1678 4047 1788 4116 culpam
1821 4046 1992 4117 originalem,

310 4134 337 4214 ξ.
361 4143 416 4194 110.
444 4134 622 4208 opposuimus
639 4132 691 4187 hoc
704 4131 845 4187 theorema
861 4134 943 4203 juxta
961 4135 1138 4188 assertionem
1165 4133 1325 4190 discordant
1346 4140 1438 4188 autem
1456 4137 1591 4204 quantum
1611 4133 1647 4187 ad
1666 4133 1797 4205 gratiam:
1828 4136 1852 4186 1.
1874 4133 1995 4195 Quidam

310 4223 496 4296 apostolorum
513 4221 591 4277 Rom.
607 4226 646 4289 14,
666 4236 692 4274 s.
708 4226 748 4275 15.
769 4218 865 4275 t.Cor.
886 4225 909 4288 8,
929 4236 954 4274 r.
970 4226 1008 4276 11.
1027 4226 1050 4274 2.
1065 4218 1137 4275 Petr.
1160 4220 1249 4289 plane
1275 4227 1392 4287 229222,
1419 4220 1496 4289 qnod
1517 4219 1692 4273 circumcisio
1715 4221 1846 4287 conferat
1864 4221 1995 4286 qratiam.

310 4317 339 4381 2,
356 4328 381 4365 r.
405 4317 426 4366 1.
463 4307 602 4365 Christum
628 4323 679 4377 pro
704 4306 882 4376 pereuntibus
908 4322 966 4361 esse
989 4313 1139 4377 mortuum,
1166 4310 1192 4363 2.
1214 4306 1336 4369 Quidam
1354 4312 1485 4370 statuant,
1504 4307 1581 4375 qnod
1598 4306 1694 4375 922212
1710 4323 1766 4359 non
1776 4304 1872 4373 faerit
1890 4306 1996 4360 2211222

309 4414 380 4471 quse
404 4395 519 4450 assertio
545 4392 696 4465 apostolica
719 4409 773 4446 non
797 4399 839 4447 est
860 4391 936 4447 nuda
960 4392 1064 4464 opinio,
1090 4394 1139 4448 sed
1166 4411 1198 4448 en
1214 4394 1244 4446 21
1262 4392 1495 4460 eircssmcssionis,
1521 4394 1573 4446 sed
1591 4407 1625 4445 sa
1642 4392 1740 4446 divina
1759 4392 1930 4446 iiberalitate
1949 4393 1996 4446 21

218 4481 461 4540 'tt-mntallibilis
486 4482 599 4551 veritas,
625 4497 657 4535 22
681 4479 797 4550 proinde
820 4496 932 4552 gravem
955 4496 1014 4535 esse
1033 4480 1139 4536 temeri-
1167 4480 1225 4535 lato
1251 4479 1363 4550 qratias
1388 4479 1592 4549 impedimenta.
1637 4480 1663 4531 3.
1694 4478 1815 4542 deam
1844 4480 1996 4549 disputant,

309 4575 409 4633 tatem,
437 4585 470 4625 ea
496 4585 567 4641 quse
596 4565 656 4620 κατ’
686 4564 820 4633 ἀλήθειαν
844 4568 890 4619 καὶ
915 4562 1091 4627 1122212222
1111 4566 1139 4620 in
1167 4569 1245 4638 qaod
1277 4582 1309 4619 ea
1337 4568 1366 4620 ai
1392 4566 1611 4620 circumcisionis
1639 4565 1746 4620 2211222
1767 4566 1862 4634 faerit
1893 4566 1997 4635 pratia,

310 4656 458 4729 scripturis
472 4654 688 4725 asseruntur,ad
700 4650 814 4720 δόκησιν
827 4652 1017 4707 tantummodo
1030 4653 1139 4707 reterre.
1167 4659 1297 4721 qnantum
1328 4655 1368 4706 ad
1395 4655 1506 4723 effectas
1530 4652 1702 4721 9212221222,
1731 4652 1781 4719 qni
1806 4660 1870 4706 sant
1899 4652 1996 4706 tollae

311 4742 404 4809 Quid?
427 4760 494 4797 num
519 4741 624 4798 deiide
645 4742 727 4797 etiam
743 4740 795 4795 hoc
814 4756 978 4805 asseremus,
1001 4740 1074 4811 quod
1093 4740 1139 4793 ho·
1167 4740 1292 4809 cuipam,
1319 4741 1371 4793 ssd
1396 4756 1451 4792 non
1474 4745 1607 4808 qnantum
1627 4739 1669 4790 ad
1686 4739 1836 4808 positivae,
1862 4737 1913 4809 qni
1934 4748 1996 4792 snut

311 4831 384 4886 noris
413 4846 498 4884 causa
526 4828 579 4899 ipsi
608 4827 747 4881 tribuatur
773 4826 946 4882 instrumenti
972 4825 1140 4897 appellatio?
1165 4828 1328 4895 9222122222
1347 4834 1373 4879 22
1388 4825 1539 4880 habilitare
1556 4826 1598 4877 ad
1610 4841 1697 4895 opera
1715 4825 1869 4880 mattos-ia
1901 4826 1995 4879 4.·De

218 4915 296 4960 ⁴¹⁸¹·
311 4918 410 4990 Apage
430 4932 493 4971 cum
510 4912 886 4985 honorariisillisfigmentis.
919 4913 1141 4968 3.Sacramenta
1166 4913 1249 4982 nique
1278 4912 1394 4981 qrsidam
1420 4918 1523 4975 tenent,
1551 4912 1627 4981 qnod
1652 4912 1758 4965 collata
1778 4912 1872 4980 faerit
1900 4911 1994 4978 922212

218 5026 245 5057 sn
312 5022 370 5060 esse
397 5004 494 5073 21922,
520 5003 585 5056 12122
609 5020 665 5055 nan
692 5002 822 5068 conferre
844 5001 977 5070 92222222.
1017 4999 1139 5069 Respon-
1166 5007 1299 5069 quantum
1315 4997 1994 5067 22922222222292212122229222222,11222222

218 5067 262 5116 ’Μ
312 5091 422 5146 demus:
449 5092 492 5143 est
516 5087 646 5143 elenchus
675 5086 871 5157 oppositorum.
912 5087 1042 5152 Quamvis
1068 5087 1139 5142 enim
1166 5096 1223 5140 tarn
1243 5085 1378 5152 intensos,
1397 5084 1468 5137 sicat
1478 5084 1568 5151 sitin
1588 5084 1742 5153 baptismo,·
1761 5092 1787 5137 et
1802 5085 1870 5137 1222
1890 5083 1994 5152 opinio,

311 5183 385 5232 certo
398 5176 479 5231 modo
493 5190 525 5228 ac
540 5179 667 5244 respectu
684 5178 857 5226 sacramenta
874 5179 938 5228 sunt
956 5174 1138 5245 signa(v1del
1166 5172 1256 5244 inquit
1273 5169 1349 5237 Β121,
1372 5170 1456 5224 bodie
1480 5177 1521 5222 est
1544 5171 1702 5224 communis.
1739 5170 1793 5226 Sed
1817 5169 1882 5225 illae
1901 5169 1993 5251 dispu·
2008 5179 2068 5220 vua
2082 5178 2128 5222 127.

311 5269 438 5334 respectu
457 5260 607 5330 adjuncti),
635 5276 690 5314 non
716 5265 810 5313 tamen
838 5264 902 5313 sunt
928 5265 1036 5315 tantum
1053 5260 1140 5334 signa,
1167 5259 1284 5335 tationes
1310 5254 1540 5311 Scholasticorum
1569 5255 1695 5311 sublatae
1725 5261 1790 5309 sunt
1819 5256 1849 5309 in
1878 5254 1994 5311 concilio

312 5348 460 5405 sedetiam
480 5347 579 5415 medis,
597 5363 647 5415 per
666 5361 737 5416 quae
756 5344 897 5400 confertur
909 5346 1000 5418 gratia
1017 5349 1082 5412 (non
1096 5348 1140 5403 hic
1167 5326 1289 5402 Floreat.
1313 5359 1375 5398 ann.
1397 5346 1469 5398 1439.
1493 5342 1545 5398 sub
1562 5358 1635 5414 papa
1653 5341 1792 5413 Eugenio,
1818 5341 1846 5395 in
1867 5356 1922 5411 quo
1939 5339 1995 5395 tale

311 5442 352 5492 est
375 5434 504 5509 proprius
528 5440 555 5490 et
579 5430 740 5531 principalis
758 5430 820 5486 linis
838 5437 1082 5503 sacramentorum,
1111 5443 1142 5492 nt
1130 5433 1307 5492 tdecretum
1335 5427 1453 5484 editum:
1480 5428 1662 5483 8222222222
1688 5429 1819 5498 antiquae
1847 5428 1917 5495 12912
1939 5446 1995 5482 nen

311 5521 478 5596 significent)
515 5521 588 5594 quod
624 5518 750 5591 superius
781 5515 817 5595 ξ
839 5524 863 5573 9.
900 5518 1024 5588 exemplo
1052 5537 1141 5590 arcae,
1167 5518 1320 5573 cassabant
1341 5514 1476 5585 92221222,
1501 5518 1553 5569 ssd
1574 5532 1635 5569 eam
1656 5514 1746 5568 solam
1766 5530 1821 5582 per
1835 5513 1996 5583 passionem

311 5606 507 5682 propitiatorii,
525 5606 668 5662 columbae
686 5622 768 5676 super
785 5595 924 5659 Christum
942 5602 1141 5675 descendentis,
1168 5602 1274 5659 Christi
1297 5603 1422 5656 dandam
1440 5617 1497 5656 esse
1508 5601 1688 5672 fianabant;
1710 5608 1806 5655 nestra
1823 5617 1889 5654 nero
1906 5617 1994 5656 nonas

311 5695 406 5760 rubi,
400 5712 429 5748 ιιι
449 5694 528 5764 cujus
550 5692 669 5748 corde
647 5709 705 5748 srve
722 5690 813 5748 medio
830 5687 996 5761 loquebatur
1013 5698 1095 5759 Deus,
1114 5700 1143 5749 et
1167 5692 1239 5763 lepis
1254 5688 1436 5744 resonarem
1453 5688 1577 5757 qratiam
1599 5694 1625 5741 st
1642 5703 1703 5740 cam
1722 5687 1806 5757 diJns
1823 5688 1995 5758 suscipienti·

312 5781 455 5842 columnae
479 5779 560 5851 nabis
582 5785 666 5851 atque
685 5777 757 5851 iguis
775 5777 803 5832 in
821 5778 928 5833 21222222
946 5779 1001 5832 etc.
1023 5779 1143 5837 declara·
1169 5780 1218 5833 has
1241 5777 1397 5843 conferrent.
1435 5774 1539 5833 Concil
1561 5772 1687 5831 11121222.
1712 5773 1823 5831 monus
1846 5774 1994 5832 2221222-
