4800 6659
952 655 1004 714 Dll
1022 649 1135 717 bouis
1152 655 1350 718 ommes,
1925 695 1936 718 ι
1954 656 1993 727 tt

299 813 420 881 deludi,
448 830 521 884 quae
537 814 643 868 sintin
659 814 754 879 nobb,
783 831 816 868 ea·
832 814 927 883 nobis,
951 815 985 867 id
1010 813 1132 867 estsine
1160 814 1235 880 dum,
1253 822 1284 870 ut
1300 816 1422 886 recipiat
1438 830 1579 871 coronam.
1616 817 1703 881 Audi,
1719 817 1996 887 attmdepsalmum,

298 901 354 956 Dei
368 901 483 970 qratia,
507 918 569 954 cum
587 900 659 954 alibi
676 903 778 955 nterita
796 903 973 956 commendet.
1008 900 1133 971 Respon·
1160 917 1244 970 quam
1271 904 1344 957 nolit
1362 919 1467 957 corona
1486 903 1541 957 illa
1558 904 1701 973 turqidum
1720 911 1813 973 eaput.
1858 891 1928 957 &m
1952 904 1995 958 di·

298 988 404 1042 demus:
424 987 557 1052 Quemvis
577 987 761 1059 Augustinus,
781 992 813 1041 ut
832 994 860 1043 et
877 986 926 1042 alii
944 986 1133 1050 exteteribua
1159 988 1258 1059 nisset,
1276 991 1326 1060 qui
1344 991 1462 1044 redimet
1478 991 1514 1044 de
1533 991 1710 1061 corruptore
1729 990 1815 1043 eitam
1832 997 1923 1055 tuam,
1947 992 1998 1061 qui

296 1073 367 1130 bone
386 1090 472 1145 opere
484 1081 641 1130 renatorum
653 1076 874 1148 καταχρηστικῶς
890 1074 1013 1145 appellet
1026 1073 1132 1137 merite,
1159 1084 1276 1129 coronet
1294 1084 1333 1145 te,
1352 1077 1462 1146 iuquit:
1481 1078 1550 1131 Jam
1568 1078 1613 1130 hic
1631 1078 1758 1130 dicamas
1776 1094 1855 1146 eras,
1880 1084 1997 1131 emmae

296 1160 396 1233 quibus
416 1160 495 1217 Deus
516 1161 602 1215 vitam
622 1166 762 1216 aeternam
780 1178 814 1216 ex
834 1162 926 1233 gretie
947 1161 1062 1230 reddet,
1084 1175 1131 1215 ne·
1159 1168 1199 1225 te,
1221 1163 1323 1217 merita
1343 1180 1406 1217 mea
1425 1165 1566 1228 fatentur,
1589 1165 1679 1217 uirtus
1695 1180 1757 1217 mea
1772 1164 1844 1229 fecit
1861 1163 1926 1233 hcc,
1949 1165 1996 1217 de·

296 1263 435 1320 quaquam
465 1253 559 1302 temen
590 1245 643 1302 hoc
671 1248 743 1316 rult,
774 1248 850 1319 quod
878 1246 953 1303 bone
975 1254 1133 1303 renatorum
1160 1248 1246 1303 bitum
1262 1252 1402 1319 redditssr,
1415 1252 1615 1307 nondonatnr.
1649 1250 1730 1305 Audi
1739 1251 1834 1320 potius
1844 1250 1996 1321 psalmum,

296 1351 380 1405 opere
407 1334 463 1388 rint
486 1334 585 1389 merite
607 1350 671 1389 rere
698 1340 726 1389 et
741 1334 852 1405 proprie
870 1333 910 1389 sic
928 1334 1004 1388 dieta
1019 1350 1052 1389 ex
1069 1351 1133 1389 con·
1160 1337 1245 1403 audi,
1272 1339 1352 1391 Deus
1375 1338 1446 1406 quid
1463 1339 1556 1390 dicat:
1582 1337 1633 1407 qui
1650 1345 1767 1392 cwoaat
1786 1344 1812 1391 tc
1830 1338 1860 1390 in
1878 1336 1995 1390 melera-

296 1420 382 1488 digno
403 1426 432 1475 et
449 1437 483 1475 ex
496 1421 623 1492 justitiae
640 1420 734 1475 debito
751 1421 824 1475 vitoe
842 1427 971 1477 aeternae
985 1420 1132 1480 meritorie,
1158 1422 1233 1475 tiores
1252 1431 1278 1475 et
1295 1424 1501 1479 misericordia.
1536 1425 1584 1478 De
1603 1424 1799 1478 misericordia
1821 1426 1854 1476 'te
1872 1430 1995 1487 cmonat,

293 1505 325 1560 id
345 1506 423 1576 quod
442 1522 475 1561 ex
493 1506 562 1561 locis
581 1506 769 1577 compluribus
787 1506 934 1563 manifeste
959 1513 1050 1578 petet,
1078 1506 1133 1561 illis
1159 1510 1195 1561 de
1213 1509 1391 1564 mismtione
1407 1518 1432 1564 te
1454 1518 1577 1565 emanat.
1613 1510 1680 1564 Non
1699 1510 1772 1563 enim
1782 1509 1885 1579 diqaus
1896 1508 1995 1577 suisti,

293 1599 372 1663 puta,
389 1593 419 1647 in
438 1592 539 1663 quibua
558 1610 609 1648 nos
627 1594 714 1665 gratis
732 1594 833 1648 salvari
852 1594 1027 1665 pronuntiat,
1051 1592 1133 1664 justi-
1160 1610 1239 1662 quem
1259 1603 1379 1664 uocaret,
1401 1603 1427 1649 et
1443 1604 1570 1650 occatum
1582 1596 1755 1665 justificaret
1772 1602 1799 1649 et
1809 1593 1996 1663 justificatum

291 1678 363 1733 tiam
382 1685 507 1733 nostram
524 1679 739 1750 imperfectionis
764 1680 872 1753 arguit,
892 1680 922 1735 in
947 1680 1005 1736 eolo
1023 1680 1133 1735 Christo
1159 1681 1341 1751 qlorificaret.
1376 1683 1515 1752 Reliquae
1527 1698 1585 1752 per
1596 1683 1756 1738 electionem
1772 1682 1884 1751 qratiae
1900 1681 1996 1736 salsae

289 1764 432 1835 justitiam
458 1773 486 1821 et
511 1766 627 1822 eduum
645 1783 777 1838 quaerere
796 1768 876 1824 docet
899 1773 951 1823 otc.
985 1766 1033 1824 lib.
1054 1772 1077 1822 1.
1097 1767 1133 1821 ed
1158 1769 1254 1831 factae
1278 1776 1349 1822 sunt.
1403 1768 1438 1822 Si
1462 1777 1554 1823 autem
1578 1771 1687 1840 qratim
1718 1787 1774 1823 non
1799 1785 1832 1822 ea
1857 1768 1995 1838 operibus,

295 1850 474 1905 Bonifeoium
504 1870 527 1908 e.
558 1860 605 1908 21:
646 1854 824 1915 Qesantalibet
859 1855 961 1907 uirtute
984 1854 1133 1924 praeditas
1159 1853 1289 1923 alioquin
1309 1856 1405 1922 qratia
1425 1857 1492 1925 jam
1515 1873 1570 1910 non
1600 1864 1641 1909 est
1660 1855 1763 1926 qratia.
1810 1854 1887 1908 Nam
1904 1854 1933 1907 ei
1947 1854 1998 1924 qui

294 1939 428 2007 antiquos
442 1941 608 2009 praedices,
625 1959 681 1993 non
698 1958 746 1994 eos
763 1941 857 1994 saluos
869 1941 962 2008 fecit,
986 1940 1044 1993 nisi
1060 1942 1133 2004 tides
1160 1949 1299 2009 operatur,
1319 1958 1424 1996 merces
1435 1960 1490 1996 ηοη
1506 1942 1688 2011 imputabitur
1698 1943 1850 1995 secundum
1862 1942 1993 2010 qratiam,

293 2025 457 2091 saluatoris,
472 2027 562 2096 quiin
572 2028 764 2080 remissionem
774 2034 956 2097 peecatorum
969 2028 1133 2098 sanquinem
1159 2027 1212 2078 sed
1235 2030 1387 2081 secundum
1413 2030 1542 2082 debitum.
1597 2027 1753 2098 Apostolus
1784 2027 1909 2095 loquitur
1939 2044 1995 2100 non

294 2129 377 2165 suum
396 2112 484 2178 fudit.
519 2111 567 2167 lib.
588 2119 611 2169 2.
630 2114 693 2167 adv.
714 2113 882 2184 duasepist.
901 2113 1045 2187 Pelagien.
1065 2121 1132 2171 e.5:
1160 2115 1311 2166 secundum
1339 2101 1479 2184 qratiam,
1510 2116 1564 2167 sed
1591 2116 1742 2168 secundum
1772 2114 1901 2167 debitum.
1956 2114 1995 2169 Te

297 2198 429 2252 Omnium
446 2200 561 2268 piorum
584 2200 704 2254 subhac
723 2217 805 2254 onere
829 2201 1022 2270 corruptibilis
1039 2201 1133 2255 carnis
1161 2206 1252 2252 auum
1272 2208 1389 2254 coronat
1407 2202 1437 2253 in
1457 2200 1654 2255 misericordia
1673 2210 1699 2254 et
1715 2200 1909 2271 miseratione,
1927 2208 1953 2255 et
1969 2201 1997 2255 si

295 2292 324 2336 st
353 2286 436 2339 istius
465 2287 595 2353 infimae
624 2287 698 2339 uitas
727 2288 891 2355 qementium
919 2305 977 2341 una
1004 2306 1068 2357 spes
1085 2296 1132 2349 est,
1160 2292 1209 2338 tua
1231 2287 1332 2340 merito
1345 2295 1576 2356 praecesserunt,
1602 2287 1671 2341 dicit
1698 2287 1751 2339 tubi
1767 2287 1862 2339 Deus.-
1886 2287 1995 2341 discrete

298 2374 376 2439 quod
391 2375 558 2426 aduocatum
577 2373 707 2426 habenms
722 2375 802 2442 apud
812 2374 927 2427 Patrem
940 2375 1039 2427 desum
1054 2375 1132 2429 Chri·
1161 2372 1234 2424 bona
1256 2373 1357 2425 merita
1380 2380 1430 2426 tua
1456 2381 1483 2426 et
1505 2372 1626 2434 uidebis,
1652 2372 1719 2442 quia
1745 2373 1822 2425 dona
1842 2380 1908 2426 sunt
1925 2388 1993 2427 mea.

299 2465 370 2511 susm
381 2458 492 2526 justum
510 2467 536 2511 et
550 2460 640 2528 pium,
660 2459 755 2528 etiptse
767 2467 807 2513 est
820 2462 947 2514 moratis
955 2468 1132 2530 peccatorum
1160 2473 1240 2512 serm.
1263 2464 1302 2514 15.
1322 2458 1357 2513 de
1374 2458 1450 2513 verb.
1469 2463 1572 2528 eportt
1593 2457 1628 2512 Si
1642 2459 1737 2527 qratia
1755 2476 1788 2512 ea
1804 2458 1911 2527 merito,
1930 2458 1994 2513 emi·

299 2553 466 2601 nostrorum.
501 2545 549 2599 lib.
570 2552 594 2600 5.
614 2546 649 2601 de
669 2547 720 2600 eir.
739 2546 791 2601 Dei
810 2563 833 2603 c.
855 2552 894 2603 te.
921 2547 1055 2613 ostendit,
1079 2566 1134 2601 non
1160 2545 1210 2611 sti,
1233 2561 1289 2598 non
1306 2545 1397 2615 qratis
1412 2545 1552 2615 accepisti.
1586 2545 1645 2598 Pro
1664 2545 1753 2599 nihilo
1770 2543 1872 2614 inquit,
1901 2545 1996 2600 salvos

300 2647 356 2684 esse
375 2649 515 2700 moqnum,
541 2634 619 2700 quad
634 2650 688 2702 pro
706 2633 856 2687 delectione
875 2642 1007 2686 aetoenae
1020 2634 1135 2702 patriae
1154 2631 1253 2697 facies
1272 2647 1327 2695 ecs,
1346 2632 1416 2700 quid
1432 2639 1481 2702 est,
1497 2650 1551 2703 pro
1571 2632 1661 2685 athalo
1678 2632 1773 2686 saluos
1785 2633 1901 2701 facies!
1923 2631 1996 2686 nihil

300 2714 458 2770 Christiani
472 2718 593 2785 faciunt,
612 2736 673 2771 cum
692 2726 769 2772 tanta
788 2719 924 2786 qesserint
943 2720 1066 2773 Romani
1077 2738 1134 2789 pro
1161 2717 1190 2769 in
1209 2718 1250 2771 eis
1266 2716 1381 2784 invenis,
1397 2720 1470 2771 unde
1489 2719 1585 2773 saloas
1603 2725 1630 2771 ct
1649 2726 1742 2772 tamen
1759 2718 1862 2773 saluas.
1895 2717 1995 2773 Graiis

299 2803 421 2857 humana
439 2804 533 2871 qloria
552 2813 578 2858 et
595 2806 706 2858 civitate
723 2812 844 2858 terrena.
877 2803 1000 2860 ”Idem
1017 2806 1079 2861 libr.
1099 2806 1134 2862 de
1160 2803 1224 2870 dae,
1242 2804 1334 2871 qratia
1352 2804 1456 2875 saluas,
1475 2806 1570 2859 omnia
1582 2807 1684 2859 merita
1701 2806 1859 2875 praecedis,
1877 2812 1907 2858 ut
1918 2806 1995 2859 dona

299 2888 501 2960 gretiecbristi
520 2891 721 2963 contrePeleg.
740 2890 787 2946 lib.
802 2897 824 2946 2.
845 2890 893 2963 qui
911 2896 953 2946 eet
971 2891 1133 2963 depeccato
1160 2897 1209 2942 tua
1231 2899 1436 2960 consequantur
1459 2893 1560 2945 merita
1579 2900 1635 2945 tua.
1679 2892 1802 2945 Prorsus
1824 2891 1914 2958 qratis
1932 2893 1993 2960 das,

299 2975 365 3048 orig.
381 2992 405 3030 e.
420 2981 469 3030 te:
488 2978 664 3046 Etipsorum
677 2980 749 3031 enim
763 2978 881 3049 (piorum
893 2978 922 3033 in
935 2977 970 3034 V.
983 2977 1027 3047 T.)
1043 2981 1132 3032 corda
1159 2977 1250 3042 qratis
1276 2976 1388 3044 saluas,
1419 2978 1470 3046 qui
1493 2978 1567 3031 nihil
1593 2979 1713 3043 incenis,
1736 2979 1810 3030 unde
1832 2978 1937 3048 salves,
1970 2986 1995 3032 et

299 3064 397 3116 eadem
413 3065 622 3117 mundabantur
635 3065 801 3119 mediatore&
812 3066 912 3133 ficieet
923 3065 1133 3135 diffundebatur
1160 3062 1276 3115 multum
1292 3063 1413 3133 incenis,
1438 3065 1513 3117 unde
1530 3066 1652 3119 damnes.
1703 3061 1737 3116 In
1755 3062 1876 3118 manual.
1899 3080 1922 3119 ο.
1943 3069 1993 3120 22:

299 3150 328 3203 ia
344 3149 385 3203 cis
405 3150 511 3203 caritas
526 3166 580 3219 per
599 3150 735 3220 Spiritum
760 3158 902 3220 sanctum,
924 3151 976 3220 qui
995 3151 1044 3205 ubi
1065 3153 1133 3218 oult,
1163 3147 1234 3201 Tota
1256 3163 1321 3218 spes
1345 3164 1408 3203 mea
1433 3158 1472 3203 est
1491 3150 1522 3202 in
1544 3156 1631 3203 morte
1658 3149 1778 3203 Domini
1801 3150 1863 3205 mci.
1911 3150 1995 3204 Mors

299 3237 404 3305 spirat,
428 3253 484 3290 non
502 3238 604 3290 merita
620 3253 749 3306 sequens,
778 3239 831 3291 sed
848 3238 930 3291 etiam
947 3255 1012 3307 ipsa
1032 3240 1132 3293 merita
1159 3236 1221 3304 ejus
1238 3235 1367 3289 meritum
1383 3252 1480 3303 meum,
1499 3236 1642 3303 refssqrum
1661 3251 1763 3302 mmm,
1780 3236 1873 3303 salus,
1893 3235 1952 3289 oita
1969 3244 1995 3291 st

298 3323 417 3387 facim.
447 3324 513 3377 Non
531 3324 605 3376 enim
617 3324 677 3377 Dei
687 3325 783 3391 qratia
794 3324 891 3390 qratia
903 3323 957 3377 erit
967 3325 1028 3379 ullo
1040 3328 1132 3396 moda,
1158 3322 1327 3376 resurrectio
1345 3338 1422 3384 mea,
1447 3322 1575 3375 meritum
1593 3338 1682 3375 meum
1706 3322 1850 3376 miseratio
1868 3322 1995 3389 Domini,

300 3409 355 3463 aiei
369 3410 498 3478 qratuita
515 3410 604 3469 fuerit
621 3410 796 3463 omnimodo.
822 3408 952 3477 (Nomine
972 3411 1132 3466 meritorum
1159 3425 1215 3461 uon
1237 3425 1297 3461 sum
1323 3409 1416 3462 meriti
1440 3409 1538 3480 inops,
1563 3409 1701 3479 quamdiu
1719 3408 1770 3462 ille
1787 3409 1995 3464 mimationum

299 3512 351 3550 non
375 3493 509 3568 intelligit
534 3494 660 3551 meritum
690 3494 801 3567 proprie
822 3495 927 3550 dictum
946 3497 981 3553 ed
1004 3498 1131 3553 meritum
1161 3494 1301 3548 Dominus
1317 3513 1373 3549 non
1397 3495 1536 3564 defuerit,
1560 3496 1632 3549 etsi
1649 3494 1859 3549 misericordiae
1878 3495 1997 3550 Domini

299 3597 332 3636 ex
348 3581 456 3653 gratim
479 3581 508 3635 id
527 3588 569 3636 est
586 3582 740 3637 mercedem
764 3582 871 3653 gratiae
888 3584 946 3638 sire
970 3582 1132 3654 indebitam,
1159 3579 1279 3648 mutae,
1315 3581 1417 3635 multus
1449 3598 1499 3650 eqo
1536 3600 1598 3635 sum
1625 3583 1655 3635 iu
1683 3581 1809 3636 meritis!
1855 3581 1994 3637 “Petrus

299 3674 330 3722 at
355 3673 474 3739 appetet
502 3684 536 3722 ex
565 3684 672 3722 annexa
701 3669 866 3735 ratione.)u
899 3671 929 3724 in
946 3670 1047 3727 Peelm.
1080 3676 1130 3727 4³:
1160 3665 1348 3738 chrysologus
1366 3684 1445 3722 emm.
1465 3671 1506 3723 43.
1526 3672 1568 3723 83.
1585 3673 1613 3723 et
1633 3673 1698 3724 tta:
1721 3667 1859 3738 Salutem,
1885 3670 1995 3724 ueniam

300 3755 335 3810 se·
349 3755 452 3809 merita
470 3762 568 3808 nostra
585 3756 700 3824 aliquid
714 3757 850 3825 facerent,
871 3760 912 3811 ad
924 3759 1133 3813 damnationem
1160 3754 1405 3821 eteitamnosper
1418 3754 1508 3808 solam
1520 3769 1667 3823 speramus
1677 3754 1808 3821 qratiam.
1838 3770 1916 3810 term,
1932 3760 1994 3811 114:

299 3848 423 3895 nostram
444 3840 580 3905 renuent,
607 3857 675 3910 erqo
693 3843 761 3911 quia
786 3843 872 3897 bonus
890 3850 930 3897 est
952 3846 1048 3909 Deus,
1077 3862 1133 3897 non
1161 3836 1288 3892 Chrietus
1315 3840 1451 3909 quicquid
1473 3857 1586 3893 suarum
1610 3841 1743 3894 uirtutum
1769 3849 1822 3905 est,
1848 3842 1937 3906 refert
1953 3842 1996 3895 aci

300 3928 366 3997 quia
377 3927 537 3990 meruimus,
550 3927 725 3996 qratebsaloi
734 3928 920 3991 factisumus.
941 3929 1133 3986 inPenlm.62:
1159 3925 1281 3993 nitriam
1300 3926 1407 3990 ΡΜ,
1426 3933 1452 3979 tl
1471 3925 1560 3994 tomo,
1578 3926 1659 3995 wll&
1675 3944 1756 3980 mm
1774 3927 1847 3980 nihil
1864 3934 1917 3995 Μ,
1939 3926 1995 3981 θῶἶ

301 4016 380 4068 Deus
395 4032 467 4067 unus
487 4015 573 4067 eitam
598 4015 734 4082 promittit
761 4024 788 4068 ct
808 4034 864 4069 non
884 4016 966 4070 illam
986 4018 1037 4069 dat
1054 4017 1133 4070 nobis
1158 4012 1317 4080 vendicare,
1335 4014 1472 4082 quodper
1484 4010 1626 4066 Christum
1639 4013 1803 4081 resurrexit,
1821 4013 1993 4066 elaboratl*

300 4102 383 4171 quasi
402 4108 521 4171 propter
549 4101 649 4154 merita
673 4109 782 4169 nostra,
812 4104 865 4155 sed
879 4108 997 4172 propter
1027 4103 1133 4156 miseri-
1160 4096 1373 4169 Chryaoatomue
1390 4099 1419 4153 in
1436 4115 1461 4155 ο.
1484 4104 1504 4153 l.
1519 4097 1597 4153 Rom.
1619 4096 1691 4154 bom.
1713 4104 1744 4153 2:
1763 4100 1829 4152 Non
1841 4100 1992 4154 sudoribus

301 4187 428 4242 cordiam
446 4204 535 4240 suam.
573 4186 1132 4259 inPselm.109.lnonlongeeprinei·
1161 4194 1186 4239 et
1220 4184 1363 4238 laboribus
1394 4185 1476 4240 illam
1506 4184 1602 4252 (ritem
1630 4185 1782 4255 aeternum)
1808 4187 1993 4255 comparabis,

238 4315 241 4320 .
300 4272 357 4345 pio:
384 4273 498 4327 riddo
513 4275 605 4341 Deus,
632 4274 683 4342 qui
698 4290 727 4327 se
745 4280 870 4327 nostrum
890 4275 1039 4328 debitorem
1053 4276 1134 4345 fecit,
1160 4272 1212 4324 sm
1230 4286 1263 4325 ec
1282 4272 1377 4325 debinc
1395 4271 1506 4339 qratiae
1524 4271 1614 4340 dono,
1637 4272 1715 4339 quod
1742 4288 1775 4323 ea
1799 4272 1929 4341 nepernis
1945 4280 1994 4343 est,

300 4378 353 4415 ηοη
385 4359 500 4429 aliquid
525 4377 544 4412 a
575 4359 653 4413 nobi'e
680 4361 859 4429 accipiendo,
890 4362 942 4413 sed
959 4369 1036 4414 tanta
1054 4363 1134 4417 nabis
1160 4359 1251 4428 qratis
1272 4366 1302 4411 ut
1321 4357 1447 4427 accipias
1464 4364 1588 4427 oportet,
1613 4374 1698 4409 unum
1715 4356 1766 4411 hoc
1782 4357 1872 4412 solum
1894 4361 1930 4413 de
1947 4367 1994 4414 tuo

297 4446 488 4515 promittendo
513 4450 565 4501 etc.
607 4445 744 4499 Promisit
763 4447 844 4498 Dea
861 4446 1017 4501 hominibus
1034 4447 1132 4501 diuini·
1160 4447 1295 4516 afferens,
1320 4452 1350 4497 ut
1372 4445 1482 4500 medas.
1522 4443 1551 4497 in
1575 4459 1599 4498 ο.
1628 4449 1653 4499 4.
1671 4442 1763 4497 Roma
1790 4444 1872 4506 Quod
1889 4446 1995 4516 aliquis

301 4539 389 4599 mum,
407 4531 573 4585 mortalibus
600 4532 849 4600 immortalitatem,
869 4533 1066 4601 peccatoribus
1084 4534 1132 4602 ju·
1160 4531 1306 4584 destitutus
1329 4530 1459 4600 operibus
1475 4529 1647 4599 justificetur
1671 4544 1724 4599 per
1749 4531 1847 4594 fidem,
1864 4531 1995 4598 sortasse

301 4617 511 4685 ηἰβοοιίοηοηι,
550 4617 665 4685 abjectis
694 4618 933 4687 qloriticationem.
995 4618 1135 4689 Quicquid
1159 4618 1253 4671 uideri
1263 4624 1357 4685 potest
1375 4616 1441 4670 bene
1459 4615 1570 4680 haberi,
1591 4616 1669 4686 quod
1692 4624 1783 4669 auum
1808 4625 1924 4670 ornatam
1941 4617 1996 4671 ali·

297 4705 441 4772 promisit,
465 4704 591 4775 iadiqais
605 4704 753 4775 promisit,
779 4712 810 4757 ut
830 4722 885 4757 non
903 4706 987 4774 quasi
1003 4707 1133 4775 operibus
1160 4704 1223 4773 quis
1248 4702 1396 4758 uirtutibus
1418 4710 1445 4755 et
1468 4702 1547 4756 bonis
1574 4703 1716 4771 operibus,
1742 4720 1797 4756 non
1820 4710 1912 4757 tamen
1934 4703 1995 4758 illie

302 4808 403 4846 merces
411 4792 633 4860 promitteretur,
649 4793 701 4845 sed
719 4792 814 4859 qratia
827 4810 845 4844 a
857 4793 1029 4847 nominesuo
1042 4794 1133 4862 pratis
1153 4790 1339 4860 justificetur,
1358 4790 1411 4843 sed
1426 4790 1490 4844 sala
1502 4790 1577 4858 fide,
1600 4788 1652 4843 hoc
1668 4796 1743 4843 certe
1760 4796 1801 4843 est
1818 4790 1995 4849 admirabile.

301 4878 427 4945 damur,
456 4878 525 4946 quia
547 4886 573 4931 et
598 4877 649 4931 hoc
671 4878 775 4947 ipsum,
808 4880 885 4946 quod
897 4879 972 4947 jrsste
993 4880 1073 4947 vivit,
1103 4880 1133 4932 in
1158 4875 1296 4931 Eusebius
1325 4874 1473 4931 Emisenos
1495 4874 1568 4931 bom.
1594 4880 1619 4931 3.
1652 4876 1689 4930 ed
1719 4875 1884 4932 monachos:
1916 4877 1995 4931 Totie

300 4970 431 5030 mantum
453 4964 534 5016 homo
553 4971 644 5032 potest
664 4964 741 5031 juste
763 4964 869 5029 uiuere,
892 4981 946 5017 ηοη
970 4965 1065 5018 meriti
1082 4966 1131 5019 hu
1159 4965 1225 5017 licet
1239 4964 1352 5016 animae
1374 4971 1400 5016 et
1417 4964 1545 5033 corporis
1564 4962 1710 5017 labor-ibim
1725 4965 1905 5033 desudemus,
1928 4962 1995 5017 totis

300 5050 387 5116 mani,
410 5050 464 5102 sed
487 5049 614 5117 beneficii
643 5057 684 5102 est
708 5049 800 5102 diuini
816 5055 868 5104 ete.
903 5050 931 5104 in
951 5050 1052 5107 Peelm.
1075 5058 1131 5108 1³9.
1159 5051 1224 5104 licet
1253 5048 1424 5104 obedientiae
1453 5050 1560 5103 uiribus
1591 5066 1781 5116 exerceamur,
1813 5050 1886 5104 nihil
1903 5056 1996 5103 tamen

300 5134 368 5190 eitun
386 5133 485 5189 finem:
504 5136 586 5189 Justi
603 5136 804 5204 confitebuntur
822 5137 930 5188 nomini
947 5144 1009 5203 tuo,·
1027 5138 1132 5191 moritu
1159 5137 1327 5206 condiqnum
1346 5136 1445 5191 merito
1459 5153 1516 5206 pro
1535 5137 1699 5192 coelestibus
1721 5138 1799 5191 boris
1817 5152 1995 5206 compensare

300 5222 353 5275 sus
369 5221 444 5274 nihil
461 5221 597 5289 trimum,
622 5238 678 5274 non
702 5222 823 5275 tribuent
840 5230 925 5276 totum
951 5224 1008 5276 nni
1023 5224 1131 5276 miseri·
1159 5232 1184 5278 et
1220 5226 1320 5295 offerre
1351 5223 1503 5278 ualeamus.
1555 5223 1676 5294 Prosper
1706 5223 1754 5280 lib.
1788 5229 1809 5278 1.
1841 5223 1876 5277 de
1902 5228 1992 5278 voert

301 5308 411 5361 cordiae
430 5314 504 5363 tuae.
546 5324 627 5362 serm.
653 5313 676 5363 3.
705 5308 740 5363 de
762 5308 839 5363 verb.
865 5308 961 5365 Dom.:
987 5310 1132 5378 Omaqna
1158 5310 1282 5383 gentium
1307 5325 1367 5380 cap.
1387 5316 1410 5364 5.
1434 5314 1500 5363 tom.
1524 5315 1547 5365 2.
1572 5326 1647 5380 oper.
1671 5308 1768 5363 Ambr.
1792 5326 1818 5380 p.
1848 5313 1892 5364 13:
1923 5307 1994 5363 Veie-

301 5394 406 5448 bonitas
427 5392 493 5458 Dei,
512 5395 559 5447 cui
575 5412 706 5464 cumpro
724 5396 884 5449 conditione
903 5396 1051 5449 debeamus
1067 5400 1131 5450 red·
1157 5405 1246 5450 sceret
1263 5395 1399 5449 redemtio
1419 5396 1567 5464 sanquinis
1585 5394 1695 5449 Christi
1709 5412 1758 5448 nec
1783 5395 1995 5450 misericordiae

301 5481 363 5534 (lere
383 5480 528 5549 obeequia,
552 5487 582 5532 ut
599 5482 674 5534 servi
691 5482 818 5550 domino,
846 5482 952 5545 famuli
972 5484 1049 5549 Deo,
1070 5484 1131 5535 sub·
1158 5483 1219 5537 Dei
1242 5483 1426 5535 humanorum
1451 5499 1564 5551 operum
1582 5479 1784 5551 praeroqatiua
1801 5481 1994 5546 succmberet,

295 5566 362 5634 jccti
374 5566 493 5636 potenti,
512 5567 656 5636 mancipia
668 5568 827 5631 redemtori,
846 5568 1036 5621 amicitiarum
1051 5569 1132 5621 nobis
1156 5569 1185 5622 si
1195 5568 1382 5637 justificatio,
1402 5584 1473 5637 qssae
1492 5569 1524 5632 tit
1538 5582 1592 5636 per
1607 5566 1737 5634 qratiam
1756 5566 1863 5618 meritis
1877 5582 1993 5637 pracce-

238 5652 426 5719 utttpraemia
458 5652 632 5722 repromittit.
683 5669 762 5707 serm.
792 5658 816 5707 2.
848 5652 882 5708 de
913 5652 1005 5707 verbio
1042 5660 1131 5725 oport.
1157 5654 1288 5709 dentibus
1315 5655 1471 5720 deberetm,
1497 5662 1527 5707 ut
1551 5671 1607 5707 non
1631 5668 1730 5705 munus
1753 5651 1911 5720 larqientis,
1941 5656 1994 5708 sed

299 5739 368 5795 elsae
384 5739 483 5794 finem:
503 5739 573 5793 Post
589 5740 786 5793 redemtionem
805 5740 841 5791 ab
861 5739 938 5793 omni
955 5741 1133 5809 corruptione
1156 5758 1260 5794 merces
1278 5748 1348 5795 esset
1365 5741 1515 5810 operantis.
1546 5738 1602 5805 (Ne
1621 5736 1775 5805 existimet,
1800 5739 1993 5794 tantummodo
2065 5744 2069 5747 ’

297 5826 364 5895 quid
379 5832 471 5879 restat
486 5826 546 5879 nisi
560 5842 665 5881 corona
679 5825 837 5895 juuutmt
863 5826 928 5895 ipsa
946 5834 1019 5880 certe
1036 5834 1132 5894 restat,
1156 5827 1285 5881 meritum
1313 5826 1347 5882 de
1371 5842 1507 5898 congruo,
1533 5841 1589 5879 non
1617 5830 1709 5878 eutem
1728 5824 1856 5879 meritum
1875 5824 1909 5878 de
1928 5840 1992 5879 con·

295 5914 345 5967 red
360 5914 447 5967 marn
464 5911 495 5966 ia
510 5913 575 5983 ipsa
590 5911 635 5967 uel
651 5912 702 5965 sub
720 5912 785 5981 ipsa
802 5927 859 5965 ηοη
876 5912 914 5965 sit
940 5920 1025 5983 caput
1043 5913 1130 5982 turpi·
1142 5917 1145 5959 1
1157 5912 1244 5984 digno
1263 5912 1382 5982 excludi,
1402 5911 1516 5968 attende
1532 5907 1590 5965 illie
1609 5924 1683 5982 quae
1702 5912 1877 5981 sequuntur.)
1913 5912 1993 5964 Deus
