<?xml version="1.0" encoding="UTF-8"?>
<!DOCTYPE html PUBLIC "-//W3C//DTD XHTML 1.0 Transitional//EN"
    "http://www.w3.org/TR/xhtml1/DTD/xhtml1-transitional.dtd">
<html xmlns="http://www.w3.org/1999/xhtml" xml:lang="en" lang="en">
 <head>
  <title>
</title>
<meta http-equiv="Content-Type" content="text/html;charset=utf-8" />
  <meta name='ocr-system' content='tesseract 3.04.00' />
  <meta name='ocr-capabilities' content='ocr_page ocr_carea ocr_par ocr_line ocrx_word'/>
</head>
<body>
  <div class='ocr_page' id='page_1' title='image "./locitheologicit02gerhgoog/locitheologicit02gerhgoog_0155.png"; bbox 0 0 4800 6659; ppageno 0'>
   <div class='ocr_carea' id='block_1_1' title="bbox 411 731 1511 817">
    <p class='ocr_par' dir='ltr' id='par_1_1' title="bbox 411 731 1511 817">
     <span class='ocr_line' id='line_1_1' title="bbox 411 731 1511 817; baseline -0.01 -14"><span class='ocrx_word' id='word_1_1' title='bbox 411 748 469 803; x_wconf 85' lang='grc' dir='ltr'><em>ιιι</em></span> <span class='ocrx_word' id='word_1_2' title='bbox 1004 731 1315 797; x_wconf 73' lang='lat' dir='ltr'><em>accusaremus</em></span> <span class='ocrx_word' id='word_1_3' title='bbox 1334 732 1511 817; x_wconf 75' lang='lat' dir='ltr'><em>saravus</em></span> 
     </span>
    </p>
   </div>
   <div class='ocr_carea' id='block_1_2' title="bbox 284 887 2119 5050">
    <p class='ocr_par' dir='ltr' id='par_1_2' title="bbox 284 887 2119 5012">
     <span class='ocr_line' id='line_1_2' title="bbox 407 887 2112 968; baseline -0.002 -21"><span class='ocrx_word' id='word_1_4' title='bbox 407 896 515 963; x_wconf 65' lang='lat' dir='ltr'><em>cinnum</em></span> <span class='ocrx_word' id='word_1_5' title='bbox 540 895 590 950; x_wconf 86' lang='lat' dir='ltr'><em>boc</em></span> <span class='ocrx_word' id='word_1_6' title='bbox 615 912 671 948; x_wconf 92' lang='lat' dir='ltr'><em>non</em></span> <span class='ocrx_word' id='word_1_7' title='bbox 696 893 786 947; x_wconf 88' lang='lat' dir='ltr'><em>solum</em></span> <span class='ocrx_word' id='word_1_8' title='bbox 811 893 954 963; x_wconf 73' lang='lat' dir='ltr'><em>significet</em></span> <span class='ocrx_word' id='word_1_9' title='bbox 975 888 1358 968; x_wconf 68' lang='lat' dir='ltr'><em>sarrctificationcm,lciunt,</em></span> <span class='ocrx_word' id='word_1_10' title='bbox 1386 887 1529 961; x_wconf 82' lang='lat' dir='ltr'><em>applicant</em></span> <span class='ocrx_word' id='word_1_11' title='bbox 1552 895 1580 945; x_wconf 88' lang='lat' dir='ltr'><em>et</em></span> <span class='ocrx_word' id='word_1_12' title='bbox 1608 888 1758 963; x_wconf 83' lang='lat' dir='ltr'><em>obsignant</em></span> <span class='ocrx_word' id='word_1_13' title='bbox 1782 888 1838 945; x_wconf 85' lang='lat' dir='ltr'><em>fide</em></span> <span class='ocrx_word' id='word_1_14' title='bbox 1863 888 2008 946; x_wconf 83' lang='lat' dir='ltr'><em>utentibus</em></span> <span class='ocrx_word' id='word_1_15' title='bbox 2027 890 2112 944; x_wconf 79' lang='lat' dir='ltr'><em>bene·</em></span> 
     </span>
     <span class='ocr_line' id='line_1_3' title="bbox 407 976 2109 1050; baseline -0.002 -17"><span class='ocrx_word' id='word_1_16' title='bbox 407 983 461 1035; x_wconf 86' lang='lat' dir='ltr'><em>sed</em></span> <span class='ocrx_word' id='word_1_17' title='bbox 486 982 569 1034; x_wconf 89' lang='lat' dir='ltr'><em>etiam</em></span> <span class='ocrx_word' id='word_1_18' title='bbox 595 982 636 1034; x_wconf 84' lang='lat' dir='ltr'><em>ita</em></span> <span class='ocrx_word' id='word_1_19' title='bbox 665 979 822 1049; x_wconf 69' lang='lat' dir='ltr'><em>significet,</em></span> <span class='ocrx_word' id='word_1_20' title='bbox 853 988 883 1032; x_wconf 92' lang='lat' dir='ltr'><em>ut</em></span> <span class='ocrx_word' id='word_1_21' title='bbox 908 997 977 1050; x_wconf 70' lang='lat' dir='ltr'><em>minc</em></span> <span class='ocrx_word' id='word_1_22' title='bbox 1003 987 1067 1032; x_wconf 88' lang='lat' dir='ltr'><em>tunc</em></span> <span class='ocrx_word' id='word_1_23' title='bbox 1085 979 1156 1042; x_wconf 74' lang='lat' dir='ltr'><em>fiat,</em></span> <span class='ocrx_word' id='word_1_24' title='bbox 1175 976 1334 1040; x_wconf 76' lang='lat' dir='ltr'><em>dumlficin</em></span> <span class='ocrx_word' id='word_1_25' title='bbox 1351 976 1487 1048; x_wconf 82' lang='lat' dir='ltr'><em>evangelii</em></span> <span class='ocrx_word' id='word_1_26' title='bbox 1506 978 1626 1048; x_wconf 88' lang='lat' dir='ltr'><em>propria,</em></span> <span class='ocrx_word' id='word_1_27' title='bbox 1644 983 1738 1033; x_wconf 86' lang='lat' dir='ltr'><em>tamen</em></span> <span class='ocrx_word' id='word_1_28' title='bbox 1757 978 1913 1048; x_wconf 86' lang='lat' dir='ltr'><em>proximum</em></span> <span class='ocrx_word' id='word_1_29' title='bbox 1925 981 1955 1033; x_wconf 87' lang='lat' dir='ltr'><em>et</em></span> <span class='ocrx_word' id='word_1_30' title='bbox 1966 976 2109 1047; x_wconf 64' lang='lat' dir='ltr'><em>maeque·</em></span> 
     </span>
     <span class='ocr_line' id='line_1_4' title="bbox 408 1055 2111 1136; baseline -0.001 -18"><span class='ocrx_word' id='word_1_31' title='bbox 408 1076 610 1121; x_wconf 87' lang='lat' dir='ltr'><em>sacramentnm</em></span> <span class='ocrx_word' id='word_1_32' title='bbox 631 1066 787 1120; x_wconf 77' lang='lat' dir='ltr'><strong><em>adhibetur.</em></strong></span> <span class='ocrx_word' id='word_1_33' title='bbox 827 1066 846 1130; x_wconf 70' lang='lat'><em>7,</em></span> <span class='ocrx_word' id='word_1_34' title='bbox 871 1065 903 1118; x_wconf 86' lang='lat' dir='ltr'><em>Ut</em></span> <span class='ocrx_word' id='word_1_35' title='bbox 924 1083 979 1119; x_wconf 91' lang='lat' dir='ltr'><em>non</em></span> <span class='ocrx_word' id='word_1_36' title='bbox 996 1055 1329 1133; x_wconf 63' lang='lat' dir='ltr'><em>solumsiynisicetstum</em></span> <span class='ocrx_word' id='word_1_37' title='bbox 1347 1064 1512 1119; x_wconf 74' lang='lat' dir='ltr'><strong>sacramenti</strong></span> <span class='ocrx_word' id='word_1_38' title='bbox 1526 1080 1615 1136; x_wconf 85' lang='lat' dir='ltr'><em>genus</em></span> <span class='ocrx_word' id='word_1_39' title='bbox 1629 1082 1762 1136; x_wconf 75' lang='lat' dir='ltr'><strong>negamus</strong></span> <span class='ocrx_word' id='word_1_40' title='bbox 1776 1080 1836 1119; x_wconf 87' lang='lat' dir='ltr'><em>esse</em></span> <span class='ocrx_word' id='word_1_41' title='bbox 1849 1062 1968 1136; x_wconf 81' lang='lat' dir='ltr'><em>signum.</em></span> <span class='ocrx_word' id='word_1_42' title='bbox 2000 1070 2022 1119; x_wconf 94' lang='grc'><em>1.</em></span> <span class='ocrx_word' id='word_1_43' title='bbox 2037 1061 2111 1130; x_wconf 78' lang='lat' dir='ltr'><em>Quis</em></span> 
     </span>
     <span class='ocr_line' id='line_1_5' title="bbox 409 1148 2109 1222; baseline -0.003 -15"><span class='ocrx_word' id='word_1_44' title='bbox 409 1152 679 1221; x_wconf 69' lang='lat' dir='ltr'><em>sanctificationem,</em></span> <span class='ocrx_word' id='word_1_45' title='bbox 708 1169 779 1221; x_wconf 77' lang='lat' dir='ltr'><em>qaae</em></span> <span class='ocrx_word' id='word_1_46' title='bbox 807 1160 872 1205; x_wconf 87' lang='lat' dir='ltr'><em>tunc</em></span> <span class='ocrx_word' id='word_1_47' title='bbox 889 1153 965 1219; x_wconf 86' lang='lat' dir='ltr'><em>fiat,</em></span> <span class='ocrx_word' id='word_1_48' title='bbox 996 1153 1048 1204; x_wconf 80' lang='lat' dir='ltr'><em>secl</em></span> <span class='ocrx_word' id='word_1_49' title='bbox 1069 1151 1152 1203; x_wconf 84' lang='lat' dir='ltr'><em>etiam</em></span> <span class='ocrx_word' id='word_1_50' title='bbox 1172 1149 1346 1218; x_wconf 76' lang='lat' dir='ltr'><em>quac‘aliud</em></span> <span class='ocrx_word' id='word_1_51' title='bbox 1368 1157 1409 1205; x_wconf 86' lang='lat' dir='ltr'><em>est</em></span> <span class='ocrx_word' id='word_1_52' title='bbox 1426 1167 1471 1205; x_wconf 89' lang='lat' dir='ltr'><em>res</em></span> <span class='ocrx_word' id='word_1_53' title='bbox 1489 1152 1561 1221; x_wconf 91' lang='lat' dir='ltr'><em>ipsa,</em></span> <span class='ocrx_word' id='word_1_54' title='bbox 1579 1152 1655 1206; x_wconf 89' lang='lat' dir='ltr'><em>aliud</em></span> <span class='ocrx_word' id='word_1_55' title='bbox 1674 1153 1734 1222; x_wconf 88' lang='lat' dir='ltr'><em>ejus</em></span> <span class='ocrx_word' id='word_1_56' title='bbox 1750 1149 1872 1206; x_wconf 83' lang='lat' dir='ltr'><em>officium</em></span> <span class='ocrx_word' id='word_1_57' title='bbox 1884 1167 1918 1206; x_wconf 87' lang='lat' dir='ltr'><em>ac</em></span> <span class='ocrx_word' id='word_1_58' title='bbox 1931 1148 2010 1219; x_wconf 81' lang='lat' dir='ltr'><em>finis;</em></span> <span class='ocrx_word' id='word_1_59' title='bbox 2030 1148 2109 1205; x_wconf 84' lang='lat' dir='ltr'><em>aliud</em></span> 
     </span>
     <span class='ocr_line' id='line_1_6' title="bbox 408 1234 2109 1310; baseline -0.001 -16"><span class='ocrx_word' id='word_1_60' title='bbox 408 1240 467 1304; x_wconf 79' lang='lat' dir='ltr'><em>siat</em></span> <span class='ocrx_word' id='word_1_61' title='bbox 489 1240 518 1292; x_wconf 88' lang='lat' dir='ltr'><em>ui</em></span> <span class='ocrx_word' id='word_1_62' title='bbox 538 1240 628 1310; x_wconf 75' lang='lat' dir='ltr'><em>ipsun</em></span> <span class='ocrx_word' id='word_1_63' title='bbox 654 1239 840 1306; x_wconf 72' lang='lat' dir='ltr'><em>sacramenti,</em></span> <span class='ocrx_word' id='word_1_64' title='bbox 868 1238 908 1291; x_wconf 89' lang='lat' dir='ltr'><em>ita</em></span> <span class='ocrx_word' id='word_1_65' title='bbox 930 1247 960 1291; x_wconf 92' lang='lat' dir='ltr'><em>ut</em></span> <span class='ocrx_word' id='word_1_66' title='bbox 983 1244 1188 1291; x_wconf 71' lang='lat' dir='ltr'><em>sacramentnm</em></span> <span class='ocrx_word' id='word_1_67' title='bbox 1208 1235 1244 1287; x_wconf 81' lang='lat' dir='ltr'><em>sit</em></span> <span class='ocrx_word' id='word_1_68' title='bbox 1271 1236 1421 1307; x_wconf 83' lang='lat' dir='ltr'><em>appellatio</em></span> <span class='ocrx_word' id='word_1_69' title='bbox 1442 1238 1503 1307; x_wconf 88' lang='lat' dir='ltr'><em>ejus</em></span> <span class='ocrx_word' id='word_1_70' title='bbox 1521 1255 1554 1293; x_wconf 88' lang='lat' dir='ltr'><em>ex</em></span> <span class='ocrx_word' id='word_1_71' title='bbox 1573 1237 1672 1301; x_wconf 83' lang='lat' dir='ltr'><em>officio,</em></span> <span class='ocrx_word' id='word_1_72' title='bbox 1691 1237 1769 1292; x_wconf 88' lang='lat' dir='ltr'><em>aliud</em></span> <span class='ocrx_word' id='word_1_73' title='bbox 1789 1236 1913 1293; x_wconf 87' lang='lat' dir='ltr'><em>delinitio</em></span> <span class='ocrx_word' id='word_1_74' title='bbox 1930 1254 1965 1293; x_wconf 84' lang='lat' dir='ltr'><em>ex</em></span> <span class='ocrx_word' id='word_1_75' title='bbox 1979 1234 2109 1292; x_wconf 72' lang='lat' dir='ltr'><em>caenas</em></span> 
     </span>
     <span class='ocr_line' id='line_1_7' title="bbox 410 1320 2109 1401; baseline -0.004 -20"><span class='ocrx_word' id='word_1_76' title='bbox 410 1344 496 1381; x_wconf 80' lang='lat' dir='ltr'><em>carrsa</em></span> <span class='ocrx_word' id='word_1_77' title='bbox 512 1324 735 1378; x_wconf 78' lang='lat' dir='ltr'><em>instmementalis</em></span> <span class='ocrx_word' id='word_1_78' title='bbox 747 1324 994 1392; x_wconf 69' lang='lat' dir='ltr'><em>sanctificationis.</em></span> <span class='ocrx_word' id='word_1_79' title='bbox 1016 1322 1241 1395; x_wconf 79' lang='lat' dir='ltr'><em>Respondemus:</em></span> <span class='ocrx_word' id='word_1_80' title='bbox 1256 1320 1258 1401; x_wconf 58' lang='grc'>1</span> <span class='ocrx_word' id='word_1_81' title='bbox 1271 1321 1403 1377; x_wconf 87' lang='lat' dir='ltr'><em>Definitio</em></span> <span class='ocrx_word' id='word_1_82' title='bbox 1421 1329 1463 1379; x_wconf 86' lang='lat' dir='ltr'><em>est</em></span> <span class='ocrx_word' id='word_1_83' title='bbox 1480 1323 1562 1395; x_wconf 76' lang='grc' dir='ltr'><em>λόγος</em></span> <span class='ocrx_word' id='word_1_84' title='bbox 1580 1323 1692 1388; x_wconf 70' lang='grc' dir='ltr'>οὐσίαις</span> <span class='ocrx_word' id='word_1_85' title='bbox 1711 1342 1777 1395; x_wconf 84' lang='lat' dir='ltr'><em>ergo</em></span> <span class='ocrx_word' id='word_1_86' title='bbox 1797 1340 1886 1394; x_wconf 81' lang='lat' dir='ltr'><em>genus</em></span> <span class='ocrx_word' id='word_1_87' title='bbox 1905 1324 1932 1377; x_wconf 91' lang='lat' dir='ltr'><em>in</em></span> <span class='ocrx_word' id='word_1_88' title='bbox 1945 1320 2109 1380; x_wconf 81' lang='lat' dir='ltr'><em>definitione</em></span> 
     </span>
     <span class='ocr_line' id='line_1_8' title="bbox 409 1408 2110 1483; baseline -0.001 -19"><span class='ocrx_word' id='word_1_89' title='bbox 409 1410 616 1467; x_wconf 87' lang='lat' dir='ltr'><em>confunduntur</em></span> <span class='ocrx_word' id='word_1_90' title='bbox 634 1408 716 1483; x_wconf 78' lang='grc' dir='ltr'>χάρις</span> <span class='ocrx_word' id='word_1_91' title='bbox 731 1409 938 1480; x_wconf 86' lang='lat' dir='ltr'><em>justificationis</em></span> <span class='ocrx_word' id='word_1_92' title='bbox 958 1418 985 1465; x_wconf 89' lang='lat' dir='ltr'><em>et</em></span> <span class='ocrx_word' id='word_1_93' title='bbox 1001 1410 1126 1483; x_wconf 77' lang='grc' dir='ltr'>χάρισμα</span> <span class='ocrx_word' id='word_1_94' title='bbox 1144 1408 1245 1463; x_wconf 88' lang='lat' dir='ltr'><em>sancti·</em></span> <span class='ocrx_word' id='word_1_95' title='bbox 1272 1408 1328 1479; x_wconf 89' lang='lat' dir='ltr'><em>peti</em></span> <span class='ocrx_word' id='word_1_96' title='bbox 1355 1408 1438 1465; x_wconf 88' lang='lat' dir='ltr'><em>debet</em></span> <span class='ocrx_word' id='word_1_97' title='bbox 1463 1426 1496 1465; x_wconf 80' lang='lat' dir='ltr'><em>cx</em></span> <span class='ocrx_word' id='word_1_98' title='bbox 1515 1410 1555 1466; x_wconf 87' lang='lat' dir='ltr'><em>rei</em></span> <span class='ocrx_word' id='word_1_99' title='bbox 1579 1410 1708 1465; x_wconf 85' lang='lat' dir='ltr'><em>definitae</em></span> <span class='ocrx_word' id='word_1_100' title='bbox 1726 1409 1861 1478; x_wconf 74' lang='lat' dir='ltr'><em>essentia,</em></span> <span class='ocrx_word' id='word_1_101' title='bbox 1884 1410 2030 1480; x_wconf 85' lang='lat' dir='ltr'><em>jamvero</em></span> <span class='ocrx_word' id='word_1_102' title='bbox 2050 1424 2110 1464; x_wconf 85' lang='lat' dir='ltr'><em>esse</em></span> 
     </span>
     <span class='ocr_line' id='line_1_9' title="bbox 411 1493 2109 1568; baseline -0.002 -17"><span class='ocrx_word' id='word_1_103' title='bbox 411 1496 561 1559; x_wconf 75' lang='lat' dir='ltr'><em>flectionis,</em></span> <span class='ocrx_word' id='word_1_104' title='bbox 589 1502 620 1550; x_wconf 91' lang='lat' dir='ltr'><em>ut</em></span> <span class='ocrx_word' id='word_1_105' title='bbox 648 1502 676 1550; x_wconf 90' lang='lat' dir='ltr'><em>et</em></span> <span class='ocrx_word' id='word_1_106' title='bbox 700 1495 761 1550; x_wconf 89' lang='lat' dir='ltr'><em>linis</em></span> <span class='ocrx_word' id='word_1_107' title='bbox 788 1503 1021 1551; x_wconf 86' lang='lat' dir='ltr'><em>sacramentorum</em></span> <span class='ocrx_word' id='word_1_108' title='bbox 1039 1494 1201 1567; x_wconf 89' lang='lat' dir='ltr'><em>principalis</em></span> <span class='ocrx_word' id='word_1_109' title='bbox 1219 1500 1247 1548; x_wconf 88' lang='lat' dir='ltr'><em>ct</em></span> <span class='ocrx_word' id='word_1_110' title='bbox 1272 1496 1381 1568; x_wconf 87' lang='lat' dir='ltr'><em>signum</em></span> <span class='ocrx_word' id='word_1_111' title='bbox 1414 1513 1468 1551; x_wconf 89' lang='lat' dir='ltr'><em>non</em></span> <span class='ocrx_word' id='word_1_112' title='bbox 1501 1497 1622 1567; x_wconf 83' lang='lat' dir='ltr'><em>pertinet</em></span> <span class='ocrx_word' id='word_1_113' title='bbox 1654 1497 1691 1551; x_wconf 89' lang='lat' dir='ltr'><em>ad</em></span> <span class='ocrx_word' id='word_1_114' title='bbox 1718 1494 1903 1567; x_wconf 85' lang='lat' dir='ltr'><em>quidditatsm</em></span> <span class='ocrx_word' id='word_1_115' title='bbox 1934 1493 2109 1561; x_wconf 84' lang='lat' dir='ltr'><em>sacramenti,</em></span> 
     </span>
     <span class='ocr_line' id='line_1_10' title="bbox 413 1580 2110 1654; baseline 0 -18"><span class='ocrx_word' id='word_1_116' title='bbox 413 1580 591 1636; x_wconf 86' lang='lat' dir='ltr'><em>secundarius</em></span> <span class='ocrx_word' id='word_1_117' title='bbox 617 1587 669 1638; x_wconf 89' lang='lat' dir='ltr'><em>etc.</em></span> <span class='ocrx_word' id='word_1_118' title='bbox 706 1583 752 1635; x_wconf 87' lang='lat' dir='ltr'><em>Au</em></span> <span class='ocrx_word' id='word_1_119' title='bbox 773 1588 945 1637; x_wconf 85' lang='lat' dir='ltr'><em>sacramenta</em></span> <span class='ocrx_word' id='word_1_120' title='bbox 967 1581 1110 1637; x_wconf 84' lang='lat' dir='ltr'><em>conferant</em></span> <span class='ocrx_word' id='word_1_121' title='bbox 1127 1580 1245 1654; x_wconf 89' lang='lat' dir='ltr'><em>gratiam</em></span> <span class='ocrx_word' id='word_1_122' title='bbox 1272 1582 1322 1637; x_wconf 85' lang='lat' dir='ltr'><em>sed</em></span> <span class='ocrx_word' id='word_1_123' title='bbox 1348 1582 1384 1637; x_wconf 92' lang='lat' dir='ltr'><em>ad</em></span> <span class='ocrx_word' id='word_1_124' title='bbox 1414 1583 1474 1653; x_wconf 88' lang='lat' dir='ltr'><em>ejus</em></span> <span class='ocrx_word' id='word_1_125' title='bbox 1500 1582 1584 1639; x_wconf 85' lang='lat' dir='ltr'><em>finem</em></span> <span class='ocrx_word' id='word_1_126' title='bbox 1608 1589 1636 1637; x_wconf 90' lang='lat' dir='ltr'><em>et</em></span> <span class='ocrx_word' id='word_1_127' title='bbox 1661 1601 1749 1637; x_wconf 92' lang='lat' dir='ltr'><em>usum.</em></span> <span class='ocrx_word' id='word_1_128' title='bbox 1785 1582 1860 1653; x_wconf 84' lang='lat' dir='ltr'><em>Ergo</em></span> <span class='ocrx_word' id='word_1_129' title='bbox 1883 1599 1938 1635; x_wconf 92' lang='lat' dir='ltr'><em>non</em></span> <span class='ocrx_word' id='word_1_130' title='bbox 1958 1585 2003 1636; x_wconf 84' lang='lat' dir='ltr'><em>est</em></span> <span class='ocrx_word' id='word_1_131' title='bbox 2021 1598 2110 1652; x_wconf 72' lang='grc' dir='ltr'>ςιιιιιι</span> 
     </span>
     <span class='ocr_line' id='line_1_11' title="bbox 412 1667 2109 1740; baseline -0.001 -18"><span class='ocrx_word' id='word_1_132' title='bbox 412 1684 445 1722; x_wconf 87' lang='lat' dir='ltr'><em>ex</em></span> <span class='ocrx_word' id='word_1_133' title='bbox 463 1683 547 1737; x_wconf 88' lang='lat' dir='ltr'><em>opere</em></span> <span class='ocrx_word' id='word_1_134' title='bbox 568 1674 690 1738; x_wconf 85' lang='lat' dir='ltr'><em>operato,</em></span> <span class='ocrx_word' id='word_1_135' title='bbox 707 1675 803 1739; x_wconf 88' lang='lat' dir='ltr'><em>postea</em></span> <span class='ocrx_word' id='word_1_136' title='bbox 821 1685 871 1722; x_wconf 89' lang='lat' dir='ltr'><em>suo</em></span> <span class='ocrx_word' id='word_1_137' title='bbox 887 1668 947 1723; x_wconf 90' lang='lat' dir='ltr'><em>loco</em></span> <span class='ocrx_word' id='word_1_138' title='bbox 971 1668 1141 1723; x_wconf 87' lang='lat' dir='ltr'><em>discutietur.</em></span> <span class='ocrx_word' id='word_1_139' title='bbox 1172 1672 1196 1724; x_wconf 75' lang='lat' dir='ltr'><em>t.</em></span> <span class='ocrx_word' id='word_1_140' title='bbox 1213 1667 1247 1721; x_wconf 86' lang='lat' dir='ltr'><em>Ut</em></span> <span class='ocrx_word' id='word_1_141' title='bbox 1272 1686 1368 1724; x_wconf 84' lang='lat' dir='ltr'><em>rerum</em></span> <span class='ocrx_word' id='word_1_142' title='bbox 1391 1674 1419 1723; x_wconf 89' lang='lat' dir='ltr'><em>et</em></span> <span class='ocrx_word' id='word_1_143' title='bbox 1446 1670 1596 1740; x_wconf 90' lang='lat' dir='ltr'><em>proprium.</em></span> <span class='ocrx_word' id='word_1_144' title='bbox 1634 1676 1658 1726; x_wconf 82' lang='lat'><em>2.</em></span> <span class='ocrx_word' id='word_1_145' title='bbox 1677 1668 1809 1724; x_wconf 85' lang='lat' dir='ltr'><em>Definitio</em></span> <span class='ocrx_word' id='word_1_146' title='bbox 1827 1668 1912 1723; x_wconf 85' lang='lat' dir='ltr'><em>debet</em></span> <span class='ocrx_word' id='word_1_147' title='bbox 1929 1674 2061 1737; x_wconf 82' lang='lat' dir='ltr'><em>constare</em></span> <span class='ocrx_word' id='word_1_148' title='bbox 2077 1682 2109 1721; x_wconf 79' lang='lat' dir='ltr'><em>ax</em></span> 
     </span>
     <span class='ocr_line' id='line_1_12' title="bbox 411 1752 2110 1825; baseline 0.003 -21"><span class='ocrx_word' id='word_1_149' title='bbox 411 1754 448 1804; x_wconf 84' lang='lat' dir='ltr'><em>sit</em></span> <span class='ocrx_word' id='word_1_150' title='bbox 467 1754 623 1807; x_wconf 83' lang='lat' dir='ltr'><em>ceremonia</em></span> <span class='ocrx_word' id='word_1_151' title='bbox 642 1754 789 1821; x_wconf 74' lang='lat' dir='ltr'><em>relipiom&#39;s</em></span> <span class='ocrx_word' id='word_1_152' title='bbox 808 1762 883 1807; x_wconf 89' lang='lat' dir='ltr'><em>stata</em></span> <span class='ocrx_word' id='word_1_153' title='bbox 904 1774 937 1809; x_wconf 89' lang='lat' dir='ltr'><em>ac</em></span> <span class='ocrx_word' id='word_1_154' title='bbox 954 1755 1092 1820; x_wconf 87' lang='lat' dir='ltr'><em>solennis,</em></span> <span class='ocrx_word' id='word_1_155' title='bbox 1111 1771 1181 1823; x_wconf 67' lang='lat' dir='ltr'><em>qliae</em></span> <span class='ocrx_word' id='word_1_156' title='bbox 1199 1754 1246 1808; x_wconf 85' lang='lat' dir='ltr'><em>bo·</em></span> <span class='ocrx_word' id='word_1_157' title='bbox 1273 1754 1410 1825; x_wconf 86' lang='lat' dir='ltr'><em>prioribus</em></span> <span class='ocrx_word' id='word_1_158' title='bbox 1433 1761 1462 1809; x_wconf 90' lang='lat' dir='ltr'><em>ct</em></span> <span class='ocrx_word' id='word_1_159' title='bbox 1485 1754 1647 1810; x_wconf 87' lang='lat' dir='ltr'><em>notioribus.</em></span> <span class='ocrx_word' id='word_1_160' title='bbox 1688 1753 1866 1810; x_wconf 78' lang='lat' dir='ltr'><em>Sacramenta</em></span> <span class='ocrx_word' id='word_1_161' title='bbox 1890 1770 1951 1809; x_wconf 87' lang='lat' dir='ltr'><em>esse</em></span> <span class='ocrx_word' id='word_1_162' title='bbox 1974 1752 2058 1825; x_wconf 85' lang='lat' dir='ltr'><em>signa</em></span> <span class='ocrx_word' id='word_1_163' title='bbox 2083 1760 2110 1809; x_wconf 85' lang='lat' dir='ltr'><em>st</em></span> 
     </span>
     <span class='ocr_line' id='line_1_13' title="bbox 412 1839 2108 1912; baseline 0.002 -20"><span class='ocrx_word' id='word_1_164' title='bbox 412 1839 513 1892; x_wconf 88' lang='lat' dir='ltr'><em>minem</em></span> <span class='ocrx_word' id='word_1_165' title='bbox 537 1842 601 1893; x_wconf 86' lang='lat' dir='ltr'><em>Deo</em></span> <span class='ocrx_word' id='word_1_166' title='bbox 626 1849 776 1904; x_wconf 84' lang='lat' dir='ltr'><em>consecret,</em></span> <span class='ocrx_word' id='word_1_167' title='bbox 805 1840 879 1911; x_wconf 90' lang='lat' dir='ltr'><em>quod</em></span> <span class='ocrx_word' id='word_1_168' title='bbox 905 1847 1081 1911; x_wconf 89' lang='lat' dir='ltr'><em>acceptamus</em></span> <span class='ocrx_word' id='word_1_169' title='bbox 1103 1846 1131 1895; x_wconf 87' lang='lat' dir='ltr'><em>et</em></span> <span class='ocrx_word' id='word_1_170' title='bbox 1151 1845 1247 1893; x_wconf 85' lang='lat' dir='ltr'><em>contra</em></span> <span class='ocrx_word' id='word_1_171' title='bbox 1273 1840 1366 1911; x_wconf 86' lang='lat' dir='ltr'><em>sigilla</em></span> <span class='ocrx_word' id='word_1_172' title='bbox 1382 1858 1438 1896; x_wconf 91' lang='lat' dir='ltr'><em>non</em></span> <span class='ocrx_word' id='word_1_173' title='bbox 1456 1848 1499 1897; x_wconf 89' lang='lat' dir='ltr'><em>cst</em></span> <span class='ocrx_word' id='word_1_174' title='bbox 1519 1858 1551 1895; x_wconf 84' lang='lat' dir='ltr'><em>er</em></span> <span class='ocrx_word' id='word_1_175' title='bbox 1572 1841 1709 1912; x_wconf 88' lang='lat' dir='ltr'><em>prioribus</em></span> <span class='ocrx_word' id='word_1_176' title='bbox 1727 1847 1756 1897; x_wconf 88' lang='lat' dir='ltr'><em>et</em></span> <span class='ocrx_word' id='word_1_177' title='bbox 1775 1840 1938 1908; x_wconf 86' lang='lat' dir='ltr'><em>notioribus,</em></span> <span class='ocrx_word' id='word_1_178' title='bbox 1957 1839 2026 1911; x_wconf 87' lang='lat' dir='ltr'><em>quia</em></span> <span class='ocrx_word' id='word_1_179' title='bbox 2038 1839 2108 1911; x_wconf 82' lang='lat' dir='ltr'><em>ipso·</em></span> 
     </span>
     <span class='ocr_line' id='line_1_14' title="bbox 413 1925 2109 2024; baseline 0.003 -47"><span class='ocrx_word' id='word_1_180' title='bbox 413 1930 561 1980; x_wconf 82' lang='lat' dir='ltr'><em>extremam</em></span> <span class='ocrx_word' id='word_1_181' title='bbox 581 1927 739 1981; x_wconf 87' lang='lat' dir='ltr'><em>unctionem</em></span> <span class='ocrx_word' id='word_1_182' title='bbox 758 1931 950 1999; x_wconf 81' lang='lat' dir='ltr'><em>argumentum</em></span> <span class='ocrx_word' id='word_1_183' title='bbox 969 1944 1004 1982; x_wconf 81' lang='grc' dir='ltr'><em>ιι,</em></span> <span class='ocrx_word' id='word_1_184' title='bbox 1019 1944 1052 1983; x_wconf 91' lang='lat' dir='ltr'><em>eo</em></span> <span class='ocrx_word' id='word_1_185' title='bbox 1064 1926 1198 1994; x_wconf 88' lang='lat' dir='ltr'><em>ducimus,</em></span> <span class='ocrx_word' id='word_1_186' title='bbox 1217 1932 1248 1980; x_wconf 93' lang='lat' dir='ltr'><em>ut</em></span> <span class='ocrx_word' id='word_1_187' title='bbox 1273 1944 1333 1980; x_wconf 92' lang='lat' dir='ltr'><em>rum</em></span> <span class='ocrx_word' id='word_1_188' title='bbox 1362 1928 1484 2024; x_wconf 79' lang='lat' dir='ltr'><em>cognitio</em></span> <span class='ocrx_word' id='word_1_189' title='bbox 1511 1929 1615 1998; x_wconf 88' lang='lat' dir='ltr'><em>pendet</em></span> <span class='ocrx_word' id='word_1_190' title='bbox 1643 1945 1676 1983; x_wconf 87' lang='lat' dir='ltr'><em>ex</em></span> <span class='ocrx_word' id='word_1_191' title='bbox 1704 1926 1860 1983; x_wconf 89' lang='lat' dir='ltr'><em>actionibus</em></span> <span class='ocrx_word' id='word_1_192' title='bbox 1886 1934 1915 1981; x_wconf 81' lang='lat' dir='ltr'><em>at</em></span> <span class='ocrx_word' id='word_1_193' title='bbox 1933 1925 2109 1991; x_wconf 77' lang='lat' dir='ltr'><em>ceremoniis3</em></span> 
     </span>
     <span class='ocr_line' id='line_1_15' title="bbox 414 2011 2109 2085; baseline 0.003 -20"><span class='ocrx_word' id='word_1_194' title='bbox 414 2011 561 2081; x_wconf 88' lang='lat' dir='ltr'><em>apparebit</em></span> <span class='ocrx_word' id='word_1_195' title='bbox 578 2030 627 2067; x_wconf 93' lang='lat' dir='ltr'><em>suo</em></span> <span class='ocrx_word' id='word_1_196' title='bbox 645 2013 714 2068; x_wconf 88' lang='lat' dir='ltr'><em>loco</em></span> <span class='ocrx_word' id='word_1_197' title='bbox 1273 2013 1326 2067; x_wconf 87' lang='lat' dir='ltr'><em>hae</em></span> <span class='ocrx_word' id='word_1_198' title='bbox 1344 2014 1416 2067; x_wconf 89' lang='lat' dir='ltr'><em>enim</em></span> <span class='ocrx_word' id='word_1_199' title='bbox 1435 2030 1498 2067; x_wconf 92' lang='lat' dir='ltr'><em>cum</em></span> <span class='ocrx_word' id='word_1_200' title='bbox 1517 2014 1586 2082; x_wconf 87' lang='lat' dir='ltr'><em>fine,</em></span> <span class='ocrx_word' id='word_1_201' title='bbox 1613 2014 1660 2084; x_wconf 88' lang='lat' dir='ltr'><em>qui</em></span> <span class='ocrx_word' id='word_1_202' title='bbox 1679 2020 1721 2069; x_wconf 89' lang='lat' dir='ltr'><em>est</em></span> <span class='ocrx_word' id='word_1_203' title='bbox 1739 2014 1864 2085; x_wconf 88' lang='lat' dir='ltr'><em>signare,</em></span> <span class='ocrx_word' id='word_1_204' title='bbox 1883 2013 2052 2083; x_wconf 85' lang='lat' dir='ltr'><em>conjunctae</em></span> <span class='ocrx_word' id='word_1_205' title='bbox 2069 2012 2109 2070; x_wconf 88' lang='lat' dir='ltr'><em>di·</em></span> 
     </span>
     <span class='ocr_line' id='line_1_16' title="bbox 284 2097 2110 2196; baseline 0.002 -44"><span class='ocrx_word' id='word_1_206' title='bbox 284 2098 402 2194; x_wconf 52' lang='lat' dir='ltr'><em>2:³2¹:st-</em></span> <span class='ocrx_word' id='word_1_207' title='bbox 452 2102 491 2153; x_wconf 95' lang='grc'><em>21.</em></span> <span class='ocrx_word' id='word_1_208' title='bbox 516 2097 583 2169; x_wconf 87' lang='lat' dir='ltr'><em>Cap.</em></span> <span class='ocrx_word' id='word_1_209' title='bbox 602 2105 641 2155; x_wconf 90' lang='grc'><em>10.</em></span> <span class='ocrx_word' id='word_1_210' title='bbox 664 2099 789 2170; x_wconf 89' lang='lat' dir='ltr'><em>disputat</em></span> <span class='ocrx_word' id='word_1_211' title='bbox 807 2098 1004 2166; x_wconf 87' lang='lat' dir='ltr'><em>Bellarminus,</em></span> <span class='ocrx_word' id='word_1_212' title='bbox 1032 2118 1069 2153; x_wconf 91' lang='lat' dir='ltr'><em>an</em></span> <span class='ocrx_word' id='word_1_213' title='bbox 1088 2115 1246 2152; x_wconf 88' lang='lat' dir='ltr'><em>sacramen·</em></span> <span class='ocrx_word' id='word_1_214' title='bbox 1275 2105 1374 2153; x_wconf 88' lang='lat' dir='ltr'><em>cuntur</em></span> <span class='ocrx_word' id='word_1_215' title='bbox 1399 2099 1481 2196; x_wconf 80' lang='lat' dir='ltr'><em>signa</em></span> <span class='ocrx_word' id='word_1_216' title='bbox 1505 2106 1533 2154; x_wconf 87' lang='lat' dir='ltr'><em>et</em></span> <span class='ocrx_word' id='word_1_217' title='bbox 1556 2100 1657 2171; x_wconf 88' lang='lat' dir='ltr'><em>sigilla.</em></span> <span class='ocrx_word' id='word_1_218' title='bbox 1695 2106 1719 2155; x_wconf 83' lang='lat'><em>³.</em></span> <span class='ocrx_word' id='word_1_219' title='bbox 1744 2099 1890 2169; x_wconf 87' lang='lat' dir='ltr'><em>Proprium</em></span> <span class='ocrx_word' id='word_1_220' title='bbox 1913 2116 2004 2170; x_wconf 81' lang='lat' dir='ltr'><em>genus</em></span> <span class='ocrx_word' id='word_1_221' title='bbox 2026 2098 2110 2155; x_wconf 84' lang='lat' dir='ltr'><em>debet</em></span> 
     </span>
     <span class='ocr_line' id='line_1_17' title="bbox 287 2184 2108 2282; baseline 0.003 -46"><span class='ocrx_word' id='word_1_222' title='bbox 287 2192 473 2245; x_wconf 65' lang='lat' dir='ltr'><em>scameratam</em></span> <span class='ocrx_word' id='word_1_223' title='bbox 490 2184 610 2255; x_wconf 82' lang='lat' dir='ltr'><em>proprie</em></span> <span class='ocrx_word' id='word_1_224' title='bbox 628 2186 750 2251; x_wconf 79' lang='lat' dir='ltr'><em>definiri</em></span> <span class='ocrx_word' id='word_1_225' title='bbox 771 2186 882 2255; x_wconf 72' lang='lat' dir='ltr'><em>possit!</em></span> <span class='ocrx_word' id='word_1_226' title='bbox 910 2186 1061 2240; x_wconf 87' lang='lat' dir='ltr'><em>Enumerat</em></span> <span class='ocrx_word' id='word_1_227' title='bbox 1080 2191 1172 2239; x_wconf 87' lang='lat' dir='ltr'><em>autem</em></span> <span class='ocrx_word' id='word_1_228' title='bbox 1192 2191 1248 2239; x_wconf 87' lang='lat' dir='ltr'><em>tres</em></span> <span class='ocrx_word' id='word_1_229' title='bbox 1275 2201 1336 2240; x_wconf 89' lang='lat' dir='ltr'><em>esse</em></span> <span class='ocrx_word' id='word_1_230' title='bbox 1356 2185 1550 2256; x_wconf 90' lang='lat' dir='ltr'><em>propinquum.</em></span> <span class='ocrx_word' id='word_1_231' title='bbox 1588 2185 1703 2282; x_wconf 81' lang='lat' dir='ltr'><em>Signum</em></span> <span class='ocrx_word' id='word_1_232' title='bbox 1721 2190 1813 2241; x_wconf 80' lang='lat' dir='ltr'><em>autem</em></span> <span class='ocrx_word' id='word_1_233' title='bbox 1829 2190 1886 2250; x_wconf 89' lang='lat' dir='ltr'><em>est,</em></span> <span class='ocrx_word' id='word_1_234' title='bbox 1908 2202 1997 2256; x_wconf 85' lang='lat' dir='ltr'><em>genus</em></span> <span class='ocrx_word' id='word_1_235' title='bbox 2019 2202 2108 2241; x_wconf 83' lang='lat' dir='ltr'><em>sacra·</em></span> 
     </span>
     <span class='ocr_line' id='line_1_18' title="bbox 416 2270 2109 2342; baseline 0.004 -21"><span class='ocrx_word' id='word_1_236' title='bbox 416 2285 528 2323; x_wconf 90' lang='lat' dir='ltr'><em>suorum</em></span> <span class='ocrx_word' id='word_1_237' title='bbox 547 2270 706 2327; x_wconf 89' lang='lat' dir='ltr'><em>sententias.</em></span> <span class='ocrx_word' id='word_1_238' title='bbox 733 2270 851 2335; x_wconf 84' lang='lat' dir='ltr'><em>Quidam</em></span> <span class='ocrx_word' id='word_1_239' title='bbox 869 2271 1034 2338; x_wconf 85' lang='lat' dir='ltr'><em>existimant,</em></span> <span class='ocrx_word' id='word_1_240' title='bbox 1046 2276 1248 2325; x_wconf 88' lang='lat' dir='ltr'><em>sacramentum</em></span> <span class='ocrx_word' id='word_1_241' title='bbox 1276 2270 1361 2325; x_wconf 90' lang='lat' dir='ltr'><em>menti</em></span> <span class='ocrx_word' id='word_1_242' title='bbox 1381 2277 1524 2334; x_wconf 88' lang='lat' dir='ltr'><em>remotum,</em></span> <span class='ocrx_word' id='word_1_243' title='bbox 1543 2278 1600 2325; x_wconf 90' lang='lat' dir='ltr'><em>tum</em></span> <span class='ocrx_word' id='word_1_244' title='bbox 1620 2271 1684 2342; x_wconf 87' lang='lat' dir='ltr'><em>quia</em></span> <span class='ocrx_word' id='word_1_245' title='bbox 1701 2289 1719 2326; x_wconf 86' lang='lat' dir='ltr'><em>a</em></span> <span class='ocrx_word' id='word_1_246' title='bbox 1736 2271 1793 2327; x_wconf 88' lang='lat' dir='ltr'><em>fine</em></span> <span class='ocrx_word' id='word_1_247' title='bbox 1810 2271 1898 2342; x_wconf 87' lang='lat' dir='ltr'><em>petita</em></span> <span class='ocrx_word' id='word_1_248' title='bbox 1919 2277 1963 2325; x_wconf 85' lang='lat' dir='ltr'><em>est</em></span> <span class='ocrx_word' id='word_1_249' title='bbox 1979 2270 2050 2326; x_wconf 86' lang='lat' dir='ltr'><em>haec</em></span> <span class='ocrx_word' id='word_1_250' title='bbox 2064 2272 2109 2328; x_wconf 89' lang='lat' dir='ltr'><em>de·</em></span> 
     </span>
     <span class='ocr_line' id='line_1_19' title="bbox 416 2355 2110 2427; baseline 0.002 -19"><span class='ocrx_word' id='word_1_251' title='bbox 416 2356 527 2426; x_wconf 91' lang='lat' dir='ltr'><em>proprie</em></span> <span class='ocrx_word' id='word_1_252' title='bbox 560 2356 666 2412; x_wconf 89' lang='lat' dir='ltr'><em>deliniri</em></span> <span class='ocrx_word' id='word_1_253' title='bbox 698 2375 753 2412; x_wconf 91' lang='lat' dir='ltr'><em>non</em></span> <span class='ocrx_word' id='word_1_254' title='bbox 784 2374 878 2427; x_wconf 88' lang='lat' dir='ltr'><em>passe,</em></span> <span class='ocrx_word' id='word_1_255' title='bbox 907 2364 939 2412; x_wconf 93' lang='lat' dir='ltr'><em>ut</em></span> <span class='ocrx_word' id='word_1_256' title='bbox 967 2356 1122 2422; x_wconf 87' lang='lat' dir='ltr'><em>Occamus,</em></span> <span class='ocrx_word' id='word_1_257' title='bbox 1151 2355 1249 2425; x_wconf 83' lang='lat' dir='ltr'><em>Major,</em></span> <span class='ocrx_word' id='word_1_258' title='bbox 1276 2355 1440 2424; x_wconf 89' lang='lat' dir='ltr'><em>nominatio,</em></span> <span class='ocrx_word' id='word_1_259' title='bbox 1466 2362 1525 2409; x_wconf 92' lang='lat' dir='ltr'><em>tum</em></span> <span class='ocrx_word' id='word_1_260' title='bbox 1549 2357 1616 2427; x_wconf 87' lang='lat' dir='ltr'><em>quia</em></span> <span class='ocrx_word' id='word_1_261' title='bbox 1641 2356 1827 2412; x_wconf 89' lang='lat' dir='ltr'><em>mediantibus</em></span> <span class='ocrx_word' id='word_1_262' title='bbox 1852 2356 2010 2412; x_wconf 87' lang='lat' dir='ltr'><em>actionibus</em></span> <span class='ocrx_word' id='word_1_263' title='bbox 2035 2362 2110 2413; x_wconf 88' lang='lat' dir='ltr'><em>certo</em></span> 
     </span>
     <span class='ocr_line' id='line_1_20' title="bbox 415 2440 2112 2515; baseline 0.002 -20"><span class='ocrx_word' id='word_1_264' title='bbox 415 2441 587 2512; x_wconf 83' lang='lat' dir='ltr'><em>Richardus;</em></span> <span class='ocrx_word' id='word_1_265' title='bbox 623 2443 671 2498; x_wconf 90' lang='lat' dir='ltr'><em>alii</em></span> <span class='ocrx_word' id='word_1_266' title='bbox 690 2444 794 2512; x_wconf 84' lang='lat' dir='ltr'><em>volunt,</em></span> <span class='ocrx_word' id='word_1_267' title='bbox 814 2449 1016 2498; x_wconf 87' lang='lat' dir='ltr'><em>sacramentum</em></span> <span class='ocrx_word' id='word_1_268' title='bbox 1033 2440 1142 2497; x_wconf 81' lang='lat' dir='ltr'><em>definiri</em></span> <span class='ocrx_word' id='word_1_269' title='bbox 1160 2457 1250 2511; x_wconf 83' lang='lat' dir='ltr'><em>posse,</em></span> <span class='ocrx_word' id='word_1_270' title='bbox 1276 2440 1360 2495; x_wconf 89' lang='lat' dir='ltr'><em>verbo</em></span> <span class='ocrx_word' id='word_1_271' title='bbox 1397 2448 1425 2496; x_wconf 88' lang='lat' dir='ltr'><em>et</em></span> <span class='ocrx_word' id='word_1_272' title='bbox 1455 2446 1567 2496; x_wconf 87' lang='lat' dir='ltr'><em>externo</em></span> <span class='ocrx_word' id='word_1_273' title='bbox 1599 2442 1735 2497; x_wconf 89' lang='lat' dir='ltr'><em>elemento</em></span> <span class='ocrx_word' id='word_1_274' title='bbox 1768 2442 1960 2497; x_wconf 83' lang='lat' dir='ltr'><em>constantibus</em></span> <span class='ocrx_word' id='word_1_275' title='bbox 1990 2442 2112 2515; x_wconf 79' lang='lat' dir='ltr'><em>signant</em></span> 
     </span>
     <span class='ocr_line' id='line_1_21' title="bbox 418 2526 2112 2601; baseline 0.001 -18"><span class='ocrx_word' id='word_1_276' title='bbox 418 2529 467 2583; x_wconf 90' lang='lat' dir='ltr'><em>sed</em></span> <span class='ocrx_word' id='word_1_277' title='bbox 486 2527 656 2599; x_wconf 81' lang='lat' dir='ltr'><em>imperfecte,</em></span> <span class='ocrx_word' id='word_1_278' title='bbox 681 2537 711 2583; x_wconf 90' lang='lat' dir='ltr'><em>ut</em></span> <span class='ocrx_word' id='word_1_279' title='bbox 730 2529 829 2585; x_wconf 88' lang='lat' dir='ltr'><em>Scotus</em></span> <span class='ocrx_word' id='word_1_280' title='bbox 847 2535 875 2584; x_wconf 91' lang='lat' dir='ltr'><em>et</em></span> <span class='ocrx_word' id='word_1_281' title='bbox 896 2526 992 2597; x_wconf 86' lang='lat' dir='ltr'><em>Sotus;</em></span> <span class='ocrx_word' id='word_1_282' title='bbox 1016 2527 1064 2581; x_wconf 91' lang='lat' dir='ltr'><em>alii</em></span> <span class='ocrx_word' id='word_1_283' title='bbox 1082 2527 1188 2594; x_wconf 84' lang='lat' dir='ltr'><em>volunt,</em></span> <span class='ocrx_word' id='word_1_284' title='bbox 1208 2543 1250 2579; x_wconf 89' lang='lat' dir='ltr'><em>sa·</em></span> <span class='ocrx_word' id='word_1_285' title='bbox 1278 2534 1301 2583; x_wconf 80' lang='lat' dir='ltr'><em>t.</em></span> <span class='ocrx_word' id='word_1_286' title='bbox 1322 2526 1392 2581; x_wconf 90' lang='lat' dir='ltr'><em>Pars</em></span> <span class='ocrx_word' id='word_1_287' title='bbox 1414 2527 1453 2583; x_wconf 88' lang='lat' dir='ltr'><em>rei</em></span> <span class='ocrx_word' id='word_1_288' title='bbox 1474 2545 1529 2582; x_wconf 92' lang='lat' dir='ltr'><em>non</em></span> <span class='ocrx_word' id='word_1_289' title='bbox 1554 2533 1597 2584; x_wconf 86' lang='lat' dir='ltr'><em>est</em></span> <span class='ocrx_word' id='word_1_290' title='bbox 1619 2545 1708 2600; x_wconf 89' lang='lat' dir='ltr'><em>genus</em></span> <span class='ocrx_word' id='word_1_291' title='bbox 1729 2527 1769 2583; x_wconf 91' lang='lat' dir='ltr'><em>rei</em></span> <span class='ocrx_word' id='word_1_292' title='bbox 1792 2533 1824 2582; x_wconf 89' lang='lat' dir='ltr'><em>ut</em></span> <span class='ocrx_word' id='word_1_293' title='bbox 1847 2529 1941 2586; x_wconf 86' lang='lat' dir='ltr'><em>totius.</em></span> <span class='ocrx_word' id='word_1_294' title='bbox 1977 2528 2066 2601; x_wconf 84' lang='lat' dir='ltr'><em>Signa</em></span> <span class='ocrx_word' id='word_1_295' title='bbox 2084 2530 2112 2585; x_wconf 87' lang='lat' dir='ltr'><em>in</em></span> 
     </span>
     <span class='ocr_line' id='line_1_22' title="bbox 417 2612 2113 2686; baseline 0.001 -17"><span class='ocrx_word' id='word_1_296' title='bbox 417 2621 587 2670; x_wconf 80' lang='lat' dir='ltr'><em>crumentum</em></span> <span class='ocrx_word' id='word_1_297' title='bbox 613 2615 724 2686; x_wconf 90' lang='lat' dir='ltr'><em>proprie</em></span> <span class='ocrx_word' id='word_1_298' title='bbox 751 2613 860 2669; x_wconf 86' lang='lat' dir='ltr'><em>definiri</em></span> <span class='ocrx_word' id='word_1_299' title='bbox 889 2630 983 2685; x_wconf 90' lang='lat' dir='ltr'><em>posse,</em></span> <span class='ocrx_word' id='word_1_300' title='bbox 1018 2619 1049 2667; x_wconf 90' lang='grc' dir='ltr'><em>ιιι</em></span> <span class='ocrx_word' id='word_1_301' title='bbox 1076 2612 1249 2668; x_wconf 88' lang='lat' dir='ltr'><em>Ledesmius.</em></span> <span class='ocrx_word' id='word_1_302' title='bbox 1276 2613 1371 2667; x_wconf 86' lang='lat' dir='ltr'><em>oculos</em></span> <span class='ocrx_word' id='word_1_303' title='bbox 1400 2613 1566 2668; x_wconf 88' lang='lat' dir='ltr'><em>incurrentia</em></span> <span class='ocrx_word' id='word_1_304' title='bbox 1596 2620 1661 2667; x_wconf 87' lang='lat' dir='ltr'><em>sunt</em></span> <span class='ocrx_word' id='word_1_305' title='bbox 1688 2630 1753 2683; x_wconf 87' lang='lat' dir='ltr'><em>pars</em></span> <span class='ocrx_word' id='word_1_306' title='bbox 1779 2620 2028 2684; x_wconf 88' lang='lat' dir='ltr'><em>sacramentorum,</em></span> <span class='ocrx_word' id='word_1_307' title='bbox 2057 2632 2113 2671; x_wconf 83' lang='lat' dir='ltr'><em>una</em></span> 
     </span>
     <span class='ocr_line' id='line_1_23' title="bbox 415 2699 2112 2771; baseline 0 -16"><span class='ocrx_word' id='word_1_308' title='bbox 415 2699 600 2755; x_wconf 83' lang='lat' dir='ltr'><em>Bellarminus</em></span> <span class='ocrx_word' id='word_1_309' title='bbox 625 2700 776 2771; x_wconf 83' lang='lat' dir='ltr'><em>concludit,</em></span> <span class='ocrx_word' id='word_1_310' title='bbox 807 2719 860 2753; x_wconf 90' lang='lat' dir='ltr'><em>non</em></span> <span class='ocrx_word' id='word_1_311' title='bbox 879 2700 1007 2769; x_wconf 79' lang='lat' dir='ltr'><em>pbysice,</em></span> <span class='ocrx_word' id='word_1_312' title='bbox 1033 2702 1085 2753; x_wconf 81' lang='lat' dir='ltr'><em>secl</em></span> <span class='ocrx_word' id='word_1_313' title='bbox 1103 2699 1250 2753; x_wconf 73' lang='lat' dir='ltr'><em>moraliter</em></span> <span class='ocrx_word' id='word_1_314' title='bbox 1277 2706 1387 2754; x_wconf 77' lang='lat' dir='ltr'><em>tamem</em></span> <span class='ocrx_word' id='word_1_315' title='bbox 1404 2699 1524 2768; x_wconf 87' lang='lat' dir='ltr'><em>scilicet,</em></span> <span class='ocrx_word' id='word_1_316' title='bbox 1545 2700 1591 2755; x_wconf 93' lang='lat' dir='ltr'><em>cui</em></span> <span class='ocrx_word' id='word_1_317' title='bbox 1610 2699 1743 2771; x_wconf 88' lang='lat' dir='ltr'><em>adjuncta</em></span> <span class='ocrx_word' id='word_1_318' title='bbox 1757 2716 1801 2754; x_wconf 91' lang='lat' dir='ltr'><em>res</em></span> <span class='ocrx_word' id='word_1_319' title='bbox 1818 2700 1944 2755; x_wconf 88' lang='lat' dir='ltr'><em>coelestis</em></span> <span class='ocrx_word' id='word_1_320' title='bbox 1965 2701 2112 2757; x_wconf 79' lang='lat' dir='ltr'><em>invisibilis</em></span> 
     </span>
     <span class='ocr_line' id='line_1_24' title="bbox 415 2785 2111 2858; baseline 0.001 -17"><span class='ocrx_word' id='word_1_321' title='bbox 415 2796 618 2842; x_wconf 83' lang='lat' dir='ltr'><em>sacramentum</em></span> <span class='ocrx_word' id='word_1_322' title='bbox 645 2789 768 2854; x_wconf 79' lang='lat' dir='ltr'><em>definiri</em></span> <span class='ocrx_word' id='word_1_323' title='bbox 787 2806 880 2857; x_wconf 80' lang='lat' dir='ltr'><em>posse.</em></span> <span class='ocrx_word' id='word_1_324' title='bbox 916 2787 983 2858; x_wconf 86' lang='lat' dir='ltr'><em>Cup.</em></span> <span class='ocrx_word' id='word_1_325' title='bbox 1005 2793 1042 2842; x_wconf 95' lang='grc'><em>11.</em></span> <span class='ocrx_word' id='word_1_326' title='bbox 1070 2786 1161 2841; x_wconf 87' lang='lat' dir='ltr'><em>varias</em></span> <span class='ocrx_word' id='word_1_327' title='bbox 1185 2803 1249 2841; x_wconf 91' lang='lat' dir='ltr'><em>cnu·</em></span> <span class='ocrx_word' id='word_1_328' title='bbox 1277 2793 1479 2856; x_wconf 78' lang='lat' dir='ltr'><em>sacramentum</em></span> <span class='ocrx_word' id='word_1_329' title='bbox 1507 2786 1617 2857; x_wconf 88' lang='lat' dir='ltr'><em>proprie</em></span> <span class='ocrx_word' id='word_1_330' title='bbox 1644 2786 1750 2840; x_wconf 90' lang='lat' dir='ltr'><em>dictum</em></span> <span class='ocrx_word' id='word_1_331' title='bbox 1778 2785 1927 2842; x_wconf 89' lang='lat' dir='ltr'><em>constituit.</em></span> <span class='ocrx_word' id='word_1_332' title='bbox 1965 2794 1990 2842; x_wconf 83' lang='lat'><em>5.</em></span> <span class='ocrx_word' id='word_1_333' title='bbox 2015 2786 2111 2845; x_wconf 78' lang='lat' dir='ltr'><em>Gerius</em></span> 
     </span>
     <span class='ocr_line' id='line_1_25' title="bbox 417 2872 2114 2946; baseline 0.001 -18"><span class='ocrx_word' id='word_1_334' title='bbox 417 2881 505 2929; x_wconf 86' lang='lat' dir='ltr'><em>marat</em></span> <span class='ocrx_word' id='word_1_335' title='bbox 523 2874 695 2929; x_wconf 88' lang='lat' dir='ltr'><em>definitiones</em></span> <span class='ocrx_word' id='word_1_336' title='bbox 716 2880 950 2929; x_wconf 87' lang='lat' dir='ltr'><em>sacramentorum</em></span> <span class='ocrx_word' id='word_1_337' title='bbox 997 2881 1017 2928; x_wconf 91' lang='lat' dir='ltr'><em>l.</em></span> <span class='ocrx_word' id='word_1_338' title='bbox 1040 2874 1249 2928; x_wconf 82' lang='lat' dir='ltr'><em>Sacramentum</em></span> <span class='ocrx_word' id='word_1_339' title='bbox 1277 2891 1332 2926; x_wconf 87' lang='lat' dir='ltr'><em>non</em></span> <span class='ocrx_word' id='word_1_340' title='bbox 1359 2872 1443 2928; x_wconf 91' lang='lat' dir='ltr'><em>dcbet</em></span> <span class='ocrx_word' id='word_1_341' title='bbox 1469 2889 1530 2927; x_wconf 87' lang='lat' dir='ltr'><em>esse</em></span> <span class='ocrx_word' id='word_1_342' title='bbox 1558 2872 1727 2943; x_wconf 85' lang='lat' dir='ltr'><em>ambiguum.</em></span> <span class='ocrx_word' id='word_1_343' title='bbox 1773 2872 1861 2942; x_wconf 87' lang='lat' dir='ltr'><em>Atqui</em></span> <span class='ocrx_word' id='word_1_344' title='bbox 1887 2888 1940 2926; x_wconf 86' lang='lat' dir='ltr'><em>vox</em></span> <span class='ocrx_word' id='word_1_345' title='bbox 1970 2873 2045 2946; x_wconf 84' lang='lat' dir='ltr'><em>signi</em></span> <span class='ocrx_word' id='word_1_346' title='bbox 2071 2883 2114 2929; x_wconf 83' lang='lat' dir='ltr'><em>ast</em></span> 
     </span>
     <span class='ocr_line' id='line_1_26' title="bbox 416 2957 2114 3028; baseline 0.001 -14"><span class='ocrx_word' id='word_1_347' title='bbox 416 2970 457 3015; x_wconf 86' lang='lat' dir='ltr'><em>est</em></span> <span class='ocrx_word' id='word_1_348' title='bbox 481 2962 591 3028; x_wconf 75' lang='lat' dir='ltr'><em>sianum</em></span> <span class='ocrx_word' id='word_1_349' title='bbox 619 2963 663 3014; x_wconf 87' lang='lat' dir='ltr'><em>rei</em></span> <span class='ocrx_word' id='word_1_350' title='bbox 689 2978 796 3015; x_wconf 83' lang='lat' dir='ltr'><em>sacrae.</em></span> <span class='ocrx_word' id='word_1_351' title='bbox 840 2963 864 3013; x_wconf 86' lang='lat'><em>2.</em></span> <span class='ocrx_word' id='word_1_352' title='bbox 889 2961 942 3014; x_wconf 89' lang='lat' dir='ltr'><em>Est</em></span> <span class='ocrx_word' id='word_1_353' title='bbox 965 2961 1113 3014; x_wconf 85' lang='lat' dir='ltr'><em>inuisibilis</em></span> <span class='ocrx_word' id='word_1_354' title='bbox 1140 2960 1251 3028; x_wconf 66' lang='lat' dir='ltr'><em>cratiae</em></span> <span class='ocrx_word' id='word_1_355' title='bbox 1277 2958 1417 3028; x_wconf 87' lang='lat' dir='ltr'><em>ambigua,</em></span> <span class='ocrx_word' id='word_1_356' title='bbox 1435 2965 1585 3028; x_wconf 88' lang='lat' dir='ltr'><em>usurpatur</em></span> <span class='ocrx_word' id='word_1_357' title='bbox 1603 2958 1676 3012; x_wconf 91' lang='lat' dir='ltr'><em>enim</em></span> <span class='ocrx_word' id='word_1_358' title='bbox 1695 2976 1712 3011; x_wconf 90' lang='lat' dir='ltr'><em>a</em></span> <span class='ocrx_word' id='word_1_359' title='bbox 1729 2957 1894 3028; x_wconf 89' lang='lat' dir='ltr'><em>quibusdam</em></span> <span class='ocrx_word' id='word_1_360' title='bbox 1911 2958 1939 3012; x_wconf 93' lang='lat' dir='ltr'><em>in</em></span> <span class='ocrx_word' id='word_1_361' title='bbox 1953 2958 2114 3016; x_wconf 82' lang='lat' dir='ltr'><em>definitione</em></span> 
     </span>
     <span class='ocr_line' id='line_1_27' title="bbox 417 3043 2113 3119; baseline 0.001 -20"><span class='ocrx_word' id='word_1_362' title='bbox 417 3048 536 3100; x_wconf 83' lang='lat' dir='ltr'><em>risibilis</em></span> <span class='ocrx_word' id='word_1_363' title='bbox 551 3048 662 3115; x_wconf 76' lang='lat' dir='ltr'><em>farma,</em></span> <span class='ocrx_word' id='word_1_364' title='bbox 688 3065 757 3118; x_wconf 88' lang='lat' dir='ltr'><em>quas</em></span> <span class='ocrx_word' id='word_1_365' title='bbox 776 3047 844 3102; x_wconf 91' lang='lat' dir='ltr'><em>dicit</em></span> <span class='ocrx_word' id='word_1_366' title='bbox 860 3046 953 3119; x_wconf 85' lang='lat' dir='ltr'><em>colligi</em></span> <span class='ocrx_word' id='word_1_367' title='bbox 973 3065 1006 3103; x_wconf 86' lang='lat' dir='ltr'><em>ex</em></span> <span class='ocrx_word' id='word_1_368' title='bbox 1023 3046 1182 3119; x_wconf 87' lang='lat' dir='ltr'><em>Augustino</em></span> <span class='ocrx_word' id='word_1_369' title='bbox 1200 3046 1250 3099; x_wconf 92' lang='lat' dir='ltr'><em>lib.</em></span> <span class='ocrx_word' id='word_1_370' title='bbox 1278 3044 1452 3110; x_wconf 85' lang='lat' dir='ltr'><em>sacramenti,</em></span> <span class='ocrx_word' id='word_1_371' title='bbox 1464 3049 1495 3097; x_wconf 92' lang='lat' dir='ltr'><em>ut</em></span> <span class='ocrx_word' id='word_1_372' title='bbox 1508 3043 1662 3110; x_wconf 86' lang='lat' dir='ltr'><em>denotetur,</em></span> <span class='ocrx_word' id='word_1_373' title='bbox 1675 3048 1909 3099; x_wconf 86' lang='lat' dir='ltr'><em>sacramentorum</em></span> <span class='ocrx_word' id='word_1_374' title='bbox 1923 3050 2010 3099; x_wconf 86' lang='lat' dir='ltr'><em>totam</em></span> <span class='ocrx_word' id='word_1_375' title='bbox 2025 3062 2113 3101; x_wconf 87' lang='lat' dir='ltr'><em>essen·</em></span> 
     </span>
     <span class='ocr_line' id='line_1_28' title="bbox 421 3129 2115 3202; baseline -0.002 -11"><span class='ocrx_word' id='word_1_376' title='bbox 421 3140 458 3191; x_wconf 88' lang='lat'><em>10.</em></span> <span class='ocrx_word' id='word_1_377' title='bbox 479 3132 514 3188; x_wconf 87' lang='lat' dir='ltr'><em>dc</em></span> <span class='ocrx_word' id='word_1_378' title='bbox 532 3133 583 3188; x_wconf 85' lang='lat' dir='ltr'><em>civ.</em></span> <span class='ocrx_word' id='word_1_379' title='bbox 601 3132 654 3187; x_wconf 93' lang='lat' dir='ltr'><em>Dci</em></span> <span class='ocrx_word' id='word_1_380' title='bbox 673 3150 696 3186; x_wconf 92' lang='lat' dir='ltr'><em>c.</em></span> <span class='ocrx_word' id='word_1_381' title='bbox 715 3139 738 3187; x_wconf 89' lang='lat'><em>5.</em></span> <span class='ocrx_word' id='word_1_382' title='bbox 758 3140 832 3187; x_wconf 85' lang='lat' dir='ltr'><em>recte</em></span> <span class='ocrx_word' id='word_1_383' title='bbox 852 3139 944 3187; x_wconf 89' lang='lat' dir='ltr'><em>autem</em></span> <span class='ocrx_word' id='word_1_384' title='bbox 956 3138 1057 3200; x_wconf 91' lang='lat' dir='ltr'><em>monet,</em></span> <span class='ocrx_word' id='word_1_385' title='bbox 1078 3148 1138 3187; x_wconf 88' lang='lat' dir='ltr'><em>esse</em></span> <span class='ocrx_word' id='word_1_386' title='bbox 1152 3132 1251 3202; x_wconf 90' lang='lat' dir='ltr'><em>imper·</em></span> <span class='ocrx_word' id='word_1_387' title='bbox 1279 3131 1344 3184; x_wconf 88' lang='lat' dir='ltr'><em>tiam</em></span> <span class='ocrx_word' id='word_1_388' title='bbox 1371 3131 1401 3183; x_wconf 94' lang='lat' dir='ltr'><em>in</em></span> <span class='ocrx_word' id='word_1_389' title='bbox 1423 3129 1607 3202; x_wconf 85' lang='lat' dir='ltr'><em>significando</em></span> <span class='ocrx_word' id='word_1_390' title='bbox 1636 3131 1801 3200; x_wconf 79' lang='lat' dir='ltr'><em>consistere3</em></span> <span class='ocrx_word' id='word_1_391' title='bbox 1833 3131 1869 3185; x_wconf 90' lang='lat' dir='ltr'><em>ab</em></span> <span class='ocrx_word' id='word_1_392' title='bbox 1893 3132 1955 3186; x_wconf 91' lang='lat' dir='ltr'><em>aliis</em></span> <span class='ocrx_word' id='word_1_393' title='bbox 1978 3150 2060 3197; x_wconf 84' lang='lat' dir='ltr'><em>vero,</em></span> <span class='ocrx_word' id='word_1_394' title='bbox 2085 3141 2115 3187; x_wconf 89' lang='lat' dir='ltr'><em>ut</em></span> 
     </span>
     <span class='ocr_line' id='line_1_29' title="bbox 418 3215 2114 3291; baseline -0.001 -15"><span class='ocrx_word' id='word_1_395' title='bbox 418 3220 513 3276; x_wconf 78' lang='lat' dir='ltr'><em>tectas.</em></span> <span class='ocrx_word' id='word_1_396' title='bbox 549 3223 575 3272; x_wconf 79' lang='grc'><em>3.</em></span> <span class='ocrx_word' id='word_1_397' title='bbox 597 3221 651 3273; x_wconf 88' lang='lat' dir='ltr'><em>Est</em></span> <span class='ocrx_word' id='word_1_398' title='bbox 675 3220 824 3289; x_wconf 82' lang='lat' dir='ltr'><em>corporale</em></span> <span class='ocrx_word' id='word_1_399' title='bbox 848 3219 892 3271; x_wconf 88' lang='lat' dir='ltr'><em>cel</em></span> <span class='ocrx_word' id='word_1_400' title='bbox 918 3220 1066 3273; x_wconf 84' lang='lat' dir='ltr'><em>materiale</em></span> <span class='ocrx_word' id='word_1_401' title='bbox 1091 3220 1252 3273; x_wconf 87' lang='lat' dir='ltr'><em>elementum</em></span> <span class='ocrx_word' id='word_1_402' title='bbox 1279 3215 1341 3270; x_wconf 87' lang='lat' dir='ltr'><em>linis</em></span> <span class='ocrx_word' id='word_1_403' title='bbox 1367 3225 1601 3271; x_wconf 89' lang='lat' dir='ltr'><em>sacramentorum</em></span> <span class='ocrx_word' id='word_1_404' title='bbox 1624 3217 1654 3270; x_wconf 91' lang='lat' dir='ltr'><em>in</em></span> <span class='ocrx_word' id='word_1_405' title='bbox 1679 3216 1861 3288; x_wconf 86' lang='lat' dir='ltr'><em>significando</em></span> <span class='ocrx_word' id='word_1_406' title='bbox 1887 3223 1914 3272; x_wconf 90' lang='lat' dir='ltr'><em>st</em></span> <span class='ocrx_word' id='word_1_407' title='bbox 1939 3218 2114 3291; x_wconf 81' lang='lat' dir='ltr'><em>obsignando</em></span> 
     </span>
     <span class='ocr_line' id='line_1_30' title="bbox 416 3303 1858 3375; baseline 0 -14"><span class='ocrx_word' id='word_1_408' title='bbox 416 3308 493 3373; x_wconf 79' lang='lat' dir='ltr'><em>foris</em></span> <span class='ocrx_word' id='word_1_409' title='bbox 510 3307 680 3359; x_wconf 80' lang='lat' dir='ltr'><em>sensibiliter</em></span> <span class='ocrx_word' id='word_1_410' title='bbox 693 3306 872 3375; x_wconf 79' lang='lat' dir='ltr'><em>propositum</em></span> <span class='ocrx_word' id='word_1_411' title='bbox 890 3322 923 3358; x_wconf 83' lang='lat' dir='ltr'><em>es</em></span> <span class='ocrx_word' id='word_1_412' title='bbox 941 3306 1126 3359; x_wconf 86' lang='lat' dir='ltr'><em>similitudine</em></span> <span class='ocrx_word' id='word_1_413' title='bbox 1139 3323 1252 3375; x_wconf 85' lang='lat' dir='ltr'><em>reprae·</em></span> <span class='ocrx_word' id='word_1_414' title='bbox 1280 3305 1387 3374; x_wconf 88' lang='lat' dir='ltr'><em>positus</em></span> <span class='ocrx_word' id='word_1_415' title='bbox 1404 3303 1457 3357; x_wconf 85' lang='lat' dir='ltr'><em>hac</em></span> <span class='ocrx_word' id='word_1_416' title='bbox 1476 3303 1663 3373; x_wconf 85' lang='lat' dir='ltr'><em>appellatione</em></span> <span class='ocrx_word' id='word_1_417' title='bbox 1681 3304 1858 3373; x_wconf 86' lang='lat' dir='ltr'><em>exprimatur.</em></span> 
     </span>
     <span class='ocr_line' id='line_1_31' title="bbox 410 3381 2115 3461; baseline -0.001 -12"><span class='ocrx_word' id='word_1_418' title='bbox 410 3397 545 3461; x_wconf 83' lang='lat' dir='ltr'><em>&#39;serrtans,</em></span> <span class='ocrx_word' id='word_1_419' title='bbox 564 3410 596 3445; x_wconf 83' lang='lat' dir='ltr'><em>ea</em></span> <span class='ocrx_word' id='word_1_420' title='bbox 614 3393 787 3446; x_wconf 86' lang='lat' dir='ltr'><em>institutione</em></span> <span class='ocrx_word' id='word_1_421' title='bbox 805 3392 975 3459; x_wconf 75' lang='lat' dir='ltr'><em>siqnisicans</em></span> <span class='ocrx_word' id='word_1_422' title='bbox 995 3399 1019 3444; x_wconf 92' lang='lat' dir='ltr'><em>et</em></span> <span class='ocrx_word' id='word_1_423' title='bbox 1039 3409 1071 3444; x_wconf 77' lang='lat' dir='ltr'><em>es</em></span> <span class='ocrx_word' id='word_1_424' title='bbox 1088 3393 1252 3456; x_wconf 86' lang='lat' dir='ltr'><em>sanctifica·</em></span> <span class='ocrx_word' id='word_1_425' title='bbox 1316 3396 1356 3445; x_wconf 82' lang='grc'>23.</span> <span class='ocrx_word' id='word_1_426' title='bbox 1390 3388 1443 3453; x_wconf 84' lang='lat' dir='ltr'><em>Qui</em></span> <span class='ocrx_word' id='word_1_427' title='bbox 1464 3388 1609 3443; x_wconf 86' lang='lat' dir='ltr'><em>Calvinum</em></span> <span class='ocrx_word' id='word_1_428' title='bbox 1631 3396 1799 3460; x_wconf 90' lang='lat' dir='ltr'><em>sequuntur,</em></span> <span class='ocrx_word' id='word_1_429' title='bbox 1824 3389 1919 3445; x_wconf 88' lang='lat' dir='ltr'><em>itidem</em></span> <span class='ocrx_word' id='word_1_430' title='bbox 1941 3381 2115 3447; x_wconf 65' lang='lat' dir='ltr'><em>wemmeuta</em></span> 
     </span>
     <span class='ocr_line' id='line_1_32' title="bbox 418 3475 2114 3547; baseline -0.002 -13"><span class='ocrx_word' id='word_1_431' title='bbox 418 3482 493 3534; x_wconf 84' lang='lat' dir='ltr'><em>tione</em></span> <span class='ocrx_word' id='word_1_432' title='bbox 516 3479 658 3533; x_wconf 87' lang='lat' dir='ltr'><em>continens</em></span> <span class='ocrx_word' id='word_1_433' title='bbox 682 3478 809 3547; x_wconf 73' lang='lat' dir='ltr'><em>aliquam</em></span> <span class='ocrx_word' id='word_1_434' title='bbox 834 3478 1000 3531; x_wconf 72' lang='lat' dir='ltr'><em>invisibilem</em></span> <span class='ocrx_word' id='word_1_435' title='bbox 1024 3486 1049 3530; x_wconf 87' lang='lat' dir='ltr'><em>ct</em></span> <span class='ocrx_word' id='word_1_436' title='bbox 1073 3478 1254 3546; x_wconf 79' lang='lat' dir='ltr'><em>spiritualem</em></span> <span class='ocrx_word' id='word_1_437' title='bbox 1280 3475 1417 3531; x_wconf 90' lang='lat' dir='ltr'><em>definiunt</em></span> <span class='ocrx_word' id='word_1_438' title='bbox 1434 3493 1483 3546; x_wconf 87' lang='lat' dir='ltr'><em>per</em></span> <span class='ocrx_word' id='word_1_439' title='bbox 1501 3475 1589 3546; x_wconf 88' lang='lat' dir='ltr'><em>signa.</em></span> <span class='ocrx_word' id='word_1_440' title='bbox 1627 3478 1657 3509; x_wconf 80' lang='grc'><em>**</em></span> <span class='ocrx_word' id='word_1_441' title='bbox 1664 3477 1704 3529; x_wconf 82' lang='lat' dir='ltr'><em>At</em></span> <span class='ocrx_word' id='word_1_442' title='bbox 1728 3477 1863 3546; x_wconf 78' lang='lat' dir='ltr'><em>quicqrcid</em></span> <span class='ocrx_word' id='word_1_443' title='bbox 1888 3475 2012 3529; x_wconf 80' lang='lat' dir='ltr'><em>accludit</em></span> <span class='ocrx_word' id='word_1_444' title='bbox 2034 3478 2114 3547; x_wconf 71' lang='lat' dir='ltr'><em>prin·</em></span> 
     </span>
     <span class='ocr_line' id='line_1_33' title="bbox 419 3562 2113 3635; baseline -0.001 -16"><span class='ocrx_word' id='word_1_445' title='bbox 419 3565 550 3635; x_wconf 75' lang='lat' dir='ltr'><em>aratiam.</em></span> <span class='ocrx_word' id='word_1_446' title='bbox 586 3562 670 3635; x_wconf 91' lang='lat' dir='ltr'><em>Hugo</em></span> <span class='ocrx_word' id='word_1_447' title='bbox 690 3563 737 3618; x_wconf 93' lang='lat' dir='ltr'><em>lib.</em></span> <span class='ocrx_word' id='word_1_448' title='bbox 760 3571 782 3621; x_wconf 86' lang='lat'><em>1.</em></span> <span class='ocrx_word' id='word_1_449' title='bbox 805 3564 839 3617; x_wconf 89' lang='lat' dir='ltr'><em>ds</em></span> <span class='ocrx_word' id='word_1_450' title='bbox 862 3569 1024 3618; x_wconf 79' lang='lat' dir='ltr'><em>sacrament.</em></span> <span class='ocrx_word' id='word_1_451' title='bbox 1048 3569 1119 3632; x_wconf 85' lang='lat' dir='ltr'><em>part.</em></span> <span class='ocrx_word' id='word_1_452' title='bbox 1139 3567 1162 3616; x_wconf 82' lang='lat' dir='ltr'><em>u.</em></span> <span class='ocrx_word' id='word_1_453' title='bbox 1186 3579 1209 3616; x_wconf 92' lang='lat' dir='ltr'><em>c.</em></span> <span class='ocrx_word' id='word_1_454' title='bbox 1231 3569 1252 3617; x_wconf 87' lang='lat'><em>2.</em></span> <span class='ocrx_word' id='word_1_455' title='bbox 1281 3562 1401 3631; x_wconf 74' lang='lat' dir='ltr'><em>arpalum</em></span> <span class='ocrx_word' id='word_1_456' title='bbox 1431 3569 1543 3631; x_wconf 85' lang='lat' dir='ltr'><em>partem</em></span> <span class='ocrx_word' id='word_1_457' title='bbox 1576 3564 1747 3616; x_wconf 70' lang='lat' dir='ltr'><em>samamenti</em></span> <span class='ocrx_word' id='word_1_458' title='bbox 1774 3581 1807 3617; x_wconf 80' lang='lat' dir='ltr'><em>es</em></span> <span class='ocrx_word' id='word_1_459' title='bbox 1837 3564 1899 3632; x_wconf 73' lang='lat' dir='ltr'><em>apso</em></span> <span class='ocrx_word' id='word_1_460' title='bbox 1928 3572 2113 3629; x_wconf 71' lang='lat' dir='ltr'><em>commento,</em></span> 
     </span>
     <span class='ocr_line' id='line_1_34' title="bbox 420 3648 2114 3719; baseline -0.001 -15"><span class='ocrx_word' id='word_1_461' title='bbox 420 3656 443 3705; x_wconf 77' lang='lat' dir='ltr'><em>t.</em></span> <span class='ocrx_word' id='word_1_462' title='bbox 464 3652 516 3705; x_wconf 81' lang='lat' dir='ltr'><em>Est</em></span> <span class='ocrx_word' id='word_1_463' title='bbox 540 3650 688 3704; x_wconf 65' lang='lat' dir='ltr'><em>inadibilis</em></span> <span class='ocrx_word' id='word_1_464' title='bbox 713 3651 824 3717; x_wconf 75' lang='lat' dir='ltr'><em>pratiae</em></span> <span class='ocrx_word' id='word_1_465' title='bbox 847 3649 967 3704; x_wconf 85' lang='lat' dir='ltr'><em>visibilis</em></span> <span class='ocrx_word' id='word_1_466' title='bbox 984 3651 1100 3716; x_wconf 88' lang='lat' dir='ltr'><em>forma,</em></span> <span class='ocrx_word' id='word_1_467' title='bbox 1128 3648 1253 3715; x_wconf 74' lang='lat' dir='ltr'><em>circadam</em></span> <span class='ocrx_word' id='word_1_468' title='bbox 1280 3649 1357 3702; x_wconf 85' lang='lat' dir='ltr'><em>illud</em></span> <span class='ocrx_word' id='word_1_469' title='bbox 1373 3667 1428 3702; x_wconf 90' lang='lat' dir='ltr'><em>non</em></span> <span class='ocrx_word' id='word_1_470' title='bbox 1443 3656 1537 3717; x_wconf 87' lang='lat' dir='ltr'><em>potest</em></span> <span class='ocrx_word' id='word_1_471' title='bbox 1556 3665 1615 3701; x_wconf 83' lang='lat' dir='ltr'><em>esse</em></span> <span class='ocrx_word' id='word_1_472' title='bbox 1633 3667 1743 3717; x_wconf 87' lang='lat' dir='ltr'><em>oerum,</em></span> <span class='ocrx_word' id='word_1_473' title='bbox 1755 3650 1907 3719; x_wconf 82' lang='lat' dir='ltr'><em>proprium</em></span> <span class='ocrx_word' id='word_1_474' title='bbox 1926 3656 1952 3702; x_wconf 85' lang='lat' dir='ltr'><em>ct</em></span> <span class='ocrx_word' id='word_1_475' title='bbox 1970 3650 2114 3719; x_wconf 76' lang='lat' dir='ltr'><em>adaequa·</em></span> 
     </span>
     <span class='ocr_line' id='line_1_35' title="bbox 420 3732 2114 3810; baseline -0.001 -19"><span class='ocrx_word' id='word_1_476' title='bbox 420 3738 531 3810; x_wconf 77' lang='lat' dir='ltr'><em>pratiae</em></span> <span class='ocrx_word' id='word_1_477' title='bbox 554 3737 704 3805; x_wconf 66' lang='lat' dir='ltr'><em>imaginem</em></span> <span class='ocrx_word' id='word_1_478' title='bbox 723 3753 824 3804; x_wconf 73' lang='lat' dir='ltr'><em>parens</em></span> <span class='ocrx_word' id='word_1_479' title='bbox 843 3745 869 3790; x_wconf 88' lang='lat' dir='ltr'><em>et</em></span> <span class='ocrx_word' id='word_1_480' title='bbox 891 3754 978 3790; x_wconf 73' lang='lat' dir='ltr'><em>carisa</em></span> <span class='ocrx_word' id='word_1_481' title='bbox 997 3736 1135 3789; x_wconf 73' lang='lat' dir='ltr'><em>assistens.</em></span> <span class='ocrx_word' id='word_1_482' title='bbox 1172 3732 1253 3787; x_wconf 91' lang='lat' dir='ltr'><em>Lom·</em></span> <span class='ocrx_word' id='word_1_483' title='bbox 1281 3743 1338 3787; x_wconf 85' lang='lat' dir='ltr'><em>tarn</em></span> <span class='ocrx_word' id='word_1_484' title='bbox 1357 3751 1444 3804; x_wconf 70' lang='lat' dir='ltr'><em>pensis</em></span> <span class='ocrx_word' id='word_1_485' title='bbox 1461 3736 1639 3788; x_wconf 75' lang='lat' dir='ltr'><em>romanensi.</em></span> <span class='ocrx_word' id='word_1_486' title='bbox 1673 3736 1763 3803; x_wconf 81' lang='lat' dir='ltr'><em>Atqui</em></span> <span class='ocrx_word' id='word_1_487' title='bbox 1774 3736 1850 3791; x_wconf 77' lang='lat' dir='ltr'><em>atad</em></span> <span class='ocrx_word' id='word_1_488' title='bbox 1862 3736 1973 3803; x_wconf 68' lang='lat' dir='ltr'><em>aarum</em></span> <span class='ocrx_word' id='word_1_489' title='bbox 1987 3736 2114 3804; x_wconf 62' lang='lat' dir='ltr'><em>asiana</em></span> 
     </span>
     <span class='ocr_line' id='line_1_36' title="bbox 420 3820 2116 3890; baseline -0.001 -12"><span class='ocrx_word' id='word_1_490' title='bbox 420 3823 524 3878; x_wconf 88' lang='lat' dir='ltr'><em>bardus</em></span> <span class='ocrx_word' id='word_1_491' title='bbox 544 3822 590 3876; x_wconf 90' lang='lat' dir='ltr'><em>lib.</em></span> <span class='ocrx_word' id='word_1_492' title='bbox 610 3829 634 3878; x_wconf 78' lang='grc'><em>4.</em></span> <span class='ocrx_word' id='word_1_493' title='bbox 651 3828 721 3878; x_wconf 77' lang='lat' dir='ltr'><em>sent</em></span> <span class='ocrx_word' id='word_1_494' title='bbox 742 3822 805 3877; x_wconf 90' lang='lat' dir='ltr'><em>dist.</em></span> <span class='ocrx_word' id='word_1_495' title='bbox 829 3827 850 3878; x_wconf 93' lang='grc'><em>1,</em></span> <span class='ocrx_word' id='word_1_496' title='bbox 888 3827 913 3875; x_wconf 80' lang='lat' dir='ltr'><em>b.</em></span> <span class='ocrx_word' id='word_1_497' title='bbox 928 3820 1251 3877; x_wconf 79' lang='lat' dir='ltr'><em>Estressenaibuasub-</em></span> <span class='ocrx_word' id='word_1_498' title='bbox 1281 3821 1373 3874; x_wconf 86' lang='lat' dir='ltr'><em>cnlum</em></span> <span class='ocrx_word' id='word_1_499' title='bbox 1401 3821 1430 3872; x_wconf 88' lang='lat' dir='ltr'><em>in</em></span> <span class='ocrx_word' id='word_1_500' title='bbox 1454 3820 1550 3873; x_wconf 81' lang='lat' dir='ltr'><em>schola</em></span> <span class='ocrx_word' id='word_1_501' title='bbox 1571 3822 1684 3875; x_wconf 83' lang='lat' dir='ltr'><em>Caluini</em></span> <span class='ocrx_word' id='word_1_502' title='bbox 1704 3829 1742 3875; x_wconf 84' lang='lat' dir='ltr'><em>est</em></span> <span class='ocrx_word' id='word_1_503' title='bbox 1765 3822 1918 3890; x_wconf 80' lang='lat' dir='ltr'><em>ejusmodi,</em></span> <span class='ocrx_word' id='word_1_504' title='bbox 1936 3829 1966 3875; x_wconf 87' lang='lat' dir='ltr'><em>ut</em></span> <span class='ocrx_word' id='word_1_505' title='bbox 1984 3822 2116 3877; x_wconf 73' lang='lat' dir='ltr'><em>adada</em></span> 
     </span>
     <span class='ocr_line' id='line_1_37' title="bbox 415 3905 2115 3980; baseline 0 -16"><span class='ocrx_word' id='word_1_506' title='bbox 415 3912 508 3980; x_wconf 82' lang='lat' dir='ltr'><em>jecta,</em></span> <span class='ocrx_word' id='word_1_507' title='bbox 533 3926 605 3977; x_wconf 77' lang='lat' dir='ltr'><em>quae</em></span> <span class='ocrx_word' id='word_1_508' title='bbox 624 3926 657 3962; x_wconf 81' lang='lat' dir='ltr'><em>es</em></span> <span class='ocrx_word' id='word_1_509' title='bbox 677 3908 736 3962; x_wconf 88' lang='lat' dir='ltr'><em>Dei</em></span> <span class='ocrx_word' id='word_1_510' title='bbox 753 3908 925 3962; x_wconf 83' lang='lat' dir='ltr'><em>institutione</em></span> <span class='ocrx_word' id='word_1_511' title='bbox 945 3908 1105 3960; x_wconf 86' lang='lat' dir='ltr'><em>sanctitatis</em></span> <span class='ocrx_word' id='word_1_512' title='bbox 1124 3914 1149 3959; x_wconf 87' lang='lat' dir='ltr'><em>et</em></span> <span class='ocrx_word' id='word_1_513' title='bbox 1166 3907 1253 3976; x_wconf 86' lang='lat' dir='ltr'><em>justi·</em></span> <span class='ocrx_word' id='word_1_514' title='bbox 1277 3905 1466 3975; x_wconf 79' lang='lat' dir='ltr'><em>principalem</em></span> <span class='ocrx_word' id='word_1_515' title='bbox 1479 3915 1593 3974; x_wconf 83' lang='lat' dir='ltr'><em>partem</em></span> <span class='ocrx_word' id='word_1_516' title='bbox 1613 3909 1784 3961; x_wconf 83' lang='lat' dir='ltr'><em>sacramenti</em></span> <span class='ocrx_word' id='word_1_517' title='bbox 1800 3925 1833 3961; x_wconf 79' lang='lat' dir='ltr'><em>ea</em></span> <span class='ocrx_word' id='word_1_518' title='bbox 1852 3909 1914 3975; x_wconf 82' lang='lat' dir='ltr'><em>ipso</em></span> <span class='ocrx_word' id='word_1_519' title='bbox 1932 3918 2115 3972; x_wconf 80' lang='lat' dir='ltr'><em>sacramento,</em></span> 
     </span>
     <span class='ocr_line' id='line_1_38' title="bbox 420 3992 2115 4065; baseline -0.001 -16"><span class='ocrx_word' id='word_1_520' title='bbox 420 3996 477 4050; x_wconf 84' lang='lat' dir='ltr'><em>tiae</em></span> <span class='ocrx_word' id='word_1_521' title='bbox 500 4004 558 4048; x_wconf 84' lang='lat' dir='ltr'><em>tarn</em></span> <span class='ocrx_word' id='word_1_522' title='bbox 582 3995 797 4065; x_wconf 66' lang='lat' dir='ltr'><em>significandae</em></span> <span class='ocrx_word' id='word_1_523' title='bbox 821 4003 879 4048; x_wconf 89' lang='lat' dir='ltr'><em>tum</em></span> <span class='ocrx_word' id='word_1_524' title='bbox 903 3994 1068 4064; x_wconf 83' lang='lat' dir='ltr'><em>efficiendae</em></span> <span class='ocrx_word' id='word_1_525' title='bbox 1093 3992 1147 4045; x_wconf 87' lang='lat' dir='ltr'><em>rim</em></span> <span class='ocrx_word' id='word_1_526' title='bbox 1165 3993 1253 4047; x_wconf 85' lang='lat' dir='ltr'><em>babet.</em></span> <span class='ocrx_word' id='word_1_527' title='bbox 1281 4010 1377 4063; x_wconf 86' lang='lat' dir='ltr'><em>nempe</em></span> <span class='ocrx_word' id='word_1_528' title='bbox 1395 4011 1453 4048; x_wconf 89' lang='lat' dir='ltr'><em>rem</em></span> <span class='ocrx_word' id='word_1_529' title='bbox 1470 3993 1628 4061; x_wconf 85' lang='lat' dir='ltr'><em>coelestem,</em></span> <span class='ocrx_word' id='word_1_530' title='bbox 1648 4009 1720 4061; x_wconf 74' lang='lat' dir='ltr'><em>quae</em></span> <span class='ocrx_word' id='word_1_531' title='bbox 1733 3993 1821 4062; x_wconf 78' lang='lat' dir='ltr'><em>jana</em></span> <span class='ocrx_word' id='word_1_532' title='bbox 1842 3992 1989 4046; x_wconf 83' lang='lat' dir='ltr'><em>Caluinum</em></span> <span class='ocrx_word' id='word_1_533' title='bbox 2009 4001 2051 4048; x_wconf 82' lang='lat' dir='ltr'><em>est</em></span> <span class='ocrx_word' id='word_1_534' title='bbox 2071 4010 2115 4047; x_wconf 75' lang='lat' dir='ltr'><em>m</em></span> 
     </span>
     <span class='ocr_line' id='line_1_39' title="bbox 421 4078 2116 4148; baseline -0.002 -9"><span class='ocrx_word' id='word_1_535' title='bbox 421 4080 723 4139; x_wconf 65' lang='lat' dir='ltr'><em>concamiassit:</em></span> <span class='ocrx_word' id='word_1_536' title='bbox 745 4080 955 4133; x_wconf 80' lang='lat' dir='ltr'><em>Sacramentum</em></span> <span class='ocrx_word' id='word_1_537' title='bbox 975 4087 1022 4144; x_wconf 89' lang='lat' dir='ltr'><em>est,</em></span> <span class='ocrx_word' id='word_1_538' title='bbox 1036 4097 1092 4148; x_wconf 81' lang='lat' dir='ltr'><em>per</em></span> <span class='ocrx_word' id='word_1_539' title='bbox 1112 4081 1189 4147; x_wconf 77' lang='lat' dir='ltr'><em>quod</em></span> <span class='ocrx_word' id='word_1_540' title='bbox 1204 4081 1254 4132; x_wconf 85' lang='lat' dir='ltr'><em>sub</em></span> <span class='ocrx_word' id='word_1_541' title='bbox 1281 4081 1402 4148; x_wconf 75' lang='lat' dir='ltr'><em>sipnata.</em></span> <span class='ocrx_word' id='word_1_542' title='bbox 1439 4081 1518 4147; x_wconf 71' lang='lat' dir='ltr'><em>Erpa</em></span> <span class='ocrx_word' id='word_1_543' title='bbox 1537 4078 1647 4147; x_wconf 65' lang='lat' dir='ltr'><em>siquam</em></span> <span class='ocrx_word' id='word_1_544' title='bbox 1665 4086 1691 4132; x_wconf 88' lang='lat' dir='ltr'><em>et</em></span> <span class='ocrx_word' id='word_1_545' title='bbox 1706 4079 1880 4147; x_wconf 78' lang='lat' dir='ltr'><em>sr&#39;pnacuium</em></span> <span class='ocrx_word' id='word_1_546' title='bbox 1896 4096 1951 4133; x_wconf 89' lang='lat' dir='ltr'><em>non</em></span> <span class='ocrx_word' id='word_1_547' title='bbox 1968 4086 2116 4135; x_wconf 80' lang='lat' dir='ltr'><em>estuerurn</em></span> 
     </span>
     <span class='ocr_line' id='line_1_40' title="bbox 420 4165 2114 4238; baseline 0.001 -18"><span class='ocrx_word' id='word_1_548' title='bbox 420 4175 574 4238; x_wconf 78' lang='lat' dir='ltr'><em>teprsmcnto</em></span> <span class='ocrx_word' id='word_1_549' title='bbox 597 4185 692 4220; x_wconf 84' lang='lat' dir='ltr'><em>rerum</em></span> <span class='ocrx_word' id='word_1_550' title='bbox 716 4166 867 4219; x_wconf 84' lang='lat' dir='ltr'><em>visibilium</em></span> <span class='ocrx_word' id='word_1_551' title='bbox 891 4165 989 4218; x_wconf 72' lang='lat' dir='ltr'><em>(lirina</em></span> <span class='ocrx_word' id='word_1_552' title='bbox 1017 4166 1104 4217; x_wconf 85' lang='lat' dir='ltr'><em>uirtus</em></span> <span class='ocrx_word' id='word_1_553' title='bbox 1122 4167 1255 4220; x_wconf 85' lang='lat' dir='ltr'><em>secretius</em></span> <span class='ocrx_word' id='word_1_554' title='bbox 1280 4184 1368 4235; x_wconf 77' lang='lat' dir='ltr'><em>penus</em></span> <span class='ocrx_word' id='word_1_555' title='bbox 1385 4166 1561 4218; x_wconf 85' lang='lat' dir='ltr'><em>sacramenti.</em></span> <span class='ocrx_word' id='word_1_556' title='bbox 1593 4165 1693 4217; x_wconf 88' lang='lat' dir='ltr'><em>Minor</em></span> <span class='ocrx_word' id='word_1_557' title='bbox 1700 4174 1792 4233; x_wconf 84' lang='lat' dir='ltr'><em>patet,</em></span> <span class='ocrx_word' id='word_1_558' title='bbox 1809 4183 1874 4218; x_wconf 88' lang='lat' dir='ltr'><em>nam</em></span> <span class='ocrx_word' id='word_1_559' title='bbox 1888 4166 1996 4219; x_wconf 85' lang='lat' dir='ltr'><em>nullum</em></span> <span class='ocrx_word' id='word_1_560' title='bbox 2006 4167 2114 4235; x_wconf 74' lang='lat' dir='ltr'><em>sianum</em></span> 
     </span>
     <span class='ocr_line' id='line_1_41' title="bbox 420 4250 2114 4322; baseline 0.002 -17"><span class='ocrx_word' id='word_1_561' title='bbox 420 4254 537 4306; x_wconf 67' lang='lat' dir='ltr'><em>salertam</em></span> <span class='ocrx_word' id='word_1_562' title='bbox 567 4262 709 4321; x_wconf 78' lang='lat' dir='ltr'><em>operat-ur.</em></span> <span class='ocrx_word' id='word_1_563' title='bbox 747 4269 770 4307; x_wconf 91' lang='lat' dir='ltr'><em>c.</em></span> <span class='ocrx_word' id='word_1_564' title='bbox 793 4250 875 4305; x_wconf 87' lang='lat' dir='ltr'><em>Multi</em></span> <span class='ocrx_word' id='word_1_565' title='bbox 902 4250 1068 4304; x_wconf 90' lang='lat' dir='ltr'><em>secularium</em></span> <span class='ocrx_word' id='word_1_566' title='bbox 1100 4259 1120 4305; x_wconf 95' lang='grc'><em>1.</em></span> <span class='ocrx_word' id='word_1_567' title='bbox 1156 4268 1201 4322; x_wconf 90' lang='lat' dir='ltr'><em>qu.</em></span> <span class='ocrx_word' id='word_1_568' title='bbox 1232 4259 1253 4308; x_wconf 92' lang='grc'><em>1.</em></span> <span class='ocrx_word' id='word_1_569' title='bbox 1281 4250 1657 4321; x_wconf 74' lang='lat' dir='ltr'><em>ostsuumsipnatum,sicut</em></span> <span class='ocrx_word' id='word_1_570' title='bbox 1671 4251 1907 4304; x_wconf 87' lang='lat' dir='ltr'><em>nuilumrelatum</em></span> <span class='ocrx_word' id='word_1_571' title='bbox 1916 4258 2114 4308; x_wconf 83' lang='lat' dir='ltr'><em>estsuumcar-</em></span> 
     </span>
     <span class='ocr_line' id='line_1_42' title="bbox 422 4335 2115 4406; baseline 0.002 -13"><span class='ocrx_word' id='word_1_572' title='bbox 422 4338 495 4405; x_wconf 83' lang='lat' dir='ltr'><em>Quid</em></span> <span class='ocrx_word' id='word_1_573' title='bbox 525 4338 554 4391; x_wconf 92' lang='lat' dir='ltr'><em>in</em></span> <span class='ocrx_word' id='word_1_574' title='bbox 581 4337 624 4392; x_wconf 89' lang='lat' dir='ltr'><em>his</em></span> <span class='ocrx_word' id='word_1_575' title='bbox 652 4336 860 4391; x_wconf 84' lang='lat' dir='ltr'><em>definitionibus</em></span> <span class='ocrx_word' id='word_1_576' title='bbox 884 4335 1032 4406; x_wconf 87' lang='lat' dir='ltr'><em>probemus</em></span> <span class='ocrx_word' id='word_1_577' title='bbox 1057 4336 1100 4391; x_wconf 89' lang='lat' dir='ltr'><em>vol</em></span> <span class='ocrx_word' id='word_1_578' title='bbox 1119 4336 1253 4406; x_wconf 88' lang='lat' dir='ltr'><em>improbe·</em></span> <span class='ocrx_word' id='word_1_579' title='bbox 1280 4340 1407 4393; x_wconf 86' lang='lat' dir='ltr'><em>relatam.</em></span> <span class='ocrx_word' id='word_1_580' title='bbox 1439 4339 1524 4393; x_wconf 88' lang='lat' dir='ltr'><em>Omne</em></span> <span class='ocrx_word' id='word_1_581' title='bbox 1540 4338 1745 4390; x_wconf 87' lang='lat' dir='ltr'><em>enimrelatum</em></span> <span class='ocrx_word' id='word_1_582' title='bbox 1758 4338 1917 4393; x_wconf 81' lang='lat' dir='ltr'><em>dicitarad</em></span> <span class='ocrx_word' id='word_1_583' title='bbox 1929 4339 2013 4393; x_wconf 85' lang='lat' dir='ltr'><em>aliud</em></span> <span class='ocrx_word' id='word_1_584' title='bbox 2025 4349 2051 4394; x_wconf 84' lang='lat' dir='ltr'><em>ot</em></span> <span class='ocrx_word' id='word_1_585' title='bbox 2064 4342 2115 4396; x_wconf 85' lang='lat' dir='ltr'><em>boc</em></span> 
     </span>
     <span class='ocr_line' id='line_1_43' title="bbox 421 4421 2114 4496; baseline 0.002 -19"><span class='ocrx_word' id='word_1_586' title='bbox 421 4441 490 4488; x_wconf 91' lang='lat' dir='ltr'><em>mus,</em></span> <span class='ocrx_word' id='word_1_587' title='bbox 503 4441 535 4478; x_wconf 86' lang='lat' dir='ltr'><em>ex</em></span> <span class='ocrx_word' id='word_1_588' title='bbox 546 4422 724 4495; x_wconf 87' lang='lat' dir='ltr'><em>sequentibus</em></span> <span class='ocrx_word' id='word_1_589' title='bbox 735 4421 912 4476; x_wconf 86' lang='lat' dir='ltr'><em>manifestum</em></span> <span class='ocrx_word' id='word_1_590' title='bbox 922 4421 982 4476; x_wconf 88' lang='lat' dir='ltr'><em>erit.</em></span> <span class='ocrx_word' id='word_1_591' title='bbox 1010 4421 1077 4491; x_wconf 85' lang='lat' dir='ltr'><em>Cap.</em></span> <span class='ocrx_word' id='word_1_592' title='bbox 1093 4427 1128 4477; x_wconf 88' lang='grc'><em>12.</em></span> <span class='ocrx_word' id='word_1_593' title='bbox 1140 4423 1256 4492; x_wconf 84' lang='lat' dir='ltr'><em>quaerit,</em></span> <span class='ocrx_word' id='word_1_594' title='bbox 1281 4428 1373 4494; x_wconf 68' lang='lat' dir='ltr'><em>ipsium</em></span> <span class='ocrx_word' id='word_1_595' title='bbox 1393 4427 1469 4493; x_wconf 80' lang='lat' dir='ltr'><em>qrrod</em></span> <span class='ocrx_word' id='word_1_596' title='bbox 1487 4432 1540 4487; x_wconf 83' lang='lat' dir='ltr'><em>est,</em></span> <span class='ocrx_word' id='word_1_597' title='bbox 1559 4424 1677 4477; x_wconf 76' lang='lat' dir='ltr'><em>alterius</em></span> <span class='ocrx_word' id='word_1_598' title='bbox 1697 4432 1744 4480; x_wconf 81' lang='lat' dir='ltr'><em>cst,</em></span> <span class='ocrx_word' id='word_1_599' title='bbox 1781 4425 1869 4478; x_wconf 86' lang='lat' dir='ltr'><em>Pater</em></span> <span class='ocrx_word' id='word_1_600' title='bbox 1889 4432 1928 4478; x_wconf 91' lang='lat' dir='ltr'><em>cst</em></span> <span class='ocrx_word' id='word_1_601' title='bbox 1945 4425 2010 4487; x_wconf 79' lang='lat' dir='ltr'><em>filii</em></span> <span class='ocrx_word' id='word_1_602' title='bbox 2019 4435 2114 4496; x_wconf 81' lang='lat' dir='ltr'><em>pater,</em></span> 
     </span>
     <span class='ocr_line' id='line_1_44' title="bbox 422 4510 2117 4581; baseline 0.002 -17"><span class='ocrx_word' id='word_1_603' title='bbox 422 4530 459 4565; x_wconf 87' lang='lat' dir='ltr'><em>an</em></span> <span class='ocrx_word' id='word_1_604' title='bbox 482 4511 666 4578; x_wconf 79' lang='lat' dir='ltr'><em>definitiones</em></span> <span class='ocrx_word' id='word_1_605' title='bbox 691 4510 761 4563; x_wconf 88' lang='lat' dir='ltr'><em>illae</em></span> <span class='ocrx_word' id='word_1_606' title='bbox 783 4510 948 4563; x_wconf 85' lang='lat' dir='ltr'><em>conueniant</em></span> <span class='ocrx_word' id='word_1_607' title='bbox 965 4510 1078 4561; x_wconf 74' lang='lat' dir='ltr'><em>univoce</em></span> <span class='ocrx_word' id='word_1_608' title='bbox 1098 4526 1255 4562; x_wconf 84' lang='lat' dir='ltr'><em>sacramen·</em></span> <span class='ocrx_word' id='word_1_609' title='bbox 1281 4530 1337 4565; x_wconf 87' lang='lat' dir='ltr'><em>non</em></span> <span class='ocrx_word' id='word_1_610' title='bbox 1357 4519 1449 4564; x_wconf 78' lang='grc' dir='ltr'>αιιιιιιι</span> <span class='ocrx_word' id='word_1_611' title='bbox 1473 4519 1555 4580; x_wconf 85' lang='lat' dir='ltr'><em>pater</em></span> <span class='ocrx_word' id='word_1_612' title='bbox 1574 4518 1614 4563; x_wconf 88' lang='lat' dir='ltr'><em>est</em></span> <span class='ocrx_word' id='word_1_613' title='bbox 1632 4510 1723 4573; x_wconf 77' lang='lat' dir='ltr'><em>silius.</em></span> <span class='ocrx_word' id='word_1_614' title='bbox 1763 4511 1810 4564; x_wconf 86' lang='lat' dir='ltr'><em>Sic</em></span> <span class='ocrx_word' id='word_1_615' title='bbox 1827 4511 1937 4581; x_wconf 68' lang='lat' dir='ltr'><em>signam</em></span> <span class='ocrx_word' id='word_1_616' title='bbox 1955 4519 1996 4566; x_wconf 82' lang='lat' dir='ltr'><em>est</em></span> <span class='ocrx_word' id='word_1_617' title='bbox 2013 4512 2117 4581; x_wconf 60' lang='lat' dir='ltr'><em>manati</em></span> 
     </span>
     <span class='ocr_line' id='line_1_45' title="bbox 422 4593 2117 4667; baseline 0.002 -18"><span class='ocrx_word' id='word_1_618' title='bbox 422 4598 457 4650; x_wconf 87' lang='lat' dir='ltr'><em>tis</em></span> <span class='ocrx_word' id='word_1_619' title='bbox 481 4597 552 4666; x_wconf 71' lang='lat' dir='ltr'><em>legis</em></span> <span class='ocrx_word' id='word_1_620' title='bbox 577 4597 676 4650; x_wconf 84' lang='lat' dir='ltr'><em>ceteris</em></span> <span class='ocrx_word' id='word_1_621' title='bbox 702 4604 727 4649; x_wconf 86' lang='grc' dir='ltr'><em>ιι</em></span> <span class='ocrx_word' id='word_1_622' title='bbox 744 4613 844 4663; x_wconf 82' lang='lat' dir='ltr'><em>novae,</em></span> <span class='ocrx_word' id='word_1_623' title='bbox 868 4593 916 4648; x_wconf 91' lang='lat' dir='ltr'><em>ubi</em></span> <span class='ocrx_word' id='word_1_624' title='bbox 935 4595 1006 4648; x_wconf 87' lang='lat' dir='ltr'><em>duas</em></span> <span class='ocrx_word' id='word_1_625' title='bbox 1024 4593 1256 4651; x_wconf 76' lang='lat' dir='ltr'><em>scholasticorum</em></span> <span class='ocrx_word' id='word_1_626' title='bbox 1281 4598 1399 4665; x_wconf 71' lang='lat' dir='ltr'><em>sionem,</em></span> <span class='ocrx_word' id='word_1_627' title='bbox 1420 4606 1445 4649; x_wconf 87' lang='lat' dir='ltr'><em>et</em></span> <span class='ocrx_word' id='word_1_628' title='bbox 1466 4598 1607 4667; x_wconf 66' lang='lat' dir='ltr'><em>signatum</em></span> <span class='ocrx_word' id='word_1_629' title='bbox 1627 4604 1666 4649; x_wconf 85' lang='lat' dir='ltr'><em>est</em></span> <span class='ocrx_word' id='word_1_630' title='bbox 1678 4597 1724 4648; x_wconf 87' lang='lat' dir='ltr'><em>sui</em></span> <span class='ocrx_word' id='word_1_631' title='bbox 1734 4597 1966 4665; x_wconf 75' lang='lat' dir='ltr'><em>sianisipnatnm.</em></span> <span class='ocrx_word' id='word_1_632' title='bbox 2000 4598 2117 4666; x_wconf 68' lang='lat' dir='ltr'><em>Signum</em></span> 
     </span>
     <span class='ocr_line' id='line_1_46' title="bbox 421 4668 2117 4753; baseline 0.001 -15"><span class='ocrx_word' id='word_1_633' title='bbox 421 4683 517 4753; x_wconf 84' lang='lat' dir='ltr'><em>copias</em></span> <span class='ocrx_word' id='word_1_634' title='bbox 537 4689 633 4737; x_wconf 90' lang='lat' dir='ltr'><em>mutuo</em></span> <span class='ocrx_word' id='word_1_635' title='bbox 652 4681 833 4753; x_wconf 84' lang='lat' dir='ltr'><em>confligentes</em></span> <span class='ocrx_word' id='word_1_636' title='bbox 854 4680 980 4752; x_wconf 89' lang='lat' dir='ltr'><em>producit</em></span> <span class='ocrx_word' id='word_1_637' title='bbox 999 4681 1188 4748; x_wconf 86' lang='lat' dir='ltr'><em>Lombardus,</em></span> <span class='ocrx_word' id='word_1_638' title='bbox 1207 4683 1256 4737; x_wconf 86' lang='lat' dir='ltr'><em>Al·</em></span> <span class='ocrx_word' id='word_1_639' title='bbox 1282 4668 1375 4737; x_wconf 76' lang='lat' dir='ltr'><em>autem</em></span> <span class='ocrx_word' id='word_1_640' title='bbox 1399 4702 1454 4736; x_wconf 87' lang='lat' dir='ltr'><em>non</em></span> <span class='ocrx_word' id='word_1_641' title='bbox 1480 4693 1520 4736; x_wconf 83' lang='lat' dir='ltr'><em>cst</em></span> <span class='ocrx_word' id='word_1_642' title='bbox 1544 4684 1700 4750; x_wconf 76' lang='lat' dir='ltr'><em>aipnatnm,</em></span> <span class='ocrx_word' id='word_1_643' title='bbox 1725 4701 1775 4737; x_wconf 90' lang='lat' dir='ltr'><em>nec</em></span> <span class='ocrx_word' id='word_1_644' title='bbox 1799 4684 1938 4751; x_wconf 65' lang='lat' dir='ltr'><em>agnatum</em></span> <span class='ocrx_word' id='word_1_645' title='bbox 1957 4692 1982 4737; x_wconf 82' lang='lat' dir='ltr'><em>et</em></span> <span class='ocrx_word' id='word_1_646' title='bbox 2000 4685 2117 4752; x_wconf 65' lang='lat' dir='ltr'><em>aarum.</em></span> 
     </span>
     <span class='ocr_line' id='line_1_47' title="bbox 423 4767 2104 4839; baseline 0.001 -16"><span class='ocrx_word' id='word_1_647' title='bbox 423 4771 527 4833; x_wconf 84' lang='lat' dir='ltr'><em>hortus,</em></span> <span class='ocrx_word' id='word_1_648' title='bbox 545 4768 674 4837; x_wconf 87' lang='lat' dir='ltr'><em>Thomas,</em></span> <span class='ocrx_word' id='word_1_649' title='bbox 695 4768 890 4823; x_wconf 86' lang='lat' dir='ltr'><em>Bonaventura</em></span> <span class='ocrx_word' id='word_1_650' title='bbox 908 4773 1026 4838; x_wconf 88' lang='lat' dir='ltr'><em>negant·</em></span> <span class='ocrx_word' id='word_1_651' title='bbox 1044 4767 1117 4823; x_wconf 90' lang='lat' dir='ltr'><em>idem</em></span> <span class='ocrx_word' id='word_1_652' title='bbox 1127 4768 1257 4839; x_wconf 89' lang='lat' dir='ltr'><em>Thomas,</em></span> <span class='ocrx_word' id='word_1_653' title='bbox 1285 4770 1319 4823; x_wconf 87' lang='lat' dir='ltr'><em>Si</em></span> <span class='ocrx_word' id='word_1_654' title='bbox 1336 4787 1402 4837; x_wconf 72' lang='lat' dir='ltr'><em>erqo</em></span> <span class='ocrx_word' id='word_1_655' title='bbox 1424 4778 1632 4823; x_wconf 71' lang='lat' dir='ltr'><em>samarnontum</em></span> <span class='ocrx_word' id='word_1_656' title='bbox 1650 4770 1832 4836; x_wconf 69' lang='lat' dir='ltr'><em>celsianum,</em></span> <span class='ocrx_word' id='word_1_657' title='bbox 1853 4771 2104 4838; x_wconf 75' lang='lat' dir='ltr'><em>erporcssipnata</em></span> 
     </span>
     <span class='ocr_line' id='line_1_48' title="bbox 423 4853 2117 4925; baseline 0.001 -14"><span class='ocrx_word' id='word_1_658' title='bbox 423 4856 585 4917; x_wconf 86' lang='lat' dir='ltr'><em>Dominicus</em></span> <span class='ocrx_word' id='word_1_659' title='bbox 604 4872 621 4908; x_wconf 93' lang='lat' dir='ltr'><em>a</em></span> <span class='ocrx_word' id='word_1_660' title='bbox 641 4854 707 4909; x_wconf 88' lang='lat' dir='ltr'><em>Sota</em></span> <span class='ocrx_word' id='word_1_661' title='bbox 726 4860 754 4910; x_wconf 87' lang='lat' dir='ltr'><em>et</em></span> <span class='ocrx_word' id='word_1_662' title='bbox 773 4854 908 4908; x_wconf 87' lang='lat' dir='ltr'><em>Martinus</em></span> <span class='ocrx_word' id='word_1_663' title='bbox 927 4853 1089 4909; x_wconf 87' lang='lat' dir='ltr'><em>Ledcsmius</em></span> <span class='ocrx_word' id='word_1_664' title='bbox 1108 4855 1256 4910; x_wconf 83' lang='lat' dir='ltr'><em>affirmant</em></span> <span class='ocrx_word' id='word_1_665' title='bbox 1283 4875 1339 4909; x_wconf 89' lang='lat' dir='ltr'><em>non</em></span> <span class='ocrx_word' id='word_1_666' title='bbox 1352 4857 1477 4924; x_wconf 84' lang='lat' dir='ltr'><em>pertinet</em></span> <span class='ocrx_word' id='word_1_667' title='bbox 1466 4856 1567 4909; x_wconf 89' lang='lat' dir='ltr'><em>tad</em></span> <span class='ocrx_word' id='word_1_668' title='bbox 1556 4874 1648 4925; x_wconf 76' lang='lat' dir='ltr'><em>ipsam</em></span> <span class='ocrx_word' id='word_1_669' title='bbox 1666 4856 1838 4909; x_wconf 83' lang='lat' dir='ltr'><em>sacramenti</em></span> <span class='ocrx_word' id='word_1_670' title='bbox 1859 4856 2005 4909; x_wconf 87' lang='lat' dir='ltr'><em>essentiam</em></span> <span class='ocrx_word' id='word_1_671' title='bbox 2026 4865 2052 4911; x_wconf 87' lang='lat' dir='ltr'><em>et</em></span> <span class='ocrx_word' id='word_1_672' title='bbox 2069 4876 2117 4912; x_wconf 91' lang='lat' dir='ltr'><em>na·</em></span> 
     </span>
     <span class='ocr_line' id='line_1_49' title="bbox 425 4929 2119 5050; baseline -0.001 -52"><span class='ocrx_word' id='word_1_673' title='bbox 425 4942 609 4998; x_wconf 88' lang='lat' dir='ltr'><em>Bellarminus</em></span> <span class='ocrx_word' id='word_1_674' title='bbox 628 4940 761 4995; x_wconf 89' lang='lat' dir='ltr'><em>arbitrum</em></span> <span class='ocrx_word' id='word_1_675' title='bbox 780 4958 809 4995; x_wconf 90' lang='lat' dir='ltr'><em>se</em></span> <span class='ocrx_word' id='word_1_676' title='bbox 830 4958 895 4995; x_wconf 91' lang='lat' dir='ltr'><em>cons</em></span> <span class='ocrx_word' id='word_1_677' title='bbox 896 4940 972 4995; x_wconf 86' lang='lat' dir='ltr'><em>tituit</em></span> <span class='ocrx_word' id='word_1_678' title='bbox 985 4948 1013 4994; x_wconf 89' lang='lat' dir='ltr'><em>et</em></span> <span class='ocrx_word' id='word_1_679' title='bbox 1027 4940 1171 4995; x_wconf 87' lang='lat' dir='ltr'><em>dissidium</em></span> <span class='ocrx_word' id='word_1_680' title='bbox 1185 4960 1257 4997; x_wconf 87' lang='lat' dir='ltr'><em>com·</em></span> <span class='ocrx_word' id='word_1_681' title='bbox 1268 4929 1390 5050; x_wconf 75' lang='grc' dir='ltr'><em>Ιιιινιιιιι,</em></span> <span class='ocrx_word' id='word_1_682' title='bbox 1418 4944 1471 4994; x_wconf 77' lang='lat' dir='ltr'><em>scel</em></span> <span class='ocrx_word' id='word_1_683' title='bbox 1497 4950 1536 4995; x_wconf 82' lang='lat' dir='ltr'><em>cst</em></span> <span class='ocrx_word' id='word_1_684' title='bbox 1566 4949 1645 4995; x_wconf 77' lang='lat' dir='ltr'><em>cetra</em></span> <span class='ocrx_word' id='word_1_685' title='bbox 1673 4959 1733 4994; x_wconf 89' lang='lat' dir='ltr'><em>eam</em></span> <span class='ocrx_word' id='word_1_686' title='bbox 1758 4951 1783 4996; x_wconf 92' lang='lat' dir='ltr'><em>et</em></span> <span class='ocrx_word' id='word_1_687' title='bbox 1809 4942 1844 4995; x_wconf 92' lang='lat' dir='ltr'><em>ab</em></span> <span class='ocrx_word' id='word_1_688' title='bbox 1862 4959 1894 4995; x_wconf 87' lang='lat' dir='ltr'><em>ea</em></span> <span class='ocrx_word' id='word_1_689' title='bbox 1915 4959 1998 5010; x_wconf 79' lang='lat' dir='ltr'><em>qnam</em></span> <span class='ocrx_word' id='word_1_690' title='bbox 2017 4944 2119 5012; x_wconf 81' lang='lat' dir='ltr'><em>optima</em></span> 
     </span>
    </p>
   </div>
   <div class='ocr_carea' id='block_1_3' title="bbox 425 4977 2118 5148">
    <p class='ocr_par' dir='ltr' id='par_1_3' title="bbox 425 4977 2118 5148">
     <span class='ocr_line' id='line_1_50' title="bbox 425 4977 2118 5148; baseline 0.001 -64"><span class='ocrx_word' id='word_1_691' title='bbox 425 5045 527 5101; x_wconf 86' lang='lat' dir='ltr'><em>ponere</em></span> <span class='ocrx_word' id='word_1_692' title='bbox 552 5027 663 5095; x_wconf 89' lang='lat' dir='ltr'><em>nititur,</em></span> <span class='ocrx_word' id='word_1_693' title='bbox 689 5027 756 5097; x_wconf 92' lang='lat' dir='ltr'><em>quid</em></span> <span class='ocrx_word' id='word_1_694' title='bbox 782 5026 965 5097; x_wconf 88' lang='lat' dir='ltr'><em>praestiterit,</em></span> <span class='ocrx_word' id='word_1_695' title='bbox 989 5027 1097 5096; x_wconf 87' lang='lat' dir='ltr'><em>patebit</em></span> <span class='ocrx_word' id='word_1_696' title='bbox 1118 5045 1150 5083; x_wconf 85' lang='lat' dir='ltr'><em>ex</em></span> <span class='ocrx_word' id='word_1_697' title='bbox 1175 5046 1256 5098; x_wconf 87' lang='lat' dir='ltr'><em>quaa·</em></span> <span class='ocrx_word' id='word_1_698' title='bbox 1269 4977 1374 5148; x_wconf 45' lang='lat' dir='ltr'><em>{potest</em></span> <span class='ocrx_word' id='word_1_699' title='bbox 1399 5028 1540 5096; x_wconf 84' lang='lat' dir='ltr'><em>separari.</em></span> <span class='ocrx_word' id='word_1_700' title='bbox 1589 5027 1735 5081; x_wconf 84' lang='lat' dir='ltr'><em>Menzerus</em></span> <span class='ocrx_word' id='word_1_701' title='bbox 1764 5036 1829 5082; x_wconf 89' lang='lat' dir='ltr'><em>tom.</em></span> <span class='ocrx_word' id='word_1_702' title='bbox 1856 5033 1880 5083; x_wconf 83' lang='lat'><strong>2</strong></span> <span class='ocrx_word' id='word_1_703' title='bbox 1912 5027 1982 5097; x_wconf 91' lang='lat' dir='ltr'><em>disp</em></span> <span class='ocrx_word' id='word_1_704' title='bbox 2010 5027 2118 5085; x_wconf 84' lang='lat' dir='ltr'><em>Gissen</em></span> 
     </span>
    </p>
   </div>
   <div class='ocr_carea' id='block_1_4' title="bbox 291 5112 2135 6089">
    <p class='ocr_par' dir='ltr' id='par_1_4' title="bbox 291 5112 2135 6048">
     <span class='ocr_line' id='line_1_51' title="bbox 424 5112 2119 5186; baseline -0.001 -16"><span class='ocrx_word' id='word_1_705' title='bbox 424 5116 603 5183; x_wconf 85' lang='lat' dir='ltr'><em>stiona,an</em></span> <span class='ocrx_word' id='word_1_706' title='bbox 567 5113 840 5169; x_wconf 38' lang='lat' dir='ltr'><em>wsacramean</em></span> <span class='ocrx_word' id='word_1_707' title='bbox 853 5113 884 5168; x_wconf 88' lang='lat' dir='ltr'><em>T.</em></span> <span class='ocrx_word' id='word_1_708' title='bbox 903 5113 999 5167; x_wconf 89' lang='lat' dir='ltr'><em>itidem</em></span> <span class='ocrx_word' id='word_1_709' title='bbox 1017 5112 1259 5169; x_wconf 84' lang='lat' dir='ltr'><em>fuerintefficacia</em></span> <span class='ocrx_word' id='word_1_710' title='bbox 1285 5113 1585 5185; x_wconf 76' lang='lat' dir='ltr'><em>disput.b.th.15.**</em></span> <span class='ocrx_word' id='word_1_711' title='bbox 1621 5113 1749 5169; x_wconf 83' lang='lat' dir='ltr'><em>Ceterum</em></span> <span class='ocrx_word' id='word_1_712' title='bbox 1768 5113 1907 5183; x_wconf 88' lang='lat' dir='ltr'><em>duplicem</em></span> <span class='ocrx_word' id='word_1_713' title='bbox 1927 5121 2020 5168; x_wconf 89' lang='lat' dir='ltr'><em>autem</em></span> <span class='ocrx_word' id='word_1_714' title='bbox 2036 5114 2119 5186; x_wconf 79' lang='lat' dir='ltr'><em>signi·</em></span> 
     </span>
     <span class='ocr_line' id='line_1_52' title="bbox 426 5198 2119 5272; baseline 0.001 -16"><span class='ocrx_word' id='word_1_715' title='bbox 426 5202 515 5259; x_wconf 76' lang='lat' dir='ltr'><em>inedia</em></span> <span class='ocrx_word' id='word_1_716' title='bbox 538 5200 644 5272; x_wconf 66' lang='lat' dir='ltr'><em>gratim</em></span> <span class='ocrx_word' id='word_1_717' title='bbox 664 5207 692 5254; x_wconf 89' lang='lat' dir='ltr'><em>et</em></span> <span class='ocrx_word' id='word_1_718' title='bbox 711 5198 878 5253; x_wconf 87' lang='lat' dir='ltr'><em>remissionis</em></span> <span class='ocrx_word' id='word_1_719' title='bbox 903 5206 1088 5267; x_wconf 89' lang='lat' dir='ltr'><em>pcccatorum.</em></span> <span class='ocrx_word' id='word_1_720' title='bbox 1130 5199 1188 5270; x_wconf 81' lang='lat' dir='ltr'><em>Cap</em></span> <span class='ocrx_word' id='word_1_721' title='bbox 1219 5207 1258 5256; x_wconf 77' lang='lat'><em>13.</em></span> <span class='ocrx_word' id='word_1_722' title='bbox 1284 5198 1466 5255; x_wconf 85' lang='lat' dir='ltr'><em>ficationem</em></span> <span class='ocrx_word' id='word_1_723' title='bbox 1459 5217 1488 5252; x_wconf 89' lang='grc' dir='ltr'><em>ιιι</em></span> <span class='ocrx_word' id='word_1_724' title='bbox 1505 5200 1685 5254; x_wconf 87' lang='lat' dir='ltr'><em>sacramentis</em></span> <span class='ocrx_word' id='word_1_725' title='bbox 1699 5199 1883 5254; x_wconf 89' lang='lat' dir='ltr'><em>constituunt:</em></span> <span class='ocrx_word' id='word_1_726' title='bbox 1903 5217 1994 5269; x_wconf 84' lang='lat' dir='ltr'><em>unam,</em></span> <span class='ocrx_word' id='word_1_727' title='bbox 2010 5218 2119 5272; x_wconf 84' lang='lat' dir='ltr'><em>quares</em></span> 
     </span>
     <span class='ocr_line' id='line_1_53' title="bbox 425 5283 2119 5357; baseline -0.002 -13"><span class='ocrx_word' id='word_1_728' title='bbox 425 5294 540 5344; x_wconf 87' lang='lat' dir='ltr'><em>conatur</em></span> <span class='ocrx_word' id='word_1_729' title='bbox 559 5286 708 5357; x_wconf 84' lang='lat' dir='ltr'><em>infringere</em></span> <span class='ocrx_word' id='word_1_730' title='bbox 729 5301 776 5352; x_wconf 90' lang='lat' dir='ltr'><em>ea,</em></span> <span class='ocrx_word' id='word_1_731' title='bbox 798 5300 871 5354; x_wconf 86' lang='lat' dir='ltr'><em>quae</em></span> <span class='ocrx_word' id='word_1_732' title='bbox 889 5291 953 5338; x_wconf 90' lang='lat' dir='ltr'><em>cont</em></span> <span class='ocrx_word' id='word_1_733' title='bbox 955 5301 985 5337; x_wconf 86' lang='lat' dir='ltr'><em>ra</em></span> <span class='ocrx_word' id='word_1_734' title='bbox 942 5283 1177 5341; x_wconf 88' lang='lat' dir='ltr'><em>tdclinitiones</em></span> <span class='ocrx_word' id='word_1_735' title='bbox 1196 5287 1272 5340; x_wconf 87' lang='lat' dir='ltr'><em>illas</em></span> <span class='ocrx_word' id='word_1_736' title='bbox 1271 5294 1396 5350; x_wconf 87' lang='lat' dir='ltr'><em>terrena</em></span> <span class='ocrx_word' id='word_1_737' title='bbox 1414 5284 1554 5356; x_wconf 83' lang='lat' dir='ltr'><em>significet</em></span> <span class='ocrx_word' id='word_1_738' title='bbox 1572 5300 1629 5337; x_wconf 86' lang='lat' dir='ltr'><em>rem</em></span> <span class='ocrx_word' id='word_1_739' title='bbox 1647 5286 1794 5340; x_wconf 87' lang='lat' dir='ltr'><em>coelestem</em></span> <span class='ocrx_word' id='word_1_740' title='bbox 1815 5285 1971 5353; x_wconf 85' lang='lat' dir='ltr'><em>absentem,</em></span> <span class='ocrx_word' id='word_1_741' title='bbox 1994 5286 2119 5353; x_wconf 86' lang='lat' dir='ltr'><em>alteram,</em></span> 
     </span>
     <span class='ocr_line' id='line_1_54' title="bbox 291 5353 2119 5469; baseline 0.003 -48"><span class='ocrx_word' id='word_1_742' title='bbox 291 5382 351 5421; x_wconf 84' lang='lat' dir='ltr'><em>vm.</em></span> <span class='ocrx_word' id='word_1_743' title='bbox 366 5378 412 5424; x_wconf 77' lang='lat' dir='ltr'><em>tlt.</em></span> <span class='ocrx_word' id='word_1_744' title='bbox 426 5373 657 5429; x_wconf 78' lang='lat' dir='ltr'><em>scholasticorum</em></span> <span class='ocrx_word' id='word_1_745' title='bbox 686 5369 860 5425; x_wconf 87' lang='lat' dir='ltr'><em>Chemuicius</em></span> <span class='ocrx_word' id='word_1_746' title='bbox 888 5370 1053 5439; x_wconf 87' lang='lat' dir='ltr'><em>protulerat,</em></span> <span class='ocrx_word' id='word_1_747' title='bbox 1082 5372 1130 5426; x_wconf 89' lang='lat' dir='ltr'><em>sed</em></span> <span class='ocrx_word' id='word_1_748' title='bbox 1157 5353 1273 5443; x_wconf 81' lang='lat' dir='ltr'><em>frigide¹</em></span> <span class='ocrx_word' id='word_1_749' title='bbox 1287 5389 1342 5443; x_wconf 88' lang='lat' dir='ltr'><em>qua</em></span> <span class='ocrx_word' id='word_1_750' title='bbox 1362 5372 1501 5443; x_wconf 85' lang='lat' dir='ltr'><em>integrum</em></span> <span class='ocrx_word' id='word_1_751' title='bbox 1521 5377 1723 5426; x_wconf 89' lang='lat' dir='ltr'><em>sacramentum</em></span> <span class='ocrx_word' id='word_1_752' title='bbox 1745 5370 1883 5442; x_wconf 88' lang='lat' dir='ltr'><em>significet</em></span> <span class='ocrx_word' id='word_1_753' title='bbox 1905 5372 2024 5469; x_wconf 84' lang='lat' dir='ltr'><em>gratiam</em></span> <span class='ocrx_word' id='word_1_754' title='bbox 2043 5373 2119 5444; x_wconf 86' lang='lat' dir='ltr'><em>spiri·</em></span> 
     </span>
     <span class='ocr_line' id='line_1_55' title="bbox 426 5455 2121 5529; baseline -0.001 -16"><span class='ocrx_word' id='word_1_755' title='bbox 426 5459 575 5513; x_wconf 87' lang='lat' dir='ltr'><em>admodum</em></span> <span class='ocrx_word' id='word_1_756' title='bbox 594 5457 750 5528; x_wconf 90' lang='lat' dir='ltr'><em>respondet,</em></span> <span class='ocrx_word' id='word_1_757' title='bbox 771 5462 802 5509; x_wconf 90' lang='lat' dir='ltr'><em>ut</em></span> <span class='ocrx_word' id='word_1_758' title='bbox 819 5455 934 5511; x_wconf 84' lang='lat' dir='ltr'><em>cuilibet</em></span> <span class='ocrx_word' id='word_1_759' title='bbox 952 5456 1041 5526; x_wconf 90' lang='lat' dir='ltr'><em>primo</em></span> <span class='ocrx_word' id='word_1_760' title='bbox 1061 5457 1273 5527; x_wconf 77' lang='lat' dir='ltr'><em>intuitupater,</em></span> <span class='ocrx_word' id='word_1_761' title='bbox 1287 5457 1398 5514; x_wconf 87' lang='lat' dir='ltr'><em>tualem</em></span> <span class='ocrx_word' id='word_1_762' title='bbox 1436 5456 1563 5529; x_wconf 85' lang='lat' dir='ltr'><em>Ciuglius</em></span> <span class='ocrx_word' id='word_1_763' title='bbox 1593 5457 1639 5514; x_wconf 93' lang='lat' dir='ltr'><em>lib</em></span> <span class='ocrx_word' id='word_1_764' title='bbox 1670 5458 1705 5513; x_wconf 88' lang='lat' dir='ltr'><em>de</em></span> <span class='ocrx_word' id='word_1_765' title='bbox 1731 5464 1846 5527; x_wconf 87' lang='lat' dir='ltr'><em>peccato</em></span> <span class='ocrx_word' id='word_1_766' title='bbox 1875 5457 2002 5527; x_wconf 84' lang='lat' dir='ltr'><em>originis:</em></span> <span class='ocrx_word' id='word_1_767' title='bbox 2031 5458 2121 5526; x_wconf 68' lang='lat' dir='ltr'><em>Signa</em></span> 
     </span>
     <span class='ocr_line' id='line_1_56' title="bbox 427 5531 2120 5618; baseline -0.001 -18"><span class='ocrx_word' id='word_1_768' title='bbox 427 5553 455 5601; x_wconf 90' lang='lat' dir='ltr'><em>et</em></span> <span class='ocrx_word' id='word_1_769' title='bbox 482 5563 513 5600; x_wconf 83' lang='lat' dir='ltr'><em>er</em></span> <span class='ocrx_word' id='word_1_770' title='bbox 542 5544 657 5615; x_wconf 89' lang='lat' dir='ltr'><em>speciali</em></span> <span class='ocrx_word' id='word_1_771' title='bbox 684 5544 854 5615; x_wconf 88' lang='lat' dir='ltr'><em>singulorum</em></span> <span class='ocrx_word' id='word_1_772' title='bbox 884 5551 1116 5598; x_wconf 89' lang='lat' dir='ltr'><em>sacramentorum</em></span> <span class='ocrx_word' id='word_1_773' title='bbox 1144 5541 1359 5618; x_wconf 54' lang='lat' dir='ltr'><em>tornatorssnilril</em></span> <span class='ocrx_word' id='word_1_774' title='bbox 1378 5561 1462 5614; x_wconf 77' lang='lat' dir='ltr'><em>qaam</em></span> <span class='ocrx_word' id='word_1_775' title='bbox 1484 5553 1612 5597; x_wconf 72' lang='lat' dir='ltr'><em>ester-nae</em></span> <span class='ocrx_word' id='word_1_776' title='bbox 1629 5561 1676 5596; x_wconf 84' lang='lat' dir='ltr'><em>res</em></span> <span class='ocrx_word' id='word_1_777' title='bbox 1696 5551 1770 5610; x_wconf 79' lang='lat' dir='ltr'><em>errat,</em></span> <span class='ocrx_word' id='word_1_778' title='bbox 1786 5531 1921 5613; x_wconf 76' lang='lat' dir='ltr'><em>&#39;quibus</em></span> <span class='ocrx_word' id='word_1_779' title='bbox 1909 5545 2120 5599; x_wconf 78' lang='lat' dir='ltr'><em>inconscicntia</em></span> 
     </span>
     <span class='ocr_line' id='line_1_57' title="bbox 428 5623 2121 5700; baseline -0.001 -16"><span class='ocrx_word' id='word_1_780' title='bbox 428 5630 600 5685; x_wconf 85' lang='lat' dir='ltr'><em>manifestius</em></span> <span class='ocrx_word' id='word_1_781' title='bbox 619 5630 812 5700; x_wconf 89' lang='lat' dir='ltr'><em>conspicietur.</em></span> <span class='ocrx_word' id='word_1_782' title='bbox 1272 5623 1359 5683; x_wconf 77' lang='lat' dir='ltr'><em>‘nibil</em></span> <span class='ocrx_word' id='word_1_783' title='bbox 1379 5630 1510 5699; x_wconf 85' lang='lat' dir='ltr'><em>efficitur.</em></span> <span class='ocrx_word' id='word_1_784' title='bbox 1545 5628 1577 5682; x_wconf 93' lang='lat' dir='ltr'><em>In</em></span> <span class='ocrx_word' id='word_1_785' title='bbox 1602 5628 1718 5683; x_wconf 85' lang='lat' dir='ltr'><em>confess.</em></span> <span class='ocrx_word' id='word_1_786' title='bbox 1737 5627 1772 5681; x_wconf 88' lang='lat' dir='ltr'><em>ad</em></span> <span class='ocrx_word' id='word_1_787' title='bbox 1791 5630 1901 5697; x_wconf 72' lang='lat' dir='ltr'><em>imper:</em></span> <span class='ocrx_word' id='word_1_788' title='bbox 1933 5631 2040 5698; x_wconf 80' lang='lat' dir='ltr'><em>Credo,</em></span> <span class='ocrx_word' id='word_1_789' title='bbox 2066 5632 2121 5683; x_wconf 86' lang='lat' dir='ltr'><em>imo</em></span> 
     </span>
     <span class='ocr_line' id='line_1_58' title="bbox 299 5701 2135 5786; baseline -0.001 -15"><span class='ocrx_word' id='word_1_790' title='bbox 298 5729 415 5822; x_wconf 48' lang='lat' dir='ltr'><em>surgens·</em></span> <span class='ocrx_word' id='word_1_791' title='bbox 464 5722 504 5773; x_wconf 89' lang='grc'><em>22.</em></span> <span class='ocrx_word' id='word_1_792' title='bbox 541 5716 582 5771; x_wconf 85' lang='lat' dir='ltr'><em>Ex</em></span> <span class='ocrx_word' id='word_1_793' title='bbox 607 5716 650 5769; x_wconf 93' lang='lat' dir='ltr'><em>his</em></span> <span class='ocrx_word' id='word_1_794' title='bbox 677 5720 809 5786; x_wconf 88' lang='lat' dir='ltr'><em>apparet,</em></span> <span class='ocrx_word' id='word_1_795' title='bbox 832 5730 921 5786; x_wconf 89' lang='lat' dir='ltr'><em>genus</em></span> <span class='ocrx_word' id='word_1_796' title='bbox 947 5701 1556 5783; x_wconf 51' lang='lat' dir='ltr'><em>indefiuitionssdcravcertoscio,onnia</em></span> <span class='ocrx_word' id='word_1_797' title='bbox 1576 5720 1826 5767; x_wconf 80' lang='lat' dir='ltr'><em>sacramentalem</em></span> <span class='ocrx_word' id='word_1_798' title='bbox 1841 5715 1944 5782; x_wconf 69' lang='lat' dir='ltr'><em>amase,</em></span> <span class='ocrx_word' id='word_1_799' title='bbox 1957 5725 1986 5769; x_wconf 87' lang='lat' dir='ltr'><em>at</em></span> <span class='ocrx_word' id='word_1_800' title='bbox 1999 5718 2135 5784; x_wconf 73' lang='lat' dir='ltr'><em>gratiarn-</em></span> 
     </span>
     <span class='ocr_line' id='line_1_59' title="bbox 298 5788 2120 5875; baseline 0.001 -17.001"><span class='ocrx_word' id='word_1_801' title='bbox 298 5790 374 5875; x_wconf 57' lang='lat' dir='ltr'><em>,mii</em></span> <span class='ocrx_word' id='word_1_802' title='bbox 385 5832 417 5873; x_wconf 64' lang='grc' dir='ltr'><em>,η</em></span> <span class='ocrx_word' id='word_1_803' title='bbox 430 5804 514 5858; x_wconf 86' lang='lat' dir='ltr'><em>menti</em></span> <span class='ocrx_word' id='word_1_804' title='bbox 493 5801 729 5857; x_wconf 86' lang='lat' dir='ltr'><em>taBellarmino</em></span> <span class='ocrx_word' id='word_1_805' title='bbox 748 5799 879 5856; x_wconf 87' lang='lat' dir='ltr'><em>constitui</em></span> <span class='ocrx_word' id='word_1_806' title='bbox 898 5799 1015 5871; x_wconf 83' lang='lat' dir='ltr'><em>signum.</em></span> <span class='ocrx_word' id='word_1_807' title='bbox 1047 5800 1179 5863; x_wconf 79' lang='lat' dir='ltr'><em>Quamvis</em></span> <span class='ocrx_word' id='word_1_808' title='bbox 1197 5819 1262 5856; x_wconf 83' lang='lat' dir='ltr'><em>vero</em></span> <span class='ocrx_word' id='word_1_809' title='bbox 1273 5788 1453 5871; x_wconf 84' lang='lat' dir='ltr'><em>conserant</em></span> <span class='ocrx_word' id='word_1_810' title='bbox 1482 5808 1512 5854; x_wconf 87' lang='lat' dir='ltr'><em>ut</em></span> <span class='ocrx_word' id='word_1_811' title='bbox 1544 5818 1577 5854; x_wconf 84' lang='lat' dir='ltr'><em>ne</em></span> <span class='ocrx_word' id='word_1_812' title='bbox 1608 5803 1729 5870; x_wconf 82' lang='lat' dir='ltr'><em>afferant</em></span> <span class='ocrx_word' id='word_1_813' title='bbox 1760 5801 1872 5870; x_wconf 78' lang='lat' dir='ltr'><em>quidem</em></span> <span class='ocrx_word' id='word_1_814' title='bbox 1901 5810 1925 5854; x_wconf 89' lang='lat' dir='ltr'><em>et</em></span> <span class='ocrx_word' id='word_1_815' title='bbox 1952 5804 2120 5871; x_wconf 74' lang='lat' dir='ltr'><em>dispensent.</em></span> 
     </span>
     <span class='ocr_line' id='line_1_60' title="bbox 299 5883 2121 5957; baseline -0.001 -12"><span class='ocrx_word' id='word_1_816' title='bbox 299 5885 397 5935; x_wconf 53' lang='grc' dir='ltr'><em>’ΨΜ</em></span> <span class='ocrx_word' id='word_1_817' title='bbox 428 5906 484 5945; x_wconf 90' lang='lat' dir='ltr'><em>non</em></span> <span class='ocrx_word' id='word_1_818' title='bbox 510 5887 590 5942; x_wconf 87' lang='lat' dir='ltr'><em>inviti</em></span> <span class='ocrx_word' id='word_1_819' title='bbox 616 5886 769 5957; x_wconf 78' lang='lat' dir='ltr'><em>fateamur,</em></span> <span class='ocrx_word' id='word_1_820' title='bbox 801 5892 974 5943; x_wconf 86' lang='lat' dir='ltr'><em>sacramanta</em></span> <span class='ocrx_word' id='word_1_821' title='bbox 995 5883 1103 5941; x_wconf 85' lang='lat' dir='ltr'><em>ratione</em></span> <span class='ocrx_word' id='word_1_822' title='bbox 1125 5884 1209 5941; x_wconf 82' lang='lat' dir='ltr'><em>officii</em></span> <span class='ocrx_word' id='word_1_823' title='bbox 1234 5893 1264 5943; x_wconf 86' lang='lat' dir='ltr'><em>st</em></span> <span class='ocrx_word' id='word_1_824' title='bbox 1289 5885 1447 5946; x_wconf 68' lang='lat' dir='ltr'><em>Gdrrnus</em></span> <span class='ocrx_word' id='word_1_825' title='bbox 1437 5904 1468 5941; x_wconf 89' lang='grc' dir='ltr'><em>ιιι</em></span> <span class='ocrx_word' id='word_1_826' title='bbox 1485 5885 1605 5945; x_wconf 74' lang='lat' dir='ltr'><em>catania:</em></span> <span class='ocrx_word' id='word_1_827' title='bbox 1635 5884 1847 5942; x_wconf 72' lang='grc' dir='ltr'>δαιταιιιιιιιιιιιι</span> <span class='ocrx_word' id='word_1_828' title='bbox 1871 5887 1942 5941; x_wconf 81' lang='lat' dir='ltr'><em>nibil</em></span> <span class='ocrx_word' id='word_1_829' title='bbox 1966 5887 2050 5943; x_wconf 82' lang='lat' dir='ltr'><em>aliud</em></span> <span class='ocrx_word' id='word_1_830' title='bbox 2073 5898 2121 5956; x_wconf 81' lang='lat' dir='ltr'><em>art,</em></span> 
     </span>
     <span class='ocr_line' id='line_1_61' title="bbox 427 5947 2122 6089; baseline 0.001 -59"><span class='ocrx_word' id='word_1_831' title='bbox 427 5973 491 6030; x_wconf 86' lang='lat' dir='ltr'><em>finis</em></span> <span class='ocrx_word' id='word_1_832' title='bbox 509 5989 569 6030; x_wconf 87' lang='lat' dir='ltr'><em>esss</em></span> <span class='ocrx_word' id='word_1_833' title='bbox 586 5988 620 6029; x_wconf 89' lang='lat' dir='ltr'><em>ac</em></span> <span class='ocrx_word' id='word_1_834' title='bbox 638 5970 692 6029; x_wconf 89' lang='lat' dir='ltr'><em>dici</em></span> <span class='ocrx_word' id='word_1_835' title='bbox 712 5990 795 6046; x_wconf 86' lang='lat' dir='ltr'><em>posse</em></span> <span class='ocrx_word' id='word_1_836' title='bbox 810 5971 905 6046; x_wconf 78' lang='lat' dir='ltr'><em>signa,</em></span> <span class='ocrx_word' id='word_1_837' title='bbox 920 5970 990 6045; x_wconf 87' lang='lat' dir='ltr'><em>quia</em></span> <span class='ocrx_word' id='word_1_838' title='bbox 1006 5968 1179 6089; x_wconf 74' lang='lat' dir='ltr'><em>significant,</em></span> <span class='ocrx_word' id='word_1_839' title='bbox 1205 5947 1277 6028; x_wconf 54' lang='lat' dir='ltr'><em>effi)</em></span> <span class='ocrx_word' id='word_1_840' title='bbox 1289 5990 1375 6048; x_wconf 71' lang='lat' dir='ltr'><em>quan</em></span> <span class='ocrx_word' id='word_1_841' title='bbox 1398 5980 1511 6028; x_wconf 76' lang='lat' dir='ltr'><em>catana</em></span> <span class='ocrx_word' id='word_1_842' title='bbox 1536 5973 1652 6029; x_wconf 78' lang='lat' dir='ltr'><em>diuinas</em></span> <span class='ocrx_word' id='word_1_843' title='bbox 1675 5984 1743 6039; x_wconf 65' lang='lat' dir='ltr'><em>aaa</em></span> <span class='ocrx_word' id='word_1_844' title='bbox 1761 5990 1810 6028; x_wconf 73' lang='lat' dir='ltr'><em>aas</em></span> <span class='ocrx_word' id='word_1_845' title='bbox 1828 5972 2033 6028; x_wconf 71' lang='lat' dir='ltr'><em>marcennaco</em></span> <span class='ocrx_word' id='word_1_846' title='bbox 2049 5974 2122 6032; x_wconf 67' lang='lat' dir='ltr'><em>aas</em></span> 
     </span>
    </p>
   </div>
   <div class='ocr_carea' id='block_1_5' title="bbox 0 0 2424 6659">
    <p class='ocr_par' dir='ltr' id='par_1_5' title="bbox 0 0 2424 6659">
     <span class='ocr_line' id='line_1_62' title="bbox 0 0 2424 6659; baseline 0 0"><span class='ocrx_word' id='word_1_847' title='bbox 0 0 2424 6659; x_wconf 95' lang='lat' dir='ltr'><em> </em></span> 
     </span>
    </p>
   </div>
  </div>
 </body>
</html>
