4800 6659
747 511 801 569 ΒΕ
819 507 1119 570 CIROUMOESIONE
1136 505 1189 563 ΕΤ
1208 508 1317 568 AGNO
1335 510 1535 574 PASCHALI.
1927 520 1986 580 241

289 663 409 719 restituti
441 663 539 734 tuopli
568 665 710 722 observari
735 666 860 733 nahtam,
896 668 972 738 quod
1002 664 1125 739 quando
1153 664 1342 722 diversitatem
1362 668 1502 740 quendem
1519 668 1549 722 in
1565 666 1707 738 paschatis
1720 666 1854 738 dieepnd
1865 665 1989 722 dudm

288 765 399 823 cunque
413 748 553 821 mutuus
572 750 709 808 festivitas
727 752 826 808 incidit
842 754 872 809 in
887 753 986 809 feriam
1007 758 1122 820 sextam,
1152 752 1314 822 occurrisse,
1332 753 1500 826 quibusdam
1511 754 1582 826 legis
1591 754 1802 825 praescriptum,
1822 753 1989 825 quibusdam

288 842 352 891 tuno
376 836 513 891 hamlata
538 836 624 894 fuerit
648 839 676 894 in
703 839 777 895 diem
799 839 929 894 sabbathi
955 844 1124 911 sequentem.
1152 855 1218 895 vero
1233 840 1396 895 traditiones
1415 842 1552 911 majorum
1569 840 1759 912 sequentibus,
1778 840 1990 894 utetiamheuc

288 922 341 979 Sed
364 922 434 994 quia
455 923 568 979 traditio
591 924 661 980 haec
684 933 745 981 erat
764 925 821 997 legi
849 926 960 982 divinas
977 925 1124 987 caumana,
1151 925 1187 980 ob
1211 942 1324 979 musam
1347 942 1404 980 uon
1428 927 1533 982 fuerint
1555 927 1616 981 anei
1638 926 1748 981 Christo
1774 926 1862 980 ullum
1885 926 1989 981 crimen

287 1007 348 1063 ideo
373 1006 502 1064 Christus
526 1015 650 1080 tempore
673 1010 800 1083 legitimo
822 1011 955 1065 divinitus
972 1012 1124 1066 umento
1150 1009 1301 1067 intendere.

285 1093 470 1166 pesenacum
485 1094 627 1165 discipulis
639 1096 781 1153 celebrere
792 1096 887 1167 uoluit,
905 1106 1013 1167 tempu
1034 1114 1124 1151 mcum
1185 1103 1228 1152 to.
1263 1098 1350 1153 Porro
1373 1098 1488 1154 mactem
1508 1098 1624 1169 jubetur
1649 1116 1738 1170 eguus
1757 1097 1896 1167 paschalis
1915 1099 1987 1151 iuter
2000 1107 2060 1196 pero
2076 1120 2117 1161 per

284 1198 372 1251 prope
391 1188 446 1250 est,
463 1181 566 1253 inquit,
593 1185 751 1252 etfaciam
765 1184 876 1253 parabo
893 1200 956 1238 cum
973 1184 1123 1253 dicipulis
1151 1184 1376 1253 dimoerperae,
1393 1183 1894 1258 ῦὶξἾῖηΤξ,1]οοοειροεῐοοΙίε
1907 1199 1986 1237 occa·
1999 1169 2111 1258 „¹:31⁹

285 1265 375 1321 uota
388 1271 468 1337 aar
485 1273 524 1324 re.
544 1269 618 1339 quoe
638 1270 720 1324 aare:
739 1270 874 1342 quiequid
894 1270 943 1323 aar
960 1268 1123 1323 traditiones
1150 1284 1212 1322 rum
1235 1277 1301 1325 una
1319 1270 1408 1324 nocue
1426 1249 1563 1325 antara.
1604 1270 1639 1323 a.
1667 1269 1702 1323 n.
1725 1269 1837 1324 auen
1854 1285 1987 1340 veperas
2000 1263 2085 1364 2²33}-

285 1353 372 1408 menti
390 1352 427 1408 de
443 1359 568 1424 tempore
587 1355 728 1425 paschatis
745 1361 886 1423 statuant,
909 1355 976 1409 mihi
994 1355 1123 1410 convenit
1149 1354 1259 1408 initium
1276 1356 1361 1409 sumit
1380 1373 1398 1410 a
1414 1356 1538 1424 meridie,
1556 1356 1669 1426 quando
1686 1356 1727 1409 sol
1746 1355 1867 1410 declinat
1885 1357 1922 1409 ad
1940 1373 1985 1411 oc-

285 1437 376 1510 legem
402 1439 494 1493 Petris
526 1440 617 1511 ecqui,
650 1441 725 1512 qaod
755 1441 936 1497 memorabile
966 1441 1122 1511 exemplum
1150 1440 1302 1507 uidentem,
1320 1450 1349 1496 et
1366 1449 1460 1511 putat,
1486 1458 1589 1512 egnum
1614 1442 1792 1494 mactandum
1817 1458 1835 1495 a
1861 1446 1986 1512 tempore

285 1529 343 1593 est,
369 1523 437 1597 quid
465 1525 502 1580 de
524 1525 721 1581 traditionibus
744 1533 822 1583 extra
842 1534 871 1582 et
889 1532 987 1582 contre
1006 1527 1122 1582 verbum
1149 1525 1212 1590 illo,
1232 1527 1307 1598 quod
1327 1533 1370 1582 est
1388 1544 1406 1582 a
1426 1528 1542 1582 meridie
1560 1527 1596 1580 ed
1613 1526 1679 1581 solis
1697 1543 1834 1581 occasum.
1869 1527 1986 1581 Rectius

285 1610 420 1682 seriptum
453 1627 556 1683 magne
582 1612 675 1682 specis
701 1613 852 1668 venditatis
877 1612 914 1667 sit
934 1614 1121 1668 statuendum.
1149 1612 1233 1668 Aban
1258 1613 1332 1668 Eure
1356 1614 1384 1667 ia
1409 1614 1461 1668 hoc
1485 1614 1547 1668 loco
1571 1629 1715 1682 vesperem
1739 1613 1824 1667 aliem
1842 1612 1910 1667 dicit
1927 1629 1988 1667 esse

285 1696 373 1769 Atqui
396 1697 421 1752 si
439 1696 566 1752 Christus
591 1715 648 1753 nno
673 1699 718 1753 die
736 1699 813 1769 prius
831 1716 915 1771 quem
933 1699 1035 1755 iudaei
1052 1699 1123 1755 cele·
1149 1698 1230 1764 solis,
1263 1699 1346 1754 aliam
1374 1700 1502 1754 luminis:
1533 1702 1595 1754 Una
1618 1716 1735 1768 uespera
1761 1699 1822 1763 (ait)
1844 1707 1885 1752 eet
1910 1701 1987 1760 eolis,

285 1782 503 1854 brevitpascha,
522 1784 660 1855 quomodo
671 1784 785 1849 factum,
803 1784 957 1854 utJudaei,
977 1787 1026 1857 qui
1038 1785 1121 1840 etiem
1149 1792 1257 1854 tempus
1274 1804 1329 1855 quo
1347 1788 1451 1840 reddit
1469 1772 1513 1840 eol
1535 1794 1562 1839 et
1580 1785 1745 1840 absorbetur
1761 1803 1847 1854 euper
1866 1794 1987 1854 tenum,-

285 1866 388 1923 falsum
416 1868 603 1924 testimonium
631 1872 829 1942 quaesiverunt
853 1878 951 1928 eontra
973 1870 1122 1940 Christum,
1148 1888 1266 1940 uespera
1289 1875 1413 1925 sumenda
1438 1882 1479 1927 eet
1501 1874 1564 1936 lua,
1587 1873 1724 1941 eplendor
1748 1873 1806 1925 eise
1833 1872 1988 1926 irradiatio

285 1950 490 2012 nemitorem
507 1955 580 2011 hanc
595 1958 847 2028 praetermiserint,
864 1975 947 2030 quam
968 1965 1044 2013 certe
1061 1975 1123 2029 spe·
1149 1957 1212 2024 ella,
1232 1974 1304 2026 quae
1318 1966 1386 2025 poet
1403 1975 1533 2012 occasum
1551 1959 1613 2026 ejus
1631 1960 1661 2010 in
1676 1958 1794 2011 nubibus
1807 1959 1986 2028 aliquamdiu

287 2042 361 2097 cioee
383 2058 485 2113 urgere
508 2042 681 2112 potuissent?
716 2043 828 2098 Dicitur
847 2044 920 2098 euim
939 2044 966 2099 iu
986 2043 1057 2099 libro
1075 2043 1121 2100 Sc·
1148 2051 1279 2112 apparet,
1310 2044 1377 2096 baec
1409 2045 1496 2097 durat
1524 2046 1565 2096 ad
1595 2044 1695 2097 boram
1717 2060 1803 2096 unam
1827 2051 1854 2096 et
1875 2053 1988 2112 partem

284 2126 336 2181 dar
355 2125 453 2182 Olim:
484 2127 533 2182 Sic
557 2136 716 2182 numerum
739 2130 873 2199 mapistri
897 2129 989 2182 nostri
1009 2130 1121 2196 judices
1151 2130 1262 2182 tertiam
1288 2129 1383 2185 borae.
1424 2129 1483 2183 Jos.
1502 2134 1526 2183 7.
1550 2127 1799 2185 <iubentute
1822 2135 1860 2184 l'l.
1878 2146 1897 2185 a
1915 2147 1989 2183 none

286 2210 447 2267 &amrin
475 2214 574 2282 mopsi
603 2214 725 2268 nominis
756 2215 787 2268 in
819 2215 933 2269 seculo.-
969 2217 1007 2268 In
1037 2217 1121 2269 άοηιο
1148 2215 1218 2269 hore
1242 2230 1331 2287 usque
1348 2214 1385 2269 ad
1406 2214 1580 2270 undecimam
1600 2214 1687 2285 signos
1707 2214 1853 2285 paschales
1871 2215 1988 2269 mactari

284 2298 442 2353 sanctuarii
473 2301 613 2369 socienda,
649 2319 710 2354 cum
743 2308 882 2354 warado
911 2307 982 2355 esest
1008 2309 1034 2355 et
1057 2318 1121 2354 con-
1149 2300 1246 2355 solitos
1269 2300 1374 2355 scribit.
1416 2300 1463 2353 Ad
1480 2299 1553 2353 hanc
1571 2316 1704 2369 vesperes
1722 2300 1929 2355 distinctionem
1944 2317 1987 2356 re·

284 2392 436 2453 mmmm,
477 2394 541 2439 tuac
584 2387 720 2455 apparuit
762 2388 867 2440 solium
905 2388 1017 2457 iyneum
1054 2404 1121 2456 per-
1147 2385 1213 2441 ferri
1230 2393 1331 2457 potest,
1350 2387 1425 2457 quod
1442 2385 1540 2441 Matth.
1563 2393 1603 2450 ll,
1622 2404 1647 2439 v.
1668 2392 1707 2441 lb.
1727 2386 1843 2440 dicitur:
1870 2386 1987 2455 Vespere

283 2472 482 2541 tectissimum,
506 2488 591 2541 reaper
624 2475 701 2541 quod
730 2474 845 2527 sedebat
869 2489 919 2527 rsa
942 2475 1041 2526 mundi
1060 2474 1122 2527 eub-
1140 2475 1226 2539 saeto
1251 2473 1388 2541 discipuli
1409 2480 1586 2527 accusarunt
1608 2474 1649 2525 ad
1668 2471 1825 2539 Christum,
1845 2478 1874 2525 et
1889 2478 1984 2527 tamen

284 2555 360 2611 unu
386 2557 470 2611 ualde
505 2567 585 2611 stane
609 2559 683 2611 enter
717 2560 857 2628 porticum
891 2568 919 2612 et
955 2566 1122 2627 mcepaunt
1148 2577 1173 2612 v.
1194 2564 1236 2614 23.
1254 2558 1448 2630 subjungitur,
1475 2558 1550 2629 quod
1569 2557 1695 2613 Christus
1712 2574 1827 2627 vespere
1846 2557 1921 2612 fecto
1939 2576 1983 2610 eo-

286 2659 432 2707 coronam,
467 2644 766 2713 apprehenderemus
795 2645 921 2712 sipiiium
950 2646 1127 2699 reconditum
1149 2645 1193 2697 lue
1209 2644 1301 2700 fuerit
1341 2645 1430 2700 Exod.
1451 2649 1496 2709 lb,
1523 2661 1549 2697 v.
1570 2649 1614 2699 12:
1644 2645 1724 2697 Inter
1752 2644 1826 2696 duae
1852 2661 1983 2712 vesperas
1997 2655 2033 2697 1¹.
2047 2656 2080 2700 te

218 2735 311 2783 unet
339 2737 493 2782 emerunt
522 2729 778 2799 ordinaveruntque
803 2737 937 2783 statatum
955 2737 1121 2799 perpetuum
1149 2731 1295 2783 comeditis
1326 2745 1459 2785 emnem:
1491 2730 1611 2802 Tharg.:
1643 2718 1780 2804 Νᾙρηἱρ,
1801 2730 1882 2797 soles,
1900 2728 1984 2784 decli-

286 2822 312 2866 et
333 2814 473 2868 auditam
496 2824 537 2868 est
558 2818 590 2867 in
610 2832 712 2868 manue
728 2818 763 2869 ii.
782 2816 909 2889 ¹Eliosier,
936 2817 987 2885 qui
1004 2816 1123 2885 reliquie
1149 2822 1263 2869 nantem
1293 2822 1322 2870 et
1358 2816 1539 2870 occidentem.
1591 2815 1758 2871 *raetorum
1793 2822 1814 2870 l.
1839 2813 1984 2884 Lipomau.

287 2899 412 2953 omnibus
445 2900 538 2969 major
569 2908 631 2954 erat
662 2909 688 2954 et
720 2902 746 2954 ie
777 2891 921 2955 ordinauit
953 2902 1027 2955 diem
1062 2919 1122 2956 eor·
1149 2901 1228 2964 dicit,
1247 2909 1354 2970 ternpus
1372 2903 1446 2956 inter
1464 2903 1537 2954 duas
1553 2918 1685 2970 saepem
1704 2919 1762 2954 cese
1781 2910 1893 2969 noctem,
1915 2919 1986 2971 quae

286 2987 353 3040 dum
390 3004 447 3040 non
487 2988 634 3041 obemoari
665 2990 805 3057 amado,
846 2997 963 3058 quomo,
1004 2990 1121 3059 septimo
1148 2988 1223 3040 inter
1238 3004 1384 3056 uesperam
1410 2987 1471 3041 dici
1488 2989 1686 3058 precedentis
1704 2995 1731 3040 et
1749 2988 1820 3040 inter
1838 3004 1985 3055 crepuscu-

285 3072 480 3127 bebdomadoe
505 3074 565 3141 die,
593 3090 682 3142 noque
703 3074 812 3144 pascis
839 3076 977 3138 secundo,
1011 3084 1122 3144 qesarto,
1147 3075 1207 3127 lum
1223 3074 1402 3141 matutinum,
1425 3076 1502 3141 quod
1522 3074 1583 3126 dici
1599 3082 1693 3142 potest
1711 3091 1843 3142 uespera,
1869 3074 1928 3126 diei
1944 3092 1985 3127 ee-

285 3168 373 3229 ecato,
397 3174 487 3227 nepes
502 3159 576 3211 diem
596 3159 766 3226 captationis
778 3160 888 3230 primo,
914 3162 1010 3224 tortio,
1036 3168 1121 3223 secto,
1147 3161 1259 3228 mentis
1289 3160 1395 3226 iniecta
1417 3169 1467 3212 eet.
1514 3160 1554 3212 At
1581 3158 1622 3213 eie
1651 3175 1741 3229 agnus
1767 3158 1907 3228 paschalis
1929 3175 1985 3213 uon

286 3246 314 3297 in
347 3253 500 3300 adunam.
542 3244 705 3300 Potuisseut
745 3262 813 3317 ergo
853 3245 956 3303 Judaei
990 3264 1120 3319 maguam
1148 3261 1282 3315 vesperae
1301 3245 1355 3299 diei
1375 3245 1499 3300 decimae
1517 3251 1647 3315 quartae,
1666 3244 1715 3299 aed
1734 3251 1815 3298 noete
1828 3245 1985 3314 pertinente

285 3330 454 3386 armatiani
496 3346 562 3385 suae
597 3331 707 3387 Christo
740 3333 893 3388 intentatae
934 3335 1056 3403 speciem
1093 3339 1121 3388 et
1148 3350 1204 3386 non
1222 3331 1259 3385 ad
1278 3331 1415 3385 decimam
1434 3337 1570 3402 quartem,
1590 3330 1639 3385 sed
1658 3330 1694 3383 ad
1710 3329 1846 3384 decimam
1859 3329 1984 3400 quintam

285 3418 403 3474 colorem
432 3416 578 3480 inducere,
606 3418 682 3489 quod
707 3425 803 3474 conus
829 3419 951 3473 divinem
976 3419 1053 3473 illam
1078 3435 1120 3473 re·
1148 3417 1223 3471 diem
1249 3416 1542 3479 immolatusfuiseet,
1569 3416 1644 3485 quod
1661 3414 1821 3486 Scripturas
1839 3422 1983 3486 repugnat

284 3503 450 3559 vehdonem
479 3510 507 3558 et
537 3509 663 3558 sanctam
692 3512 803 3576 patrum
828 3504 1005 3560 traditionem
1030 3505 1121 3559 alieno
1148 3509 1172 3559 2.
1194 3502 1331 3570 Rebbiui,
1362 3508 1395 3555 ut
1422 3500 1456 3557 R.
1479 3501 1606 3565 Nathan,
1637 3501 1670 3557 B.
1689 3499 1800 3555 Simeon
1816 3499 1853 3554 til
1872 3499 1981 3567 iochei,

284 3592 407 3658 tempore
431 3587 537 3660 paseha
563 3589 742 3655 celebrasset,
769 3607 860 3662 neque
885 3591 915 3645 id
937 3589 1036 3660 semel,
1071 3591 1120 3645 sed
1146 3589 1180 3644 R.
1204 3589 1348 3652 Salomon,
1367 3587 1401 3642 Β.
1422 3586 1491 3642 Levi
1508 3587 1559 3641 filii
1577 3586 1723 3646 Gereonio.
1744 3587 1777 3643 It
1795 3587 1907 3656 Moyses
1926 3584 1981 3641 Ge·

285 3684 405 3747 quatuor
431 3675 554 3743 vicibus,
591 3676 739 3731 verisimile
775 3677 848 3732 euim
886 3682 942 3744 est,
980 3676 1121 3731 Christum
1147 3676 1294 3730 rundeusis
1321 3680 1450 3745 (quorum
1468 3674 1553 3728 verbe
1570 3674 1635 3728 vide
1654 3674 1729 3743 apud
1749 3673 1869 3728 Masium
1887 3673 1916 3726 in
1934 3672 1982 3727 Jo

285 3777 394 3832 semper
434 3761 531 3817 eodem
570 3760 617 3817 die
656 3762 789 3816 divinitus
829 3763 981 3817 constituto
1017 3761 1122 3833 paseha
1147 3778 1227 3816 suam
1257 3777 1280 3816 o.
1309 3767 1333 3816 b.
1364 3757 1392 3833 ξ.
1420 3766 1460 3816 10.
1492 3778 1519 3830 p,
1538 3761 1591 3827 90.)
1627 3758 1727 3815 Chald.
1762 3759 1868 3830 Lyren.
1905 3758 1982 3813 Abu·

284 3848 449 3905 celebrasse.
493 3847 570 3901 Dicit
601 3847 675 3902 euim
702 3849 740 3903 ed
769 3848 919 3918 discipulos
951 3849 1049 3904 llatth.
1079 3854 1120 3916 26,
1146 3848 1231 3901 lene:
1249 3846 1351 3901 Prima
1368 3863 1484 3915 impera
1504 3845 1658 3917 (inquiunt)
1683 3854 1723 3899 eet
1740 3847 1895 3898 declinatio
1913 3846 1983 3898 rotis

283 3951 310 3992 v.
336 3940 367 3991 2:
405 3928 512 3998 Scitis,
528 3936 606 4003 quod
630 3943 695 4002 poet
723 3936 838 3988 biduum
863 3936 975 4004 paeelia
1003 3937 1062 4003 fiet,
1091 3935 1121 3989 id
1146 3952 1165 3986 a
1188 3935 1306 3988 meridie
1327 3951 1423 3987 vasus
1447 3950 1588 3999 oceasum,
1612 3934 1737 3985 secunda
1763 3941 1805 3984 eet
1829 3933 1890 4000 ipae
1913 3932 1984 3984 eolis

283 4028 326 4077 est
339 4021 400 4091 pm
417 4025 484 4074 ante
501 4036 535 4075 ex
552 4036 596 4074 me
613 4020 748 4084 audistis,
767 4020 890 4087 iudaeos
906 4027 1019 4092 propter
1036 4021 1120 4073 tradi·
1147 4037 1269 4074 occasus.
1315 4018 1371 4095 Sed
1400 4017 1522 4072 insoleus
1552 4025 1594 4073 est
1617 4024 1707 4071 totum
1732 4024 1841 4087 tempus
1865 4017 1981 4086 pomeri-

281 4107 372 4162 tiones
391 4122 503 4160 suorum
523 4106 658 4173 majorum
673 4105 703 4159 in
720 4112 844 4177 tempore
862 4106 1001 4179 paschatis
1020 4106 1119 4177 elegis
1146 4106 1260 4160 dianam
1286 4105 1380 4159 vocari
1402 4120 1561 4175 uesperam,
1587 4104 1662 4158 unde
1684 4102 1717 4155 R.
1740 4102 1823 4156 Aban
1843 4102 1915 4155 Ezre
1934 4118 1981 4156 eos

284 4192 394 4247 divinae
412 4191 511 4263 regula
531 4190 701 4261 discessura,
720 4192 770 4247 sed
787 4193 866 4247 nobis
884 4192 1027 4262 incumbit,
1047 4193 1119 4263 legis
1145 4192 1255 4248 refellit.
1293 4196 1317 4246 ³.
1337 4190 1470 4259 Oleaster,
1489 4189 1571 4244 Aban
1588 4189 1662 4243 Eure
1681 4193 1710 4242 et
1727 4187 1775 4242 alii
1794 4193 1903 4258 putant,
1918 4189 1981 4257 pri·

282 4277 484 4351 premeriptum
506 4278 598 4349 sequi,
624 4277 688 4334 ideo
713 4286 777 4348 poet
792 4278 908 4333 biduum
926 4279 1032 4350 pascha
1050 4278 1118 4333 cele
1144 4298 1220 4331 mam
1241 4294 1386 4347 uesperam
1408 4293 1468 4331 esee
1488 4276 1559 4330 solie
1584 4291 1727 4342 mearum,
1749 4276 1902 4327 exaridum
1922 4290 1982 4327 esee

282 4364 421 4420 omum
439 4364 499 4419 erit
528 4363 752 4433 Respondemus:
769 4381 825 4418 non
844 4364 1119 4437 publiceintemplo,
1144 4366 1257 4418 initiam
1285 4364 1376 4418 noctu
1407 4364 1465 4417 eive
1495 4362 1683 4416 terebrarum.
1728 4361 1808 4413 later
1831 4360 1884 4413 bae
1909 4362 1983 4415 enim

281 4450 332 4506 sed
359 4450 435 4504 domi
464 4449 539 4520 apud
570 4448 710 4520 quendam
737 4449 965 4519 patremfamilias
992 4448 1118 4503 Christus
1145 4452 1296 4505 intercedet
1317 4450 1520 4519 orepruculum,
1538 4456 1613 4517 puta
1631 4447 1746 4515 aliquid
1764 4447 1906 4515 temporib,
1927 4465 1982 4515 quo

281 4535 434 4592 celebravit
454 4536 572 4606 pasche,
596 4541 629 4589 ut
651 4551 685 4588 ex
709 4534 824 4590 historia
846 4535 1008 4607 evangelica
1031 4536 1118 4589 meni·
1144 4538 1238 4591 lumen
1262 4538 1384 4606 aliquod
1399 4536 1470 4590 eolre
1483 4543 1550 4606 poet
1569 4536 1631 4604 rjus
1649 4550 1778 4586 occasum
1797 4533 1828 4584 in
1845 4537 1911 4585 atre
1930 4534 1982 4585 od·

280 4624 355 4677 laete
375 4626 497 4688 constan
523 4622 598 4677 solus
621 4620 708 4692 igitur
727 4622 927 4693 paterfamilias
948 4630 976 4676 et
992 4623 1052 4692 ejus
1070 4622 1118 4678 do·
1145 4626 1198 4677 buc
1219 4632 1356 4692 apparet,
1376 4623 1500 4692 perinde
1517 4630 1547 4675 ut
1564 4624 1597 4684 fit
1613 4636 1694 4673 mane
1713 4627 1778 4672 ante
1796 4619 1866 4671 solie
1883 4627 1982 4671 ortam.

282 4708 390 4763 mestiei
413 4724 470 4762 una
491 4722 555 4762 oum
584 4707 727 4776 discipulis
753 4707 856 4763 Christi
878 4706 982 4762 conscii
1005 4707 1120 4762 sumunt
1144 4709 1224 4765 Idem
1235 4708 1412 4780 amplectitur
1421 4707 1519 4763 Jacob.
1532 4706 1624 4760 Faber
1636 4704 1818 4775 stapulensis,
1836 4702 1982 4757 Mesiuein

283 4793 431 4865 anticipati
457 4792 590 4862 temporis
618 4792 647 4846 in
676 4792 818 4864 paschatis
842 4793 1039 4860 celebratione,
1067 4809 1119 4848 nec
1145 4794 1204 4850 Jos.
1224 4795 1316 4866 Ruug.
1335 4795 1364 4849 in
1382 4794 1432 4847 Ex.
1468 4795 1508 4848 At
1524 4794 1577 4847 hoe
1595 4800 1719 4862 tempore
1738 4808 1829 4862 agnus
1846 4805 1902 4843 nou
1922 4795 1982 4844 erat

284 4881 410 4949 dubium,
423 4879 491 4951 quin
504 4878 631 4934 Christus
648 4897 761 4934 eausam
781 4880 856 4934 illius
874 4879 1038 4950 exposuerit,
1057 4897 1119 4951 pro
1143 4880 1347 4949 immolandus,
1373 4880 1423 4934 sed
1440 4879 1636 4935 comedendus.
1680 4877 1752 4933 Nam
1771 4881 1802 4930 ut
1819 4880 1897 4945 patet
1913 4875 1980 4929 Les.

283 4972 347 5038 pter
367 4981 454 5037 quam
476 4965 612 5037 neglectis
634 4964 805 5021 iudaeorum
833 4964 1029 5021 traditionibus
1051 4972 1118 5020 tem·
1146 4973 1194 5035 23,
1213 4983 1239 5019 v.
1257 4963 1284 5020 b.
1302 4966 1533 5035 Num.28,v.16.
1553 4980 1643 5035 agnus
1660 4959 1980 5018 immolanduseretdc·

283 5068 351 5125 pore
370 5052 503 5106 divinitus
525 5052 555 5105 in
571 5051 633 5123 lege
651 5051 823 5121 praescripto
840 5052 945 5122 pasche
962 5051 1118 5109 manducet.
1146 5054 1219 5108 eima
1236 5058 1337 5123 quarta
1354 5052 1399 5106 die
1418 5050 1455 5105 ed
1473 5066 1626 5121 vesperam,
1643 5049 1694 5103 sed
1711 5047 1897 5103 comedendus
1918 5062 1981 5099 cum

282 5138 389 5205 Quodsi
409 5138 521 5192 omniuo
539 5136 629 5192 Judes
649 5138 823 5209 principibus
844 5138 1027 5206 secerdotum,
1047 5137 1118 5193 Scri·
1144 5139 1251 5210 asymis
1277 5137 1386 5193 decima
1410 5136 1520 5207 quinte,
1548 5152 1620 5207 quae
1642 5134 1794 5204 incipiebat
1815 5150 1833 5186 a
1854 5131 1921 5185 solis
1938 5146 1982 5185 oc-

275 5225 328 5281 his
351 5230 381 5280 et
404 5223 563 5279 Pharisaeis
589 5223 642 5278 hoc
667 5224 770 5280 Christi
791 5223 899 5278 iactum
921 5224 1117 5288 manifestavit,
1145 5243 1220 5293 casu,
1233 5222 1450 5295 quofiniebetur
1464 5222 1691 5293 decimaquarta,
1703 5225 1825 5289 utputet
1838 5216 1926 5271 Erod.
1943 5222 1983 5285 lt,

280 5311 323 5366 illi
351 5317 446 5366 umen
474 5325 531 5364 nou
560 5310 621 5363 susi
647 5308 761 5364 fuorunt
791 5309 903 5381 publice
929 5311 981 5365 hoc
1008 5281 1171 5368 nominaiv.
1185 5317 1210 5366 6.
1223 5316 1247 5366 8.
1282 5309 1464 5365 teoraciae
1477 5308 1588 5379 eLep.:
1609 5309 1840 5373 Primaumpera
1853 5311 1901 5368 eet,
1920 5320 1982 5357 cum

280 5394 425 5451 Christum
442 5412 582 5463 accmare,
600 5396 778 5450 metuendum
796 5398 870 5452 enim
888 5402 956 5464 erat,
972 5412 1008 5451 ne
1018 5396 1118 5451 iterum
1139 5397 1267 5468 jamuel
1285 5396 1410 5449 declinat
1429 5397 1471 5449 od
1489 5412 1625 5462 occasum,
1644 5394 1769 5446 eemmda
1786 5399 1827 5444 est
1840 5390 1900 5459 epse
1913 5390 1983 5443 satie

280 5483 429 5552 eudhent,
453 5482 528 5553 quod
551 5481 581 5535 iu
604 5480 688 5535 simili
710 5481 823 5553 negotio
840 5498 874 5537 ex
894 5483 955 5552 ipso
973 5483 1120 5538 audierant
1146 5500 1280 5550 occaeue,·
1315 5480 1411 5536 Chald.
1443 5482 1517 5535 inter
1542 5482 1614 5534 duos
1632 5478 1720 5545 soles,
1748 5476 1935 5529 declinantem
1956 5483 1983 5529 et

279 5567 383 5627 Maera
404 5572 542 5637 15‚,‚3,
572 5569 665 5628 Quare
683 5576 709 5621 et
725 5585 774 5622 uos
792 5570 1026 5636 transpredimini
1042 5588 1119 5623 man·
1147 5569 1326 5624 occidentem·⁸
1362 5566 1500 5638 Josephus
1520 5566 1570 5620 lib.
1589 5571 1611 5619 7.
1631 5564 1666 5618 de
1683 5561 1747 5618 bell.
1765 5561 1832 5617 Jud.
1850 5578 1875 5618 o.
1896 5565 1937 5618 11.
1954 5569 1984 5616 et

276 5658 382 5711 datm
402 5655 463 5709 Dei
476 5661 597 5723 propter
615 5653 785 5707 traditiones
804 5657 933 5708 uerrere
953 5654 1026 5710 edde
1045 5655 1119 5726 quod
1148 5654 1195 5710 lib.
1216 5661 1256 5709 lb.
1275 5653 1362 5724 antiq,
1381 5669 1406 5707 c.
1429 5659 1469 5708 lb.
1489 5651 1588 5717 tradit,
1609 5651 1756 5703 Hebraeae
1772 5648 1919 5702 immolare
1938 5665 1983 5702 eo·

279 5739 431 5799 verisimile
445 5739 500 5808 sit,
524 5739 553 5793 iu
576 5745 619 5795 tot
644 5740 728 5795 sectis
747 5745 777 5796 et
793 5739 1010 5796 diueudonibua
1025 5740 1123 5812 populi
1150 5741 1210 5795 iere
1226 5739 1334 5793 boetius
1348 5738 1501 5809 paschales
1517 5736 1553 5790 ab
1572 5735 1644 5789 bora
1655 5752 1732 5790 nona
1742 5751 1829 5805 ueqrse
1843 5735 1885 5789 ad
1895 5735 1983 5789 uade-

337 5834 442 5881 flerffll
456 5833 504 5877 loci.
532 5834 567 5876 lV.
1617 5844 1648 5893 16
