4800 6659
387 513 447 572 144
978 503 1101 563 LOCUS
1118 502 1291 564 neamus
1307 503 1484 565 OCTAVUS

385 659 501 727 missio,·
528 660 616 715 solam
644 660 717 715 enim
740 660 809 716 iaec
825 663 911 716 verbo
928 661 1083 716 babentia:
1109 662 1161 716 loc
1180 667 1221 714 est
1247 668 1303 730 est,
1326 677 1360 715 es
1378 678 1435 731 orso
1452 663 1598 733 colligitur
1615 663 1767 717 nssmsitas
1786 671 1812 716 et
1829 664 1918 717 oirtus
1936 664 2082 733 baptismi,

387 760 490 814 eorpus
508 764 604 816 meam,
624 750 702 817 qaod
714 765 772 818 pro
789 748 866 801 uobis
884 748 1026 813 traditam
1042 748 1088 802 lic
1105 754 1145 801 est
1155 765 1220 800 son·
1245 750 1364 801 sednon
1375 750 1528 817 promissio
1546 750 1644 819 aliam
1654 753 1836 820 praecedens,
1854 766 1926 819 qnae
1938 750 2082 820 baptismo

387 833 451 902 pass
469 849 554 901 meus,
574 835 692 904 meipso
706 835 783 888 vodis
799 842 827 888 et
842 852 898 904 pro
914 834 1009 888 maltis
1021 834 1219 905 effundetarin
1245 833 1411 900 obsipnetnr.
1453 836 1540 889 Adde
1562 838 1640 905 osred
1664 838 1747 889 etiam
1765 843 1830 888 ante
1848 836 1903 888 ista
1917 837 2003 889 rerba
2014 837 2082 904 snit

387 920 576 974 remissionem
602 929 788 991 peccatoram.
826 922 879 975 Ubi
898 922 1052 991 promissio
1072 923 1106 974 de
1130 920 1219 973 tradi·
1246 920 1399 988 baptismos
1409 922 1557 989 Jobannis,
1572 939 1652 991 oseem
1665 922 1826 974 aduersarii
1838 922 2080 975 volantlsobseisse

386 1007 460 1060 tione
487 1008 615 1075 corporis
643 1015 670 1060 et
693 1007 829 1083 effusione
852 1008 1004 1076 sanguinis·
1022 1026 1078 1062 non
1095 1008 1219 1075 resertm
1244 1012 1300 1058 mm
1315 1007 1408 1060 nostri
1422 1008 1560 1077 baptismi.
1591 1007 1813 1078 Respondemus:
1836 1008 2008 1064 ostendimus
2027 1027 2080 1065 suo
2093 1009 2123 1049 Ἣ

388 1095 429 1145 ad
445 1101 657 1161 sacramentam,
674 1095 726 1146 sed
743 1095 784 1147 od
794 1095 969 1161 sacrificium,
990 1096 1068 1163 qnod
1078 1101 1142 1146 tune
1154 1094 1219 1147 Deo
1230 1082 1234 1164 l
1244 1091 1313 1159 loco,
1323 1091 1491 1162 baptismum
1503 1111 1563 1149 esse
1568 1094 1688 1148 medium
1695 1094 1909 1165 regenerationis
1922 1095 2080 1164 acproinde

388 1179 554 1248 offerebatur
576 1180 606 1232 in
631 1195 717 1233 coena
742 1186 767 1232 et
784 1188 882 1249 postea
906 1182 1079 1251 offerendam
1103 1188 1166 1232 erat
1190 1179 1218 1230 in
1246 1177 1329 1231 etiam
1340 1178 1405 1234 fidei
1418 1179 1579 1235 excitandae
1591 1186 1618 1235 et
1629 1180 1840 1235 confirmandae.
1862 1178 2080 1235 Promissionem

387 1282 477 1319 errice.
504 1266 571 1319 Non
590 1265 661 1317 enim
681 1265 758 1331 dicit,
777 1283 879 1335 corpas
896 1284 977 1320 snam
996 1267 1065 1319 dari
1083 1265 1220 1334 apostolis
1246 1263 1342 1317 salutis
1361 1264 1498 1336 baptismo
1516 1283 1651 1321 annexam
1669 1283 1729 1321 esse
1748 1265 1844 1336 negari
1863 1265 1940 1319 nulla
1952 1266 2082 1322 veritatis

387 1352 416 1405 in
435 1352 633 1419 remissionem,
652 1352 704 1404 sed
721 1351 854 1420 daripro
868 1352 937 1419 iliis,
955 1351 1086 1405 nimirum
1100 1353 1171 1419 Deo,
1190 1351 1221 1411 in
1248 1349 1339 1419 specie
1362 1357 1468 1420 potest,
1494 1369 1556 1405 cum
1580 1352 1684 1407 diserta
1703 1353 1758 1406 siut
1778 1350 1879 1406 Christi
1898 1352 1997 1407 verba:
2026 1353 2084 1415 Qui

387 1438 577 1492 remissionem
594 1444 776 1506 peecatorum
796 1446 822 1492 et
838 1439 968 1491 similiter
987 1456 1043 1493 non
1061 1438 1140 1506 dieis,
1157 1455 1220 1488 san·
1247 1437 1402 1490 crediderit
1426 1445 1452 1490 et
1471 1438 1628 1507 baptisatus
1638 1438 1746 1504 faerit,
1772 1438 1865 1491 salsos
1882 1440 1943 1493 erit.
1979 1439 2082 1509 Neque

386 1526 497 1593 painem
522 1523 678 1593 propinari
710 1524 857 1593 apostolis,
882 1526 934 1577 sed
957 1525 1066 1594 affandi
1082 1542 1138 1593 pro
1160 1523 1221 1576 iilis
1248 1521 1396 1592 quicquam
1415 1523 1538 1594 impedit,
1559 1524 1633 1595 quod
1650 1524 1720 1578 haec
1733 1523 2082 1594 verbapostresurrectio·

387 1613 418 1665 in
449 1611 639 1665 remissionem
661 1618 850 1679 peccatoram.
894 1610 1117 1681 Respondemus:
1149 1624 1221 1680 quae
1248 1624 1310 1662 nem
1336 1608 1437 1663 Christi
1464 1611 1574 1664 demum
1598 1611 1707 1681 prolata
1731 1610 1800 1678 siut,
1825 1626 1888 1664 cum
1906 1610 2082 1665 institutione

390 1695 582 1769 promissiones
609 1701 638 1750 et
664 1712 748 1767 quam
774 1695 949 1750 dulcissimae
975 1695 1174 1750 consolationes
1192 1694 1221 1748 in
1248 1693 1379 1763 baptismi
1414 1696 1510 1750 eadem
1544 1697 1689 1767 promissio
1727 1696 1860 1766 implicite
1896 1697 2081 1766 contineatur,

391 1799 470 1836 sacra
497 1797 583 1836 coena
612 1782 690 1837 nobis
710 1781 766 1835 sint
783 1782 954 1852 propositae,
977 1783 1148 1837 ostendimus
1172 1798 1222 1834 suo
1248 1780 1359 1849 quando
1378 1781 1450 1836 enim
1468 1782 1642 1852 baptizamur
1659 1785 1689 1836 in
1706 1784 1816 1835 nomine
1835 1785 1940 1851 Patris,
1959 1784 2035 1836 Filii
2054 1793 2081 1837 et

390 1869 449 1923 loco
480 1868 509 1921 in
534 1874 613 1922 tract.
642 1867 772 1925 German.
800 1869 835 1923 de
864 1885 951 1923 coena
968 1886 991 1923 c.
1011 1874 1050 1925 23.
1085 1868 1222 1935 Breslcr,
1250 1866 1373 1934 Spiritus
1398 1869 1501 1936 sancti,
1537 1875 1604 1923 tunc
1635 1869 1750 1923 docente
1781 1868 1865 1923 Petro
1892 1876 1914 1923 l.
1944 1870 2024 1939 epist.
2056 1877 2080 1936 3,

388 1953 512 2010 Christus
537 1953 566 2008 in
592 1971 671 2009 sacra
697 1971 783 2009 coena
799 1955 1022 2009 manducandum
1041 1953 1120 2009 nobis
1140 1954 1223 2009 oiieit
1247 1968 1272 2003 v.
1293 1958 1334 2008 21.
1367 1953 1444 2008 Deus
1469 1954 1567 2009 foedus
1592 1956 1736 2010 uobiscum
1761 1956 1827 2010 init:
1857 1956 1941 2010 Peter
1960 1956 2079 2027 adoptat

389 2039 460 2093 illud
485 2039 576 2110 ipsum
600 2057 716 2111 corpus,
740 2041 815 2112 quod
833 2042 863 2095 in
881 2058 930 2095 are
949 2040 1038 2095 crucis
1056 2040 1084 2095 in
1104 2046 1221 2094 mortem
1246 2053 1296 2090 nos
1315 2037 1343 2092 in
1360 2037 1445 2107 filios3
1463 2040 1588 2095 Christus
1607 2042 1698 2095 induit
1714 2058 1764 2095 nos
1783 2059 1833 2095 sua
1847 2042 1972 2113 justitia,
1991 2044 2079 2112 Spiri-

388 2143 438 2195 pro
461 2125 542 2179 nobis
568 2126 699 2191 tradidit;
726 2127 803 2181 illum
831 2127 921 2197 ipsum
945 2126 1107 2199 sanguinem
1124 2126 1220 2181 biben-
1246 2128 1291 2176 tus
1309 2142 1330 2177 s.
1342 2141 1393 2178 nos
1407 2133 1554 2197 regenerat
1565 2132 1594 2181 et
1608 2132 1730 2183 renovat.
1754 2127 1847 2183 Verba
1859 2128 1962 2182 Christi
1973 2129 2038 2185 Joh.
2051 2137 2076 2186 3.

389 2212 456 2265 dum
474 2211 568 2276 tradit,
589 2228 672 2283 quem
690 2213 719 2266 in
736 2230 785 2267 ara
803 2214 892 2268 crucis
910 2214 939 2268 in
955 2213 1142 2269 remissionem
1156 2229 1220 2283 pec·
1246 2212 1314 2263 Nisi
1329 2212 1391 2279 qais
1408 2221 1523 2265 renatus
1532 2215 1628 2281 faerit
1645 2231 1677 2267 es
1693 2232 1768 2283 aqna
1786 2224 1811 2267 et
1825 2215 1944 2283 Spiritu,
1963 2232 2019 2270 non
2036 2234 2078 2272 so·

388 2304 512 2352 catorum
535 2315 586 2368 pro
605 2297 685 2352 nobis
705 2298 819 2363 effudit;
843 2300 941 2371 utique
962 2317 1027 2371 ergo
1045 2298 1126 2353 offert
1139 2298 1220 2352 nobis
1245 2295 1302 2349 lum
1321 2298 1521 2366 necessitatem,
1540 2301 1589 2354 sed
1610 2306 1638 2355 et
1649 2300 1770 2354 fructum
1782 2300 1913 2370 baptismi
1926 2309 2077 2372 exponunt

389 2384 481 2438 omnia
506 2383 642 2439 beneficia
668 2386 817 2440 traditione
841 2386 884 2440 sui
902 2387 1023 2456 corporis
1043 2392 1070 2440 et
1086 2384 1219 2440 effusione
1245 2381 1276 2436 Si
1295 2382 1367 2436 enim
1387 2400 1467 2438 nemo
1485 2385 1585 2440 nisiex
1598 2403 1671 2457 aqua
1685 2394 1713 2441 et
1726 2386 1823 2455 spiritu
1835 2394 1947 2441 renatus
1959 2405 2077 2459 regnum

387 2471 430 2524 sui
456 2470 599 2542 sanguinis
623 2476 711 2541 parta.
754 2473 886 2536 Quemvis
910 2472 996 2544 igitur
1021 2472 1083 2541 ipsa
1105 2471 1219 2525 traditio
1245 2468 1382 2522 coelorum
1400 2470 1508 2540 ingredi
1526 2477 1624 2541 potest,
1645 2472 1784 2543 colligitur
1801 2489 1818 2526 a
1837 2474 2076 2539 contrariosensu

387 2556 508 2627 corporis
532 2562 561 2611 et
592 2556 690 2612 effusio
718 2558 860 2629 sanguinis
881 2575 936 2611 non
953 2557 982 2612 in
1004 2574 1104 2625 coena,
1122 2557 1218 2612 sedin
1244 2571 1277 2608 ex
1305 2571 1377 2625 aqua
1405 2564 1433 2610 et
1459 2557 1564 2626 Spiritu
1591 2558 1619 2612 in
1649 2559 1786 2629 baptismo
1803 2576 1853 2613 nos
1873 2561 2031 2630 regenerari
2049 2568 2077 2615 et

387 2659 437 2697 ara
455 2642 544 2698 crucis
563 2643 638 2699 facta
658 2644 707 2710 sit,
731 2651 825 2699 tamen
844 2644 965 2714 corporis
983 2644 1012 2698 in
1031 2650 1145 2698 mortem
1164 2649 1218 2697 tre·
1244 2639 1316 2695 fores
1334 2643 1413 2713 regni
1431 2644 1557 2697 coelestis
1576 2645 1685 2715 aperiri.
1715 2646 1761 2699 An
1778 2653 1806 2700 et
1825 2646 1963 2716 quomodo
1984 2665 2077 2703 sacra-

388 2728 439 2783 diti
457 2735 485 2784 et
503 2730 645 2801 sanguinis
665 2730 694 2784 in
713 2747 761 2784 ara
781 2731 871 2784 crucis
890 2730 970 2784 effusi
988 2730 1138 2801 participes
1157 2730 1218 2784 red·
1244 2733 1337 2782 menta
1362 2729 1417 2783 sint
1436 2731 1647 2799 promissionum
1671 2731 1826 2786 divinarum
1846 2732 2003 2803 signacula,
2025 2750 2075 2789 suo

388 2816 478 2869 dimur
495 2816 524 2870 in
542 2816 727 2871 sacratissimo
739 2816 786 2870 illo
798 2833 902 2871 coenae
914 2816 1066 2871 dominicae
1079 2815 1218 2886 mysterio,
1243 2814 1305 2867 loco
1324 2815 1478 2884 expositum
1497 2816 1615 2870 dabitur.

387 2918 442 2972 quo
467 2902 664 2974 pretiosissimo
686 2902 803 2974 pignore
826 2902 970 2974 promissio
996 2904 1031 2957 de
1056 2902 1146 2974 gratia
1163 2901 1218 2955 Dei

320 2977 324 2984 ’
388 2992 416 3042 et
440 2988 599 3043 remissione
622 2995 798 3059 peccatorum
816 2989 959 3045 evidenter
976 2989 1056 3044 nobis
1074 2989 1217 3044 confirma·
1282 2992 1320 3042 le.
1359 2986 1472 3042 Sextum
1498 2988 1665 3056 membrum,
1695 2989 1769 3059 quod
1798 2990 1943 3059 promissio
1972 2992 2076 3047 debeat
2087 2989 2123 3032 ⁰⁰¹

387 3080 440 3129 tur.
472 3075 506 3129 ln
523 3076 614 3146 capite
632 3083 708 3131 sexto
726 3075 862 3132 Johannis
880 3093 963 3147 quam
982 3075 1116 3139 efficaces,
1134 3092 1217 3146 quam
1245 3089 1304 3127 esse
1327 3073 1420 3128 divina
1444 3074 1615 3130 ordinatione
1635 3075 1723 3147 ¹signo
1743 3092 1863 3144 annexa,
1888 3077 1990 3132 falsum
2014 3053 2123 3143 esseiid

387 3178 485 3216 suaves
508 3162 683 3216 continentur
705 3161 899 3232 promissiones
921 3163 956 3217 de
981 3162 1118 3233 spirituali
1142 3178 1217 3216 man·
1244 3159 1427 3215 Bellarminns
1448 3163 1622 3231 pronuntiat,
1643 3181 1704 3215 mem
1721 3165 1837 3225 sabam,
1857 3167 1933 3232 qssod
1952 3149 2123 3220 annam-‘⁸¹¹

389 3248 535 3303 duratione
565 3247 687 3318 corporis
714 3252 743 3302 et
768 3247 903 3302 bibitione
931 3249 1073 3319 sauguinis
1102 3248 1218 3304 Christi!
1245 3254 1291 3298 tar
1309 3256 1334 3299 et
1352 3249 1467 3301 vestitor
1484 3251 1572 3318 signs,
1593 3257 1623 3301 nt
1640 3250 1991 3320 indefiatsaeromentam
2006 3272 2075 3307 nan·

387 3352 413 3389 v.
433 3341 481 3390 542
510 3334 564 3397 Qui
590 3337 742 3388 mmsdneat
769 3352 882 3388 carnem
906 3354 995 3389 meam
1019 3345 1044 3390 et
1070 3337 1137 3388 bibit
1154 3354 1217 3388 san·
1245 3350 1329 3401 qaam
1351 3335 1389 3387 sit
1403 3337 1632 3404 promissorium,
1654 3337 1705 3389 sed
1730 3338 1911 3390 assertoriam
1930 3346 1956 3390 et
1974 3342 2074 3409 depre-

386 3423 496 3492 painem
521 3438 625 3486 meum,
652 3422 733 3475 babet
758 3423 844 3475 sitam
868 3430 1026 3487 aeternam,
1056 3431 1082 3476 et
1105 3441 1156 3492 epo
1176 3441 1218 3477 re·
1245 3421 1391 3476 satoriam.
1423 3423 1490 3475 Clam
1509 3422 1581 3474 enim
1600 3439 1676 3490 apua
1690 3423 1870 3491 adspergitur
1882 3424 1912 3475 in
1925 3424 2075 3495 baptismo,

386 3510 527 3564 monitate
552 3526 612 3562 eam
637 3508 667 3560 in
685 3509 835 3563 novissimo
857 3510 912 3564 die,
947 3527 972 3564 v.
994 3516 1042 3565 55:
1066 3510 1139 3563 Caro
1157 3528 1220 3563 mea
1245 3508 1439 3560 condicitur:
1459 3507 2076 3578 Quicredideritetbaptizsosfasra,ssl-

388 3612 450 3649 vere
479 3604 520 3649 est
551 3596 628 3649 eibos
657 3602 683 3648 et
717 3596 834 3663 sonpais
863 3612 940 3649 meas
968 3614 1029 3650 vere
1061 3605 1100 3650 est
1124 3606 1218 3667 potas,
1245 3610 1295 3644 oses
1311 3593 1377 3659 erit,
1400 3594 1452 3647 sed
1472 3610 1522 3661 epo
1540 3594 1649 3662 baptiso
1667 3594 1697 3645 in
1717 3595 1825 3647 nomine
1844 3598 1943 3648 Patris
1962 3606 1987 3650 et
2005 3600 2078 3652 Filii

386 3701 412 3736 v.
434 3687 482 3737 56:
515 3683 569 3745 Qai
589 3684 742 3735 manducat
763 3700 852 3735 meam
872 3699 983 3736 carnem
1002 3690 1027 3736 et
1046 3684 1113 3736 bibit
1130 3701 1219 3736 meam
1246 3687 1271 3731 et
1291 3679 1416 3747 Spiritus
1434 3681 1533 3743 saneti,
1554 3698 1625 3749 qnae
1643 3682 1726 3733 rerba
1741 3700 1797 3735 noa
1807 3691 1870 3735 sant
1880 3686 2076 3752 promissorio.

387 3769 559 3835 sangninem,
579 3768 609 3821 in
626 3786 668 3822 me
688 3776 787 3837 mana,
807 3776 832 3822 et
844 3785 895 3837 epo
907 3770 937 3821 in
949 3769 1002 3823 illo
1015 3775 1065 3823 etc.
1089 3768 1219 3833 Quamvis
1246 3767 1285 3818 Et
1305 3767 1456 3835 Dominus,
1484 3785 1545 3819 som
1563 3768 1760 3820 owlaristiem
1777 3768 1847 3832 feeit
1865 3777 1891 3821 et
1908 3771 2003 3839 dedit,
2021 3792 2077 3827 non

387 3870 452 3909 vero
472 3854 715 3909 manducationem
734 3855 960 3909 sacramentalem
973 3862 1001 3909 et
1019 3856 1218 3911 institutionem
1246 3853 1306 3905 ait:
1328 3854 1384 3915 Qui
1402 3855 1554 3906 manducat
1573 3855 1773 3924 incapacem,
1791 3856 1857 3908 vivit
1876 3857 1906 3909 in
1923 3865 2076 3925 aeternnm,

388 3940 570 3996 eucharistiae
597 3956 730 4011 negemus
757 3939 786 3992 in
807 3940 861 3995 hoc
882 3958 906 3995 c.
925 3946 948 3996 6.
981 3941 1115 3997 Jobannis
1133 3944 1219 3997 eonti-
1246 3948 1295 3992 ont
1312 3940 1425 4008 aliquid
1441 3941 1588 4008 ejusmodi,
1605 3943 1657 3993 ssd
1672 3942 1727 3993 ait:
1746 3941 1872 4009 Accipite
1890 3951 1916 3995 et
1934 3947 2076 4014 oomsdQ

389 4027 463 4095 neri,
494 4045 549 4082 non
579 4033 672 4082 tamen
701 4026 862 4099 simpliciter
890 4027 959 4081 illud
990 4045 1007 4083 a
1035 4029 1159 4083 donnino.
1184 4029 1219 4084 de
1245 4026 1296 4079 lios
1316 4033 1355 4078 est
1374 4044 1476 4095 corpas
1496 4044 1593 4079 meam.
1624 4027 1660 4079 In
1679 4035 1853 4081 sacransento
1873 4037 1965 4081 antem
1978 4034 2077 4095 confir·

390 4131 469 4170 sacra
488 4130 575 4169 coena
599 4113 783 4180 excludimus,
809 4114 859 4167 sed
883 4113 1122 4169 manducationem
1141 4115 1219 4185 spiri·
1247 4113 1378 4165 motionis
1397 4122 1422 4165 et
1440 4121 1576 4166 extremos
1595 4114 1733 4166 coctionis
1750 4115 1856 4167 utimar
1875 4116 1957 4168 verbo
1977 4119 2075 4186 depre-

389 4200 492 4255 tualem
521 4207 550 4255 et
573 4199 693 4254 fructum
721 4199 805 4268 hujus
832 4216 934 4253 coenae
963 4200 1116 4254 dominicae
1138 4201 1167 4255 in
1186 4218 1219 4255 eo
1246 4201 1366 4262 catorio,
1395 4201 1462 4270 quia
1491 4202 1531 4253 sis
1561 4203 1659 4254 docem
1676 4219 1726 4254 nos
1747 4203 1820 4254 Asta
1840 4204 2033 4270 apostoloram
2051 4214 2076 4259 et

388 4286 505 4358 proponi
534 4288 671 4342 docemus.
713 4286 757 4342 De
777 4292 837 4341 tcta
861 4285 913 4341 hac
937 4303 965 4340 re
984 4302 1033 4341 suo
1053 4287 1114 4341 loeo
1128 4288 1217 4358 plura.
1244 4286 1369 4339 Josobus
1387 4305 1409 4339 o.
1423 4292 1448 4340 5.
1467 4288 1497 4340 in
1516 4295 1691 4340 sacramento
1709 4289 1817 4340 ordinis
1835 4289 2026 4356 imperatorio,
2045 4293 2074 4345 in

388 4372 462 4437 Quid
485 4389 549 4427 vero
578 4373 613 4426 de
638 4372 775 4443 baptismo
792 4373 888 4427 statuit
906 4371 1108 4426 Bellarminns?
1143 4372 1217 4427 Num
1244 4371 1364 4441 reliquis
1388 4374 1548 4427 assertoris.
1584 4373 1805 4443 Respondemus:
1830 4375 1943 4429 assertio
1966 4381 1994 4429 et
2012 4394 2075 4447 pro·

388 4466 418 4515 et
440 4460 468 4513 in
487 4476 519 4514 eo
543 4458 639 4514 baberi
658 4466 744 4530 negat
759 4459 966 4529 promissionem
984 4458 1110 4530 gratiae?
1146 4461 1218 4515 Pro·
1245 4457 1337 4513 missio
1362 4476 1418 4512 non
1441 4463 1506 4538 sunt
1529 4459 1581 4514 sibi
1601 4459 1718 4513 invicem
1736 4459 1872 4529 opposita.
1910 4461 1964 4516 Per
1984 4480 2074 4517 sacra·

390 4546 485 4600 missio
501 4547 674 4613 praecedens
696 4544 820 4615 (inquit),
839 4562 911 4614 qnae
929 4564 948 4598 a
965 4553 1140 4600 sacramento
1157 4555 1218 4600 tan·
1245 4550 1339 4598 menta
1370 4545 1532 4617 obsignatur
1555 4546 1731 4601 credentibus
1756 4546 1899 4618 promissio
1924 4547 1959 4602 de
1985 4550 2076 4620 gratia

390 4650 475 4701 psam
496 4631 599 4699 Sipitlo
625 4632 799 4700 obsipnetar,
818 4649 873 4685 non
891 4639 930 4684 est
947 4633 1104 4685 necessaria
1123 4648 1172 4685 nes
1190 4633 1220 4685 in
1246 4631 1299 4684 Dei
1319 4637 1348 4685 et
1368 4632 1526 4686 remissione
1538 4640 1723 4702 peccatorum,
1743 4650 1797 4704 quo
1809 4651 1891 4686 sensu
1904 4641 1932 4687 ct
1946 4643 2074 4706 respectu

393 4717 519 4772 omnibus
537 4718 721 4771 sacramentis
737 4717 882 4770 inuenitur.
920 4718 994 4770 Nam
1021 4718 1051 4770 in
1075 4719 1220 4787 baptismo,
1245 4717 1388 4789 promissio
1427 4723 1501 4772 recte
1537 4718 1639 4771 dicitur
1669 4719 1761 4773 divina
1792 4719 1964 4775 ordinatione
1996 4722 2075 4795 signo

391 4804 441 4873 qni
461 4803 582 4858 omnium
606 4820 741 4856 consensa
764 4811 966 4856 sacramentam
986 4811 1041 4868 est,
1060 4821 1115 4856 non
1130 4804 1220 4869 facile
1247 4804 1439 4859 sacramentali
1468 4820 1589 4868 annexa3
1618 4821 1668 4874 per
1696 4806 1793 4860 eadem
1820 4814 1991 4862 sacramenta
2015 4817 2076 4864 tau·

391 4890 545 4943 invenietur
571 4890 712 4957 ejusmodi
734 4890 896 4959 promissio.
940 4890 1078 4944 Latiares
1103 4897 1128 4943 et
1152 4890 1221 4943 Pisi-
1247 4909 1330 4963 quam
1350 4890 1481 4944 salutaria
1500 4896 1528 4945 et
1548 4890 1675 4945 efficacia
1693 4894 1785 4948 media
1804 4894 1958 4947 offeruntur
1975 4901 2003 4949 et
2020 4914 2076 4951 cre·

392 4977 488 5045 lippus
507 4977 630 5045 afferant
648 4975 729 5029 iilam
741 4977 957 5045 promissionem
972 4978 1064 5030 diors.
1077 4976 1143 5031 ult:
1167 4975 1223 5038 Qui
1248 4976 1378 5030 dentibus
1395 4976 1570 5047 applicantur
1587 4976 1724 5031 beneficia
1735 4978 1764 5032 in
1776 4980 1919 5050 evangelio
1934 4981 2077 5050 promissa,

391 5062 546 5117 crediderit
558 5069 584 5114 et
603 5062 759 5131 baptisatus
769 5063 872 5130 faerit,
892 5062 988 5116 salvas
1007 5062 1076 5130 erit,·
1096 5064 1148 5115 sed
1166 5064 1221 5115 ista
1248 5080 1303 5134 quo
1326 5080 1407 5117 sensu
1431 5069 1458 5117 et
1483 5068 1611 5133 respectu
1629 5072 1704 5119 recte
1724 5065 1854 5119 dicuntur
1868 5067 2074 5135 justificationis

391 5168 447 5204 non
473 5156 513 5202 est
535 5148 688 5217 promissio
712 5138 904 5216 prae‘eedens,
931 5151 982 5202 sed
1008 5156 1048 5201 est
1073 5148 1223 5216 explicatio
1248 5150 1438 5203 instrumenta.
1467 5148 1585 5213 Quando
1603 5150 1727 5205 minister
1744 5152 1821 5206 dicit:
1842 5155 1905 5220 Epo
1923 5161 1949 5205 te
1968 5155 2076 5223 baptiso

392 5236 534 5307 efficaciae
557 5236 727 5288 sacramenti
749 5243 775 5287 et
794 5243 946 5303 praeterea
972 5237 1028 5288 ista
1054 5236 1137 5287 aerbo
1157 5243 1223 5304 post
1248 5236 1278 5287 in
1306 5235 1415 5289 nomine
1436 5234 1536 5287 Patris
1562 5243 1589 5287 et
1611 5236 1684 5288 Filii
1701 5244 1726 5288 st
1744 5238 1868 5305 Spiritus
1886 5241 1992 5304 sancti,
2022 5259 2076 5296 non

392 5323 621 5377 resurrectionem
646 5340 664 5374 a
686 5322 807 5375 Domino
825 5323 904 5375 dicta
919 5330 1001 5391 sant,·
1026 5322 1223 5390 baptismium
1249 5322 1336 5375 solum
1356 5319 1462 5382 asserit,
1483 5319 1654 5390 baptizatum
1672 5322 1701 5375 in
1719 5322 1817 5377 foedus
1834 5323 1887 5378 Dei
1909 5326 2012 5397 recipi,
2029 5328 2076 5382 sed

393 5418 445 5462 tem
467 5414 670 5462 sacramentam
692 5407 772 5460 eliam
800 5414 863 5459 ante
876 5408 1039 5476 passionem
1060 5408 1165 5462 Christi
1181 5409 1222 5460 in·
1249 5414 1277 5463 et
1294 5406 1424 5478 obsignat
1443 5406 1651 5476 promissionem
1669 5409 1805 5479 evangelii
1824 5411 1962 5481 propriam
1982 5413 2017 5468 de
2037 5430 2077 5467 re·

393 5497 517 5549 stitutum
539 5502 586 5547 est.
625 5494 728 5546 Dicent
747 5494 883 5558 fortassis
907 5494 1019 5562 haberi,
1047 5494 1133 5547 alsam
1152 5511 1223 5563 pro·
1249 5492 1377 5547 missione
1404 5499 1587 5561 peccatorum.
1627 5493 1705 5548 Idem
1723 5495 1857 5564 judicium
1875 5504 1917 5551 est
1935 5499 1970 5553 de
1987 5516 2076 5552 sacra·

392 5582 550 5635 missionem
569 5581 635 5637 Jol.
655 5586 676 5636 3.
704 5581 760 5633 nisi
777 5581 839 5649 qais
859 5588 974 5632 renatas
984 5582 1078 5646 fiterit
1097 5598 1129 5634 eos
1147 5599 1223 5649 sassa
1248 5585 1341 5633 mento
1364 5596 1466 5634 coenae
1488 5578 1655 5646 dominicae,
1678 5579 1706 5633 in
1724 5584 1804 5652 cujus
1821 5583 1935 5637 salutari
1953 5603 2005 5638 usu
2023 5603 2075 5639 non

395 5676 420 5720 et
443 5666 554 5736 Spiritu
583 5673 694 5728 saneto.
723 5685 779 5721 non
802 5673 892 5735 potest
915 5666 1033 5719 introire
1060 5668 1089 5719 ia
1108 5684 1223 5735 regnam
1249 5666 1335 5721 solum
1355 5665 1484 5730 offertur,
1504 5667 1552 5721 sed
1572 5672 1600 5720 et
1619 5667 1773 5736 applicatur
1790 5675 1819 5723 et
1837 5669 1999 5742 obsignatur
2016 5688 2076 5744 pro·

393 5752 452 5807 Dei
457 5773 467 5821 ;
485 5756 537 5808 sed
551 5754 621 5808 isaeo
638 5772 694 5810 non
710 5762 767 5809 tarn
779 5752 931 5824 promissio
949 5770 1033 5822 ossam
1046 5755 1223 5810 comminatio
1249 5751 1343 5808 missio
1360 5752 1475 5823 pedae,
1495 5769 1550 5824 qna
1568 5753 1603 5808 de
1617 5770 1646 5807 re
1663 5752 1729 5808 alibi
1746 5756 1834 5826 plura.
