4800 6659
917 656 969 712 ns
988 651 1109 713 saeuo
1128 629 1331 708 Βιιιιειιο.
1901 656 1959 717 ιιι

267 817 351 873 siculi
374 818 481 890 quarti,
511 821 596 889 atque
621 817 671 872 hos
694 815 763 870 duos
780 813 931 869 versiculos
951 813 991 867 ita
1007 809 1104 866 cohae·
1131 809 1226 881 Atque
1245 826 1278 865 eo
1296 824 1379 864 sensu
1396 808 1449 864 hoc
1467 807 1528 862 loco
1546 809 1736 881 accipiendam
1755 824 1816 864 esse
1832 814 1911 881 patet
1930 825 1964 864 ex

266 921 348 975 rere,
370 909 402 959 ut
431 903 513 959 ambo
540 904 700 959 contineant
723 918 875 957 sermonem
901 898 982 953 Pauli
1004 896 1040 950 de
1057 894 1105 949 ba·
1131 914 1157 953 v.
1178 902 1201 951 6.
1220 895 1305 967 hujus
1323 894 1441 966 capitis.)
1477 895 1602 968 Cumque
1621 895 1734 967 Ephesii
1753 912 1786 951 eo
1805 896 1887 951 modo
1903 894 1963 967 Spi-

265 991 372 1062 ptismo
392 989 538 1047 iohannis.
572 988 669 1043 Verba
685 987 755 1043 haec
773 993 852 1042 sunt:
879 986 1026 1039 Johannes
1045 982 1105 1052 qui-
1131 983 1213 1037 ritum
1243 988 1370 1037 sanctum
1397 982 1538 1053 accepisse
1564 988 1711 1053 negarent,
1742 982 1797 1037 imo
1824 982 1907 1038 etiam
1933 997 1963 1037 se

218 1074 251 1119 ²¹·
268 1078 335 1130 dem
363 1075 512 1146 baptisavit
545 1075 682 1145 baptismo
713 1072 904 1142 poenitentias
933 1070 1030 1123 dicens
1052 1084 1105 1137 po·
1131 1069 1252 1133 nescire,
1270 1085 1307 1123 an
1327 1069 1363 1123 sit
1381 1067 1500 1140 Spiritus
1518 1074 1644 1138 sanctus,
1660 1069 1712 1124 hoc
1729 1074 1787 1144 est,
1808 1086 1845 1125 sn
1862 1069 1964 1124 dentur

261 1163 352 1232 palo,
376 1170 408 1216 ut
425 1163 572 1216 crederent
590 1162 620 1214 in
640 1177 714 1228 eum,
733 1162 782 1230 qui
799 1166 930 1213 uenturus
950 1161 1034 1216 esset,
1053 1153 1105 1205 boc
1132 1155 1216 1210 etiam
1248 1155 1309 1209 aliis
1339 1155 1515 1211 credentibus
1545 1156 1614 1211 talia
1651 1155 1816 1211 miraculosa
1844 1155 1964 1227 Spiritus

266 1257 310 1303 est
337 1251 368 1302 in
388 1249 529 1304 Ciristnm
547 1249 653 1301 Jesum.
689 1246 744 1301 Illi
766 1262 847 1315 uero,
874 1244 924 1315 qni
946 1242 1105 1302 audierunt,
1132 1242 1220 1296 sancti
1240 1240 1328 1306 dona,
1347 1241 1450 1297 diserte
1467 1241 1675 1314 profiterentur,
1692 1241 1850 1314 quaerendo
1871 1242 1965 1314 pergit

266 1333 323 1389 hoc
341 1335 451 1405 estqui
471 1333 624 1388 doctrinam
646 1331 791 1403 Baptistae
815 1331 849 1386 de
865 1329 976 1384 Christo
993 1341 1104 1395 recepe·
1132 1326 1273 1399 apostolus
1291 1346 1317 1384 v.
1337 1334 1359 1384 3.
1380 1332 1418 1390 εις
1436 1334 1466 1382 rt
1483 1327 1534 1384 οὖν
1551 1330 1749 1399 ἐβαπτίσθητε,
1768 1331 1799 1382 in
1818 1328 1889 1399 quid
1906 1329 1964 1382 sios

265 1425 343 1490 runt,
365 1420 502 1490 baptizati
520 1426 583 1472 sunt
604 1420 633 1472 in
650 1435 749 1472 nomen
768 1418 887 1472 Domini
899 1417 976 1469 Jesu.
1006 1412 1104 1468 osten·
1131 1431 1219 1482 quare
1246 1431 1312 1483 erpo
1341 1414 1477 1483 baptisati
1503 1417 1582 1480 estis,
1612 1416 1642 1469 id
1668 1422 1724 1485 est,
1750 1432 1786 1471 an
1811 1432 1867 1469 nou
1896 1430 1963 1487 ergo

266 1506 313 1561 dit
339 1506 482 1577 apostolus
506 1505 618 1560 modum
645 1521 678 1560 sc
698 1505 834 1560 rationem
852 1500 984 1573 baptismi
1001 1498 1104 1556 Johau-
1132 1498 1301 1569 baptismum
1332 1500 1491 1572 suscepistis
1520 1501 1556 1555 ab
1583 1501 1735 1572 apostolis?
1770 1500 1895 1573 Cumque
1922 1498 1964 1553 illi

266 1594 329 1661 nis,
359 1591 488 1647 nimirum
526 1592 602 1664 quod
637 1591 727 1661 primo
758 1590 892 1661 populum
922 1584 1046 1642 docuerit
1071 1583 1106 1638 de
1131 1586 1343 1657 responderent,
1371 1604 1400 1642 se
1425 1587 1455 1641 in
1476 1588 1612 1644 iohannis
1631 1587 1772 1660 baptisma
1796 1604 1856 1643 esse
1873 1585 1964 1659 bapti-

266 1678 381 1734 Christo
405 1683 535 1747 venturo,
566 1684 664 1748 postea
688 1676 799 1731 demum
824 1675 886 1729 illos
909 1670 1104 1745 baptizaverit.
1132 1677 1223 1742 satos,
1246 1672 1299 1729 hoc
1322 1679 1364 1728 est
1381 1691 1399 1729 a
1415 1673 1544 1731 iohanne
1567 1674 1650 1742 (deut
1667 1673 1776 1745 phrasis
1794 1673 1844 1729 ills
1861 1672 1965 1744 accipi-

266 1764 403 1836 Sequitur
425 1782 452 1820 v.
473 1770 503 1819 6:
538 1766 578 1818 Et
609 1781 671 1817 cum
700 1764 811 1817 Paulus
839 1762 901 1816 iliis
929 1759 1106 1830 imposuisset
1132 1766 1177 1813 tur
1195 1765 1219 1814 1.
1240 1758 1301 1817 Cor.
1324 1767 1369 1830 10,
1393 1779 1420 1820 v.
1446 1768 1474 1817 2:
1506 1763 1607 1816 Omnes
1630 1762 1660 1815 in
1685 1762 1806 1830 Moysen
1832 1760 1968 1833 baptisati

266 1870 385 1920 manus,
409 1853 485 1905 osni
511 1851 637 1919 Spiritus
654 1859 767 1904 sanctus
784 1867 869 1919 super
886 1865 941 1904 eos.
975 1846 1030 1902 Illa
1045 1847 1104 1916 jam
1132 1852 1215 1912 sunt),
1232 1846 1285 1901 hac
1305 1848 1450 1903 occasione
1468 1849 1610 1919 apostolus
1619 1848 1654 1904 de
1666 1847 1822 1904 discrimine
1833 1845 1966 1920 baptismi

266 1943 338 1993 suut
358 1936 445 1993 verba
468 1936 655 2007 evangelistae
678 1936 787 2004 Lucae,
817 1935 866 1990 ubi
894 1932 1032 2005 particula
1059 1935 1106 1984 καὶ
1131 1931 1267 1988 iohannis
1293 1940 1322 1988 et
1341 1934 1530 2005 apostolorum
1554 1936 1678 2004 disserit,
1708 1934 1784 2006 quod
1807 1932 1914 1989 scilicet
1936 1933 1966 1989 in

266 2024 422 2096 respondet
447 2023 539 2078 versui
564 2022 648 2077 tertio
671 2029 699 2078 st
716 2028 824 2094 quarto.
860 2021 938 2076 Haec
957 2016 1105 2090 explicatio
1131 2017 1272 2089 baptismo
1294 2018 1431 2076 iohannis
1457 2037 1513 2076 non
1530 2021 1616 2076 fuerit
1636 2021 1713 2075 facta
1730 2018 1848 2074 risibilis
1867 2019 1966 2077 effusio

267 2111 402 2168 convenit
423 2126 487 2165 cum
512 2126 561 2179 eo,
588 2108 663 2180 quod
686 2108 739 2164 sub
763 2107 847 2163 finem
870 2107 970 2178 capitis
994 2110 1035 2161 18.
1071 2104 1107 2158 de
1133 2104 1267 2160 donorum
1291 2106 1410 2177 Spiritus
1436 2108 1527 2163 sancti
1549 2108 1622 2162 sicut
1646 2108 1676 2161 in
1699 2105 1838 2177 baptismo
1857 2110 1966 2177 sposto-

267 2197 426 2269 Apollone,
457 2198 507 2267 qai·
529 2204 636 2251 tantum
663 2196 803 2265 baptisma
822 2195 965 2248 Jobannis
981 2199 1107 2259 nouerat,
1132 2190 1222 2245 lorum
1240 2198 1303 2263 post
1319 2192 1423 2249 Christi
1441 2193 1676 2266 glorificationem
1707 2193 1772 2251 Joh.
1791 2200 1816 2258 ’1,
1833 2210 1859 2246 v.
1879 2197 1921 2250 39.
1939 2197 1968 2248 et

268 2283 416 2352 scribitur,
444 2284 536 2351 :psum
560 2283 672 2353 quidem
698 2282 859 2336 accuratius
877 2283 907 2334 in
923 2281 970 2333 oia
987 2277 1108 2333 Domini
1132 2278 1246 2332 tandem
1276 2296 1326 2350 per
1356 2280 1558 2352 impositionem
1586 2298 1718 2336 manuum
1741 2278 1893 2351 peculiaria
1917 2277 1967 2333 illa

267 2370 442 2437 institutum,
465 2387 541 2438 aqua
567 2377 660 2422 amem
684 2387 740 2423 aon
761 2370 852 2434 fuisse
872 2370 964 2421 (10000
984 2366 1106 2433 baptiso·
1133 2363 1252 2434 Spiritus
1272 2366 1363 2420 sancti
1381 2366 1479 2421 dona
1471 2368 1538 2438 ipsis
1554 2367 1692 2441 impetrat.

269 2464 338 2511 tum
374 2453 413 2509 Et
435 2454 590 2509 collationis
612 2455 704 2526 mstis
726 2456 781 2510 huc
805 2453 899 2511 reterri
920 2458 1013 2524 potest
1029 2452 1108 2505 locus
1168 2456 1210 2506 64.
1240 2450 1417 2522 stapletonus
1440 2454 1593 2526 majoribus
1618 2453 1724 2508 viribus
1742 2453 1814 2508 hanc
1833 2452 1994 2550 interpre-¹¹
1978 2457 2039 2499 ΕΜ
2075 2467 2101 2499 0·

269 2544 368 2597 Actor.
387 2546 454 2606 8‚v
455 2547 528 2597 .:14
555 2540 623 2594 Cum
641 2542 786 2594 anausoni
804 2538 940 2610 apostoli,
959 2537 1107 2608 9000150-
1133 2536 1265 2592 tationem
1295 2539 1470 2610 aggreditur,
1503 2541 1583 2611 cujus
1616 2539 1790 2612 exceptiones
1818 2521 1994 2611 antequam¹¹
1979 2561 2076 2614 ,mm

270 2627 369 2683 maria
386 2628 536 2696 recepisset
554 2628 665 2680 uerbum
684 2627 753 2696 Dei,
777 2627 912 2679 mumnt
929 2626 972 2678 ad
988 2639 1036 2678 sos
1053 2624 1107 2677 Pe·
1133 2623 1319 2722 proferamus,
1348 2641 1504 2695 monemus,
1531 2625 1677 2681 duodecim
1706 2625 1768 2681 illos
1793 2624 1882 2694 viros,
1910 2641 1967 2680 non

270 2724 348 2770 snm
367 2722 394 2769 st
414 2714 591 2777 Johannem;
614 2730 640 2766 v.
661 2718 705 2767 15:
726 2713 856 2782 quicum
874 2712 1027 2778 recusent,
1044 2726 1108 2763 ora·
1134 2709 1186 2763 nisi
1203 2710 1340 2767 Johannis
1356 2711 1494 2783 baptismo
1512 2711 1683 2784 baptizatos,
1699 2712 1793 2768 vocari
1811 2711 1968 2781 discipulos

271 2809 374 2857 uruat
392 2816 447 2870 pro
473 2800 558 2868 ipsis,
580 2807 611 2853 nt
633 2800 792 2868 acciperent
809 2799 948 2868 Spiritum
965 2803 1107 2860 sonuum,-
1133 2811 1159 2851 v.
1181 2803 1202 2852 1.
1228 2805 1255 2850 et
1272 2799 1415 2852 credentes
1431 2816 1458 2853 v.
1479 2804 1502 2854 2.
1537 2799 1643 2872 Utique
1670 2815 1737 2871 ergo
1760 2798 1897 2880 iohannis
1918 2797 1967 2853 ha·

272 2905 299 2943 r.
322 2892 370 2942 ts:
399 2886 524 2941 mudum
547 2885 671 2939 enimin
693 2897 858 2954 quemquam
879 2884 996 2938 illorum
1013 2898 1109 2951 super·
1134 2881 1252 2953 ptismus
1270 2882 1307 2937 ad
1325 2883 1476 2955 discipulos
1496 2883 1599 2940 Christi
1623 2885 1766 2940 iaciendos
1791 2901 1825 2941 sc
1851 2884 1968 2956 proinde

272 2980 402 3043 marat,
428 2974 481 3026 sed
498 2971 632 3040 baptismi
648 2978 755 3023 tantum
772 2977 854 3024 erant
872 2970 902 3022 in
919 2969 1030 3024 nomine
1048 2969 1108 3021 Do·
1135 2968 1172 3023 ad
1201 2968 1286 3024 iidem
1318 2975 1346 3025 et
1374 2971 1561 3027 remissionem
1584 2978 1762 3042 peccatorum
1783 2971 1838 3027 fuit
1861 2970 1968 3029 efficax.

272 3060 347 3115 missi
373 3060 463 3124 Jesu,·
490 3074 517 3114 v.
544 3063 587 3112 17:
616 3065 681 3110 tunc
706 3057 885 3127 imponebant
906 3073 1006 3109 manus
1024 3071 1109 3123 super
1135 3056 1201 3112 Sine
1219 3056 1276 3111 fide
1294 3057 1367 3111 euim
1387 3074 1468 3114 nemo
1489 3064 1581 3129 potest
1597 3059 1659 3115 Deo
1674 3059 1784 3131 placere
1801 3065 1851 3116 aut
1866 3058 1970 3115 Christi

274 3148 355 3217 ipsos
370 3154 399 3200 et
416 3144 590 3214 accipiebant
609 3143 747 3212 Spiritum
764 3151 912 3204 sanetum.
1136 3158 1197 3198 esse
1214 3142 1376 3215 discipulus.
1412 3144 1470 3200 Ubi
1490 3152 1583 3201 autem
1600 3162 1668 3201 vera
1684 3145 1770 3211 tides,
1788 3145 1828 3200 ibi
1846 3144 1969 3218 gratiosa

218 3237 263 3280 us
310 3239 354 3290 63.
386 3231 463 3287 Huic
487 3229 665 3300 explicationi
683 3229 910 3284 Bellarminusc.
929 3234 970 3284 22.
988 3231 1014 3296 ᾖ.
1032 3231 1111 3282 serta
1136 3229 1254 3300 Spiritus
1272 3229 1361 3284 sancti
1380 3229 1554 3287 inhabitatio.
1593 3238 1615 3287 1.
1634 3230 1696 3288 Cor.
1718 3238 1763 3297 12,
1781 3250 1807 3286 v.
1829 3237 1860 3287 3:
1878 3232 1968 3285 Nemo

218 3342 249 3385 ,1,
276 3318 412 3391 expositio
438 3316 507 3371 haec
527 3315 660 3370 obvertit:
698 3320 721 3373 1.
742 3315 777 3370 Si
791 3317 876 3370 verba
894 3316 949 3369 iila
965 3315 1010 3368 bis
1027 3312 1110 3366 auds'
1133 3324 1226 3385 potest
1256 3316 1356 3370 Jesum
1388 3336 1489 3372 uocare
1520 3318 1674 3373 Dominum
1705 3320 1762 3373 nisi
1792 3319 1822 3372 irs
1857 3318 1969 3387 Spiritu

276 3409 312 3462 tis
331 3405 469 3477 baptisati
494 3412 557 3457 sunt
579 3409 632 3459 etc.
665 3406 805 3473 pertinent
830 3405 871 3456 ad
890 3402 1041 3472 poputum,
1065 3400 1111 3453 ms·
1134 3410 1240 3458 sancta
1277 3402 1323 3458 Sic
1347 3420 1414 3459 vero
1439 3403 1650 3475 Stapletonus
1641 3422 1671 3459 m
1692 3404 1778 3460 antid
1796 3404 1860 3461 Act.
1878 3408 1967 3474 apost.

275 3493 442 3564 loquebatur
467 3490 625 3558 Jobannes,
654 3497 798 3558 sequetur,
815 3489 951 3558 populum
969 3488 1050 3541 illum
1067 3486 1109 3539 bis
1134 3506 1163 3559 p.
1183 3495 1242 3544 634.
1260 3500 1289 3545 et
1307 3507 1385 3562 seqq.
1404 3497 1501 3546 conus
1517 3490 1590 3545 hanc
1606 3490 1816 3563 explicationem
1834 3490 1967 3562 insurgit.

276 3580 447 3651 &paratum
466 3576 641 3639 adobertus,
660 3584 798 3630 autcerte
816 3576 939 3630 Paulum
957 3591 1016 3627 rem
1027 3573 1109 3628 silam
1135 3578 1159 3629 1.
1181 3575 1279 3629 Stante
1300 3592 1335 3629 ea
1358 3585 1533 3647 sequeretm,
1563 3578 1721 3632 Johannem
1752 3578 1908 3648 baptizasse
1936 3577 1968 3630 irs

275 3684 331 3722 non
349 3667 417 3720 bene
435 3679 577 3719 sonasse.
612 3662 834 3732 Respondemus:
855 3661 1056 3731 inconsequens
1068 3666 1110 3715 est
1136 3662 1246 3715 mmine
1268 3663 1389 3717 Domini
1413 3664 1493 3720 Jesu.
1532 3663 1756 3735 Respondemus:
1779 3665 1821 3719 ita
1844 3670 1894 3720 est.
1934 3664 1978 3718 In‘

276 3753 344 3809 haec
361 3752 460 3807 illatio.
495 3749 600 3804 Paulus
618 3750 736 3820 primum
755 3750 784 3803 in
801 3765 903 3821 genere
919 3747 988 3803 dicit
1003 3747 1109 3802 detoto
1135 3750 1195 3819 ejus
1231 3748 1304 3803 enim
1339 3765 1440 3804 nomen
1474 3749 1639 3821 baptizavit,
1676 3767 1758 3822 quem
1788 3750 1968 3822 praedicavit

276 3838 429 3895 ministerio
463 3836 613 3904 iohannis,
651 3836 726 3906 quod
758 3835 943 3906 baptizaverit
970 3833 1109 3905 baptismo
1134 3834 1299 3889 Ambrosius
1317 3833 1366 3889 lib.
1380 3841 1404 3891 1.
1418 3835 1454 3889 de
1468 3834 1574 3907 Spiritu
1585 3841 1716 3893 sanctoc.
1729 3842 1753 3893 3.
1780 3836 1968 3908 Hieronymus

276 3924 478 3999 poeniteutiae,
505 3922 558 3977 hoc
578 3928 622 3977 est
639 3922 714 3993 quod
732 3921 911 3976 concionibus
927 3927 956 3976 et
971 3922 1109 3992 baptismo
1135 3921 1164 3975 in
1187 3937 1212 3976 c.
1235 3927 1261 3977 2.
1283 3921 1380 3984 icelii,
1415 3921 1501 3993 Hugo
1522 3923 1558 3978 de
1578 3922 1606 3979 S.
1625 3923 1738 3980 Victore
1761 3923 1808 3979 lib.
1827 3930 1851 3980 2.
1870 3924 1905 3980 (10
1925 3941 1968 3980 sa·

277 4013 311 4068 sd
337 4009 537 4084 poenitentiam
565 4008 688 4064 homines
715 4007 923 4079 provocaverit:
956 4014 1054 4079 postea
1080 4008 1110 4062 in
1135 4025 1220 4062 eram.
1236 4013 1308 4078 part.
1325 4014 1349 4063 6.
1367 4024 1391 4063 0.
1410 4014 1435 4065 6.
1453 4025 1487 4064 ex
1504 4009 1557 4065 hoc
1575 4010 1637 4081 ipso
1654 4010 1715 4066 loco
1733 4010 1841 4076 docent,
1859 4011 1969 4065 Joban·

277 4097 368 4171 specie
398 4095 537 4165 declarat,
567 4112 622 4166 quo
651 4095 747 4150 ordine
774 4101 803 4151 et
832 4095 915 4150 modo
941 4094 1110 4165 baptismum
1136 4112 1198 4148 nem
1221 4095 1376 4164 baptizasse
1399 4094 1431 4148 in
1453 4096 1564 4149 nomine
1587 4098 1699 4150 senari
1715 4097 1854 4152 Messias:
1887 4096 1970 4153 ”Jo-

278 4201 357 4240 suum
379 4181 628 4249 administraverit,
659 4182 764 4236 scilicet
789 4181 864 4252 quod
882 4181 1001 4252 primum
1019 4181 1110 4236 horta·
1136 4180 1241 4236 hannes
1260 4180 1414 4251 baptisavit
1428 4181 1458 4235 in
1472 4180 1611 4237 Christum
1623 4188 1778 4251 venturum,
1796 4184 1971 4238 uonrstione

277 4278 321 4327 tus
336 4268 425 4326 tuerit
442 4268 590 4336 auditores,
607 4275 640 4322 ut
650 4268 680 4321 in
691 4266 831 4322 Christum
843 4268 996 4336 crederent,
1013 4273 1111 4338 postea
1136 4267 1346 4336 incarnationis,
1377 4267 1466 4339 digito
1490 4268 1594 4340 quippe
1616 4268 1789 4325 monstrabat
1812 4286 1890 4334 eum,
1920 4270 1971 4326 sed

279 4358 388 4414 demum
406 4354 470 4410 illos
487 4354 516 4409 in
533 4371 633 4409 namen
651 4353 753 4409 Christi
776 4353 971 4424 baptizaverit,
994 4354 1111 4423 perinde
1136 4355 1243 4411 ratione
1268 4355 1378 4410 futurae
1402 4355 1543 4426 plenariae
1565 4371 1616 4426 per
1633 4356 1790 4427 passionem
1807 4355 1970 4412 satisfactio·

277 4451 308 4501 ut
325 4442 469 4516 apostolos
488 4441 614 4496 Christus
636 4440 719 4511 jubet
741 4441 913 4509 praedicare
938 4441 1111 4510 eeanqeiium
1137 4442 1226 4498 nis.”
1261 4447 1288 4496 2.
1308 4442 1454 4496 lohannes
1474 4441 1626 4511 baptisavit
1648 4443 1758 4511 dicens,
1788 4451 1820 4496 ut
1840 4444 1872 4497 irs
1890 4442 1971 4498 Chri·

279 4540 304 4587 ιι
324 4534 427 4587 docere
450 4546 544 4582 omnes
567 4535 672 4597 pentes,
703 4534 801 4597 postea
824 4528 855 4580 in
876 4528 986 4581 nomine
1003 4529 1112 4596 Patris,
1137 4537 1209 4582 stum
1235 4536 1382 4582 uenturum
1412 4529 1566 4585 moderent.
1607 4530 1688 4598 Erpa
1712 4531 1742 4584 in
1768 4529 1831 4601 ipso
1859 4531 1971 4584 nornine

278 4619 352 4674 Filii
367 4625 395 4673 et
413 4616 540 4686 Spiritus
557 4614 652 4667 sancti
670 4614 825 4684 baptisare,
860 4612 958 4669 Matth.
973 4618 1015 4683 28,
1028 4631 1054 4671 v.
1071 4620 1110 4670 19.
1140 4614 1247 4670 Christi
1271 4632 1328 4669 non
1357 4616 1516 4684 baptisavit
1555 4615 1781 4686 Respondemus:
1809 4616 1982 4672 invertimus¹

279 4705 363 4762 liare.
392 4708 438 4767 16,
463 4719 490 4755 v.
519 4705 557 4756 16.
606 4703 633 4753 2.
661 4700 710 4754 Vel
733 4700 882 4754 duodecim
904 4700 1026 4754 illiniri
1047 4708 1112 4753 sunt
1138 4708 1340 4772 argumentum.
1380 4701 1421 4758 Ut
1446 4700 1542 4756 docuit
1568 4701 1709 4756 Christum
1731 4709 1890 4771 venturum,
1915 4704 1971 4758 imo

273 4792 359 4862 jusu
375 4787 467 4844 Pauli
483 4788 618 4857 baptizati
634 4787 771 4856 baptismo
795 4786 910 4855 Obristi,
926 4789 970 4840 uel
987 4805 1051 4840 non.
1079 4786 1114 4841 Si
1137 4793 1195 4842 tam
1212 4788 1382 4853 uenientem,
1400 4804 1485 4858 quam
1503 4794 1678 4858 praesentem
1696 4788 1784 4860 digito
1801 4790 1971 4845 demonstra·

277 4885 341 4933 sunt
365 4874 515 4945 baptisati,
541 4881 581 4927 est
606 4874 650 4940 id,
674 4876 752 4943 prod
774 4892 825 4928 nos
850 4874 1059 4939 contendimus,·
1086 4874 1113 4925 si
1137 4874 1192 4943 vit:
1211 4874 1252 4928 ita
1271 4888 1382 4945 quoque
1401 4873 1430 4926 in
1449 4873 1561 4928 nomine
1578 4872 1680 4928 Christi
1695 4875 1818 4944 venturi,
1845 4874 1970 4946 adeoque

277 4982 332 5019 nos
350 4970 417 5017 suat
437 4961 583 5030 baptisati,
610 4977 741 5028 quorsum
760 4962 883 5029 pertinet
907 4960 962 5013 iiia
979 4960 1111 5013 narratio
1133 4960 1193 5030 jam
1216 4959 1352 5013 venientis
1376 4964 1404 5014 et
1427 4959 1580 5029 praesentis
1603 4959 1764 5030 baptizavit.
1804 4960 1894 5026 Quale
1915 4960 1971 5016 suit

278 5049 386 5105 Pontis
409 5055 483 5102 certe
503 5062 712 5115 superuacanea
730 5045 848 5099 uideor.
874 5047 941 5099 Non
958 5045 1031 5099 enim
1050 5046 1112 5099 alia
1137 5046 1320 5101 ministerium
1334 5044 1470 5102 Johaunis
1489 5044 1519 5098 in
1537 5044 1678 5116 docendo,
1697 5047 1753 5101 tale
1772 5047 1854 5101 etiam
1872 5047 1902 5100 in
1920 5046 1969 5101 ba-

279 5138 314 5193 de
336 5152 428 5191 causa
451 5134 562 5188 Paulus
584 5134 691 5186 monuit
710 5149 769 5200 eos,
798 5133 848 5201 qui
871 5132 1006 5201 baptisati
1027 5124 1125 5184 erant'
1136 5134 1275 5206 ptizando.
1319 5135 1347 5186 3.
1373 5134 1440 5186 Non
1466 5131 1563 5200 potuit
1592 5133 1739 5188 Johannes
1766 5134 1909 5203 baptisare
1939 5135 1970 5188 in
2023 5147 2025 5155 ·

279 5224 338 5279 soie
365 5221 504 5291 baptismo
521 5219 675 5285 Jolsannis,
699 5219 790 5286 ipsum
815 5219 973 5271 Johannem
995 5219 1110 5286 praesb·
1136 5223 1250 5287 virtute,
1267 5226 1405 5289 potestate
1422 5226 1449 5272 et
1465 5220 1593 5273 instituite
1613 5219 1733 5289 Giristi,
1753 5220 1820 5289 quia
1836 5221 1970 5274 redemtio

280 5326 356 5366 casm
375 5307 531 5376 verutum,
561 5307 619 5360 nisi
635 5314 665 5358 ut
682 5306 886 5374 inteitiqerent,
909 5321 969 5358 esse
986 5308 1247 5384 necmsa-jqeneris
1278 5305 1394 5360 humani
1425 5306 1545 5358 necdum
1574 5314 1705 5374 peracta.
1746 5305 1970 5376 Respondemus:

281 5397 354 5451 ιὲιιιιι
377 5401 530 5465 praetema
550 5391 656 5446 Christi
674 5392 849 5461 baptismum.
885 5390 1112 5461 Respondemus:
1138 5395 1226 5448 virtus
1243 5392 1293 5451 ills
1304 5408 1480 5463 nequaquam
1490 5390 1684 5463 restringenda
1699 5397 1742 5445 est
1754 5392 1791 5445 ad
1802 5400 1972 5448 momentum
2031 5444 2033 5447 .

284 5497 314 5539 ex
327 5482 390 5554 ipso
408 5485 539 5536 contextu
556 5495 622 5533 vera
639 5494 724 5533 causa
737 5477 805 5531 satis
817 5483 859 5533 est
870 5477 1023 5532 manifesta.
1047 5496 1074 5534 v.
1088 5484 1111 5533 2.
1138 5480 1255 5535 actualis
1279 5477 1415 5550 passionis
1436 5478 1466 5531 in
1487 5494 1581 5547 cruce,
1606 5477 1656 5532 sed
1678 5484 1791 5547 propter
1806 5477 1971 5535 infinitatem

287 5568 392 5640 quaerit
417 5565 574 5637 apostolus,
607 5581 644 5619 an
667 5563 800 5635 Spiritum
827 5571 965 5629 sanctum,
993 5564 1045 5618 hoc
1072 5568 1115 5618 est
1139 5582 1275 5637 personae
1296 5562 1420 5619 extendit
1443 5580 1473 5619 se
1497 5563 1536 5618 ad
1557 5569 1667 5633 tempus
1684 5564 1863 5634 praeteritum
1880 5572 1910 5620 et
1926 5565 1969 5621 iu·

218 5647 420 5710 aruinum
445 5651 564 5723 Spiritus
592 5651 683 5705 sancti
708 5650 870 5706 effusionem
898 5657 927 5705 et
949 5649 1115 5705 miraculosa
1139 5661 1247 5721 turum,
1272 5651 1349 5707 unde
1372 5667 1463 5723 agnus
1479 5652 1516 5705 ab
1532 5651 1642 5718 oripine
1660 5654 1759 5705 mundi
1776 5654 1883 5706 occissis
1900 5652 1971 5707 dici·

291 5741 407 5811 ejusdcm
425 5739 512 5806 dona,
538 5753 611 5809 quse
629 5754 692 5792 cum
710 5736 848 5807 baptismo
866 5736 1054 5808 apostolorum
1073 5754 1114 5792 so·
1139 5750 1193 5807 tur,
1209 5740 1298 5808 Apoc.
1318 5742 1364 5806 13,
1383 5755 1410 5791 v.
1429 5743 1454 5793 8.
1489 5735 1548 5807 11)ιὶ
1566 5736 1685 5806 apostoli
1705 5744 1770 5793 ante
1789 5737 1891 5793 Christi
1908 5754 1972 5810 pas·

291 5824 379 5886 lebant
400 5842 463 5885 asse
487 5829 653 5898 conjuncta,
679 5824 847 5895 acceperint.
884 5823 939 5891 tlte
965 5822 1037 5878 enim
1062 5841 1115 5878 ror
1140 5826 1245 5880 sionem
1278 5824 1455 5895 baptizarunt
1478 5822 1543 5878 ioh.
1571 5828 1600 5891 4,
1627 5839 1653 5879 v.
1680 5828 1705 5881 2.
1735 5822 1818 5896 quid,
1848 5841 1915 5880 num
1943 5831 1973 5882 et

295 5908 401 5986 Spiritus
426 5912 563 5985 accipitur
587 5911 652 5970 Jon
678 5918 708 5981 1,
735 5927 761 5965 ι.
787 5916 828 5967 38.
863 5913 958 5967 Actor.
983 5915 1018 5978 1,
1040 5925 1067 5962 v.
1090 5916 1115 5965 b.
1140 5911 1251 5967 illorum
1276 5910 1445 5982 baptismum
1467 5907 1543 5963 omni
1560 5907 1699 5979 spirituali
1716 5908 1841 5967 efficacia
1856 5911 1974 5967 desum·

1592 6014 1650 6071 iit*
