4800 6659
453 595 471 653 4
1040 581 1164 641 cocus
1184 580 1355 638 aremus
1374 581 1561 642 6666666

453 739 540 795 rerba
557 745 586 795 et
601 738 724 793 actiones
743 737 891 793 exteriores
914 737 1142 810 complectuntur.
1176 736 1289 792 Funda-
1319 737 1441 802 Quartus
1464 739 1568 811 666666
1585 739 1708 795 66611661
1725 737 1819 793 616616
1834 737 1987 793 vocationis
2004 738 2160 809 6666666116

455 831 547 882 mente
580 824 663 893 hujus
695 822 838 879 divisionis
869 830 978 880 6661661
1005 825 1033 879 16
1059 825 1120 895 ipso
1147 824 1291 896 decalogo,
1318 823 1376 879 sive
1404 825 1622 891 ecclesiasticae,
1656 824 1715 879 sive
1742 824 1844 893 civilis,
1871 823 1929 879 sire
1956 824 2159 881 oeconomicae.

456 912 504 983 661
522 927 577 965 666
594 914 736 965 externam
755 908 857 975 solum,
874 911 922 965 sed
942 916 970 966 et
986 911 1137 981 internam,
1165 910 1290 981 adeoque
1321 909 1440 975 Quintus
1474 913 1577 984 gradus
1607 910 1801 981 complectitur
1829 910 2025 966 ceremonialia
2053 910 2161 981 primae

456 997 626 1070 spiritualem
656 994 841 1051 obedientiam
872 1013 890 1051 a
913 996 994 1052 nobis
1020 997 1149 1069 requirit,
1171 996 1251 1052 Rom.
1268 1003 1292 1064 7,
1320 996 1441 1052 tabulae.
1477 997 1555 1060 Quae
1576 997 1736 1053 distributio
1758 998 1846 1069 petita
1863 1001 1906 1052 est
1923 1014 1957 1052 ex
1976 996 2161 1068 sequentibus

456 1101 482 1137 v.
496 1086 539 1137 tc:
558 1084 616 1136 Lae
633 1082 961 1152 perendissenam
979 1082 1060 1137 dictis
1078 1082 1180 1138 Christi
1193 1081 1293 1137 Matth.
1322 1081 1480 1153 Scripturas
1500 1083 1583 1138 dictis
1603 1091 1625 1140 1.
1645 1082 1764 1140 Samuel.
1784 1089 1829 1149 15,
1856 1100 1883 1139 v.
1906 1088 1955 1139 22:
1988 1083 2098 1138 Melior
2121 1091 2162 1137 eat

460 1173 504 1234 11,
528 1185 554 1220 r.
578 1172 620 1223 61.
656 1167 725 1222 Luc.
745 1172 776 1235 6,
800 1185 826 1221 v.
846 1174 894 1224 45:
928 1170 1024 1223 Bonus
1050 1169 1132 1223 homo
1160 1171 1196 1222 de
1224 1163 1498 1241 hoaolohsclicutia,
1528 1188 1611 1240 quam
1642 1171 1830 1237 sacrificium
1861 1169 2045 1237 arucultatio,
2076 1186 2162 1238 66666

457 1255 589 1308 thesauro
618 1254 714 1307 cordis
738 1255 852 1323 profert
876 1255 948 1308 hona
976 1262 1001 1307 et
1030 1255 1124 1309 malm
1147 1255 1229 1309 horno
1261 1243 1412 1331 66166616
1431 1258 1557 1313 arietum.
1593 1256 1749 1325 6661661,
1773 1274 1798 1312 v.
1820 1263 1865 1312 li:
1900 1255 2097 1324 Propinquicr
2122 1256 2163 1309 eis

459 1342 535 1396 mala
565 1340 697 1394 thesauro
730 1340 825 1394 cordis
850 1342 968 1409 profert
995 1341 1080 1397 mala.
1131 1340 1230 1396 Matth.
1255 1336 1570 1413 13,1666661666616,
1595 1362 1679 1412 quam
1703 1344 1746 1396 ad
1762 1345 1889 1396 dandum
1907 1343 2055 1396 6161166666
2072 1342 2162 1406 sacri-

458 1445 485 1482 6.
505 1431 552 1482 166
582 1427 739 1481 Pharisaee
764 1393 1425 1496 66666,“666666616666661666166166.
1461 1427 1529 1482 1166.
1548 1434 1578 1496 6,
1594 1446 1620 1483 r.
1641 1435 1665 1486 6.
1702 1427 1802 1483 llattb.
1820 1434 1852 1498 9,
1868 1446 1893 1481 v.
1914 1432 1953 1482 13.
1978 1444 2002 1483 c.
2024 1432 2070 1493 11,
2087 1444 2115 1482 v.
2133 1433 2164 1480 l:

461 1522 501 1568 cat
523 1513 624 1567 calicis
648 1520 674 1565 et
695 1512 882 1582 paropsidis,
910 1520 941 1565 ut
968 1514 1019 1578 fiat
1042 1520 1068 1566 ct
1090 1513 1136 1581 id,
1165 1515 1242 1583 quod
1262 1515 1557 1569 ‹lezMiscricordiam
1585 1516 1649 1569 volo
1675 1523 1701 1568 et
1726 1532 1782 1568 666
1798 1514 1985 1583 sarariam,-
2016 1513 2166 1567 seientiam

453 1600 602 1668 ferisset,
620 1600 768 1662 mundum
787 1616 812 1653 v.
833 1602 877 1653 28:
897 1599 1018 1652 66166166
1038 1599 1184 1669 apparetis
1202 1617 1298 1654 coram
1326 1601 1386 1654 Dei
1408 1618 1466 1669 pro
1496 1601 1675 1655 holocasutis.
1717 1601 1802 1655 Marc.
1830 1605 1874 1668 11,
1901 1616 1927 1652 v.
1953 1604 2002 1654 33:
2031 1599 2166 1666 Diliperc

461 1686 618 1741 hominihus
634 1686 720 1754 justi,
751 1688 803 1738 scd
825 1685 943 1738 interius
959 1684 1044 1753 pleni
1067 1686 1134 1738 csts'a
1156 1684 1302 1753 hypocrisi
1327 1689 1420 1741 Deum
1451 1703 1485 1740 aa
1514 1694 1570 1741 toto
1605 1689 1689 1742 corde
1718 1694 1745 1740 et
1773 1687 1934 1756 prociarum
1967 1693 2103 1755 tanquam
2134 1702 2165 1737 se

462 1779 489 1827 et
516 1772 669 1841 iniquitate.
708 1777 730 1825 1.
758 1769 821 1827 tob.
851 1776 881 1835 3,
911 1788 936 1823 v.
970 1775 1016 1826 18:
1053 1772 1119 1825 Noa
1145 1770 1300 1838 ‹lilipamus
1326 1774 1431 1842 iprum,
1459 1773 1553 1842 majus
1573 1781 1613 1827 est
1632 1773 1759 1827 omnihus
1777 1771 2010 1827 holocautomatis
2030 1779 2057 1823 et
2075 1771 2166 1824 sacri-

462 1858 553 1926 ucrbo,
572 1874 659 1927 aeque
677 1857 783 1928 linqua,
800 1858 852 1911 sed
869 1872 953 1926 apere
969 1864 996 1909 et
1009 1857 1134 1913 6661616.
1326 1859 1407 1923 ficiis.
1444 1865 1468 1915 3.
1493 1858 1625 1922 Quamvis
1649 1858 1742 1930 angeli
1768 1857 1938 1930 peculiarem
1957 1857 2098 1930 quandam
2117 1857 2166 1911 ob-

355 1946 417 1989 Vffl
430 1944 451 1987 6
501 1952 524 2000 1.
549 1944 667 2000 Ratione
692 1944 794 2013 objecti
821 1942 955 2014 duplicis,
984 1944 1115 1998 creatoris
1141 1941 1247 1997 scilicet
1273 1947 1302 1995 et
1323 1944 1393 2015 J'ecti
1411 1944 1532 2015 speciem
1551 1944 1718 2000 constituere
1736 1944 1899 2011 videantur;
1928 1950 2020 1998 tamen
2037 1960 2167 1999 reveren·

334 2014 452 2118 {mx
467 2037 618 2101 creaturae,
638 2029 760 2101 duplicia
778 2035 938 2084 statuuntur
956 2029 1030 2084 bona
1047 2045 1145 2099 opera3
1161 2030 1302 2098 quaedmn
1327 2031 1394 2085 tiam
1419 2029 1474 2083 illis
1499 2030 1622 2086 debitam
1642 2047 1697 2085 non
1715 2029 1882 2085 constituere
1901 2046 2004 2084 novum
2023 2028 2167 2100 quoddam

335 2120 417 2163 ⁰⁸¹0·
467 2124 593 2188 66661661
614 2119 718 2185 Deum,
737 2117 876 2185 quaedam
894 2132 959 2168 vcro
976 2115 1108 2172 homines.
1143 2113 1303 2169 Posteriora
1328 2116 1463 2172 bonorum
1490 2133 1604 2186 operum
1630 2133 1720 2187 genus
1745 2132 1762 2171 a
1790 2115 1904 2187 reliquis
1930 2115 2103 2184 distinctum,
2133 2132 2169 2170 66

335 2169 449 2272 mun
467 2222 563 2259 666666
592 2210 657 2259 6661
688 2202 825 2273 duplicia,
861 2205 1001 2273 quaedam
1034 2203 1107 2257 euim
1136 2221 1187 2256 666
1216 2204 1303 2271 ipsos,
1329 2200 1565 2257 honorificentiam
1591 2201 1646 2257 illis
1663 2201 1810 2257 visibiliter
1826 2201 2026 2272 apparentibus
2044 2201 2170 2257 66161666

336 2282 447 2375 fflpm
466 2293 607 2362 66666616
625 2308 690 2344 uero
704 2289 867 2359 proaimum
883 2290 1044 2358 respiciunt.
1078 2289 1302 2344 Fundamentum
1329 2287 1501 2359 druiopsxoic
1526 2289 1562 2343 ad
1589 2295 1718 2361 quartum
1744 2294 1924 2361 praeceptum
1949 2287 2045 2344 referri
2075 2305 2168 2359 posse.

336 2376 550 2449 111111116166166
569 2375 709 2431 divisionis
726 2374 822 2431 itidem
841 2380 932 2430 exstat
948 2375 977 2429 in
997 2375 1142 2447 decalogo,
1160 2377 1242 2446 cnjus
1262 2382 1302 2430 ta-
1328 2377 1362 2430 In
1389 2374 1466 2431 coelo
1491 2376 1600 2430 demum
1626 2373 1772 2430 familiaris
1797 2376 1935 2447 quaedam
1961 2374 2078 2431 societas
2101 2391 2168 2428 cum

466 2462 549 2519 bulas
574 2468 640 2517 sunt
661 2463 746 2530 duae,
772 2461 859 2532 ipsius
884 2460 937 2517 Dei
955 2461 1098 2516 voluntate
1120 2467 1148 2517 61
1165 2461 1303 2532 sapientia
1329 2461 1437 2533 angelis
1455 2461 1536 2516 nobis
1553 2461 1713 2531 intercedet,
1732 2462 1761 2515 in
1778 2460 1831 2516 bac
1843 2478 1909 2517 vero
1920 2462 1979 2516 vita
1990 2460 2170 2525 invisibiliter

466 2566 499 2606 eo
518 2548 602 2603 modo
620 2547 781 2615 distinctae,
808 2552 839 2600 ut
863 2546 938 2616 prior
962 2552 1028 2619 agat
1049 2547 1084 2602 de
1103 2546 1223 2602 cultibus
1241 2547 1303 2602 Deo
1328 2546 1408 2601 nobis
1436 2548 1552 2616 adsunt,
1579 2547 1699 2602 extemis
1725 2548 1812 2619 igitur
1839 2547 1938 2603 officiis
1962 2546 2092 2604 honorari
2110 2564 2168 2602 non

466 2634 582 2702 debitis,
614 2632 750 2704 posterior
782 2631 818 2687 de
845 2631 944 2686 6166116
969 2632 1093 2702 proximo
1119 2631 1302 2703 praestandis.
1328 2639 1457 2704 possunt3
1484 2632 1562 2687 cultu
1588 2633 1717 2705 religioso
1734 2650 1767 2687 66
1784 2633 1878 2688 divino
1896 2632 2025 2688 honorari
2043 2649 2099 2686 non
2120 2633 2168 2687 de-

467 2719 566 2775 blatth.
588 2724 635 2781 11,
662 2736 689 2773 v.
708 2723 753 2772 37:
783 2718 898 2787 Dilipea
923 2719 1076 2773 Dominum
1100 2728 1229 2773 tuamet
1246 2726 1302 2772 toto
1328 2719 1411 2789 bent;
1430 2719 1498 2790 quid
1517 2736 1584 2790 ergo
1596 2720 1704 2783 mirum,
1721 2720 1795 2791 quod
1807 2737 1862 2774 non
1875 2719 2007 2775 statuitur
2018 2719 2169 2790 peculiaris

465 2807 552 2861 corde
578 2811 623 2857 tuo
646 2812 672 2857 ct
694 2820 726 2857 ee
746 2811 805 2857 tota
824 2803 926 2858 anima'
945 2813 970 2858 et
992 2823 1025 2859 ea
1049 2813 1108 2858 tota
1129 2814 1217 2859 mente
1235 2813 1302 2872 tua;
1328 2805 1465 2877 quaedam
1486 2807 1620 2861 bonorum
1639 2824 1753 2877 operum
1771 2806 1868 2862 classis
1889 2806 1997 2878 angelis
2017 2805 2134 2863 debita?

465 2910 491 2945 v.
519 2895 565 2946 38:
595 2890 647 2943 hoc
672 2897 713 2943 est
739 2890 865 2959 primum
892 2899 918 2944 et
945 2893 1093 2945 6666116666
1119 2845 1316 2958 mandarum-i
1363 2897 1387 2948 8.
1411 2892 1529 2947 Ratione
1547 2891 1679 2948 bonitatis
1698 2892 1840 2963 quaedam
1856 2908 1941 2962 opera
1959 2892 2090 2946 dicuntur
2108 2900 2197 2953 rao-t

466 2995 492 3031 v.
516 2981 564 3033 39:
595 2977 746 3030 6666661666
775 2984 865 3029 arcem
895 2976 958 3030 huie
987 2978 1080 3030 simale
1112 2985 1166 3046 661,
1199 2977 1302 3046 ‹lilipcs
1328 2978 1429 3032 raliter
1447 2985 1473 3031 et
1490 2978 1612 3032 ciuiliter
1628 2979 1713 3042 6666,
1738 2979 1874 3049 quaedam
1892 2996 1956 3033 vero
1973 2964 2197 3047 spiritualiter-i,¹

462 3063 623 3135 proximum
639 3068 730 3130 tuum,
757 3062 829 3116 sicut
853 3071 878 3116 te
897 3064 998 3132 ipsum.
1032 3062 1096 3117 Huc
1116 3062 1301 3132 referendum,
1329 3065 1409 3121 6666.
1446 3062 1539 3134 Opera
1565 3081 1622 3118 non
1646 3068 1802 3119 6666166666
1831 3064 1900 3132 (sire
1922 3070 2000 3120 extra
2016 3064 2197 3120 ecclesiaml

467 3149 541 3221 quod
571 3146 697 3202 Christus
725 3147 824 3203 Mettis
852 3153 876 3204 6.
905 3147 1064 3220 hypocrisin
1089 3147 1301 3204 Pharisaeorum
1328 3150 1470 3205 constituti
1489 3150 1551 3214 sint,
1571 3150 1629 3205 sive
1647 3150 1677 3204 iu
1698 3155 1811 3208 externo
1830 3150 1962 3205 ecelesiae
1979 3156 2060 3205 coetu
2073 3117 2197 3205 locuni

467 3252 587 3308 arguens
604 3233 640 3288 ad
655 3237 713 3288 tres
731 3233 834 3289 classes
854 3233 930 3289 bona
946 3251 1031 3305 opera
1046 3240 1166 3297 revocat,
1187 3235 1302 3289 cleemo-
1328 3236 1460 3305 habeant)
1479 3237 1657 3309 quantumvis
1674 3241 1788 3292 externa
1805 3238 1899 3307 specie
1916 3236 2075 3291 hominibus
2091 3236 2170 3294 bona

467 3340 566 3391 spuom
584 3320 701 3390 scilicet,
727 3321 882 3374 6661166616
900 3327 928 3375 61
939 3322 1097 3390 jejunium,
1124 3321 1173 3377 ubi
1193 3322 1302 3377 nomine
1328 3323 1490 3392 videantur,
1514 3329 1543 3377 et
1568 3339 1618 3377 666
1640 3340 1742 3394 genere
1761 3324 1846 3396 (quod
1865 3324 1978 3395 quidam
1996 3329 2098 3378 vocant
2124 3341 2169 3378 sc-

467 3407 600 3463 otationis
629 3405 821 3477 complectitur
851 3423 946 3462 omues
973 3407 1001 3461 in
1025 3407 1183 3462 universum
1211 3408 1303 3462 cultus
1329 3411 1449 3463 6666666
1469 3410 1650 3463 substantium
1670 3412 1762 3475 66166)
1786 3409 1861 3464 bona
1882 3409 1950 3475 sint,
1975 3416 2008 3464 ut
2025 3409 2170 3480 cooperire

468 3495 529 3550 Deo
549 3493 671 3563 debitos,
698 3493 746 3565 qui
765 3492 838 3547 enim
858 3492 949 3549 Deum
968 3510 1020 3548 nec
1038 3493 1117 3549 timet
1134 3510 1185 3550 nec
1205 3494 1304 3565 diligit,
1329 3496 1443 3564 nudum,
1463 3494 1609 3551 subvenire
1620 3495 1795 3565 periclitanti,
1809 3495 1876 3551 dare
1888 3495 2095 3565 eleemosynam
2104 3503 2169 3567 etc,

468 3596 611 3652 nunquam
629 3586 704 3634 recte
722 3578 827 3645 orabit,
855 3579 966 3634 nomine
985 3581 1086 3650 jejunii
1111 3581 1304 3652 complectitur
1329 3589 1422 3639 tamen
1441 3599 1533 3638 coram
1552 3583 1614 3637 Deo
1633 3599 1688 3636 666
1707 3588 1773 3636 sunt
1789 3598 1854 3637 vere
1872 3581 1946 3636 bona
1970 3581 2080 3653 ipsique
2105 3582 2197 3653 pls-s

469 3665 642 3738 disciplinam
660 3664 799 3735 corporis,
817 3665 928 3720 nomine
946 3665 1138 3738 eleemosynae
1155 3667 1248 3721 officia
1264 3667 1304 3720 di·
1330 3670 1423 3727 666116
1438 3686 1536 3741 opera,
1559 3670 1608 3724 sed
1632 3675 1761 3739 peccam
1787 3668 1876 3738 prima
1896 3662 2197 3753 6616666166666

468 3752 593 3809 lectionis
618 3751 743 3823 proximo
767 3751 942 3821 praestanda.
979 3751 1013 3805 D.
1038 3751 1180 3822 apostolus
1207 3752 1308 3817 itidem¹
1330 3772 1399 3810 6666
1422 3755 1545 3810 nondum
1574 3755 1634 3809 Deo
1656 3754 1845 3823 reconciliata,
1869 3754 1918 3809 sed
1939 3753 2119 3825 coinquinata
2139 3761 2197 3811 ets

469 3838 638 3896 6616666
655 3836 789 3892 bonorum
807 3854 921 3908 operum
942 3855 1057 3909 genera,
1079 3837 1304 3895 6166116616661-
1330 3842 1447 3908 1666611,
1473 3844 1532 3913 jam
1557 3859 1621 3895 vero
1646 3841 1834 3910 coinquinatis
1858 3849 1884 3893 ct
1908 3841 2069 3904 infidelibus
2093 3841 2170 3897 nihsl
2182 3826 2197 3923 ζ

468 3934 561 3995 dcccv,
586 3924 799 3995 deaoaonpcltuv
816 3928 844 3977 et
861 3923 1054 3995 σωφροσύνην.
1090 3924 1145 3979 Τ11.
1163 3928 1195 3993 1,
1213 3944 1238 3977 v.
1261 3931 1304 3981 lt:
1331 3937 1370 3982 cst
1395 3930 1546 3996 66666666,
1581 3927 1637 3981 Tit.
1664 3933 1692 3996 1,
1720 3943 1747 3982 v.
1775 3932 1813 3982 15.
1851 3925 1914 3980 Non
1938 3926 2026 3980 renati
2052 3927 2171 3982 666116

469 4013 647 4080 6666666166
669 4012 839 4090 impietatpm
865 4018 892 4063 et
918 4012 1060 4064 scaelus-ia
1087 4012 1232 4065 desideria
1251 4028 1305 4065 σω-
1331 4014 1452 4085 peccatis
1471 4012 1582 4077 mortui,
1603 4012 1712 4067 illorum
1731 4012 1816 4083 igitur
1834 4018 1865 4066 ut
1882 4011 1940 4066 vita
1959 4011 2110 4082 spiritualis
2128 4020 2174 4069 est

470 4095 582 4171 φρόνως
604 4100 649 4151 aul
667 4097 779 4157 δικαίως
797 4100 842 4150 καὶ
861 4093 979 4165 εὐσεβῶς
997 4095 1122 4171 ζήσομεν.
1158 4096 1305 4153 Zacharias
1332 4100 1423 4164 nulla,
1451 4100 1490 4153 ita
1517 4116 1568 4154 nec
1594 4098 1746 4168 spiritualis
1775 4099 1905 4169 operatio.
1942 4098 2070 4153 Secundo
2103 4102 2174 4170 quia

469 4182 614 4254 Baptistae
639 4200 739 4254 parens
762 4183 831 4239 Luc.
852 4190 880 4242 1,
901 4201 925 4236 v.
946 4184 1042 4238 1666
1062 4183 1242 4239 duusumma
1261 4202 1305 4239 ca·
1333 4205 1388 4241 non
1415 4184 1487 4239 fiunt
1513 4202 1545 4239 ex
1574 4184 1644 4248 tide,
1671 4185 1732 4254 jam
1756 4200 1822 4239 vero
1847 4184 1984 4253 quicquid
2006 4203 2061 4238 666
2086 4188 2119 4250 fit
2138 4205 2175 4242 ea

471 4270 545 4343 pita,
572 4268 699 4337 husdrqre
726 4269 832 4324 66111661
849 4272 895 4322 ael
913 4269 1105 4338 δικαιοσύνην,
1129 4268 1205 4324 bona
1224 4286 1307 4341 opera
1328 4275 1403 4343 fide,
1426 4279 1572 4341 peccatum
1589 4278 1641 4338 ert,
1666 4268 1745 4326 Rom.
1768 4275 1813 4329 11.
1832 4288 1858 4325 v.
1877 4269 1926 4324 611.
1945 4275 1973 4324 61
1992 4271 2096 4339 666666
2113 4274 2175 4336 fide

472 4361 598 4412 revocat.
625 4356 736 4412 nomine
754 4354 895 4423 ὁσιότητος
911 4357 1031 4427 primae,
1050 4356 1226 4424 δικαιοσύνης
1243 4374 1307 4412 vero
1334 4357 1505 4428 impossihile
1534 4364 1575 4409 cst
1593 4356 1711 4425 placere
1731 4358 1808 4419 Deo,
1834 4355 1920 4411 Hebr.
1942 4362 1987 4425 11,
2005 4374 2031 4409 v.
2053 4362 2078 4413 6.
2115 4358 2175 4414 Na·

342 4439 460 4534 επ*
474 4442 612 4498 secundae
640 4442 754 4499 tabulae
783 4441 969 4498 obedientiam
995 4443 1162 4513 complexus.
1208 4441 1308 4497 01666-
1335 4446 1482 4500 ziansenus
1506 4443 1534 4495 in
1560 4447 1628 4496 orat
1647 4442 1750 4497 reversi
1771 4458 1902 4514 cangro:
1932 4440 2061 4496 616166
2083 4449 2176 4517 χωρ1ς

344 4543 407 4585 stre·
474 4528 595 4583 vandum
613 4544 678 4583 vero
697 4534 718 4585 1,
739 4528 814 4599 6666
833 4529 970 4600 quaedam
986 4529 1060 4584 bona
1077 4546 1161 4600 opera
1180 4529 1309 4582 dicuntur
1336 4537 1452 4590 πίστεως
1464 4530 1563 4602 πρᾶξις
1577 4527 1707 4601 ἔκκριτος,
1725 4527 1784 4582 6166
1792 4529 1853 4598 fide
1864 4529 1973 4582 661666
1985 4547 2056 4597 opus
2069 4531 2176 4586 honum

343 4594 453 4687 mpl-
474 4614 611 4684 respicere
630 4614 735 4681 Deum,
755 4615 892 4687 quaedam
915 4631 979 4671 vero
998 4615 1137 4682 homines,
1163 4613 1191 4667 id
1208 4612 1308 4667 1616111·
1335 4635 1384 4673 666
1415 4616 1603 4685 approbatum
1632 4622 1679 4666 est.
1723 4614 1899 4686 Augustinus
1931 4614 1960 4669 in
1988 4614 2092 4673 Psalm.
2122 4624 2174 4674 67:

344 4707 405 4740 Μ·
473 4700 594 4773 gendum
623 4718 682 4756 esse
709 4701 744 4756 de
768 4700 928 4757 immediato
960 4706 1100 4771 respectu;
1133 4700 1208 4771 quod
1235 4699 1308 4753 euim
1335 4703 1427 4757 Nulla
1445 4701 1600 4753 66611666
1620 4716 1720 4771 opera,
1747 4701 1894 4769 61616666
1911 4709 2065 4771 6666616166
2084 4721 2175 4772 prae·

472 4786 596 4858 proximo
614 4791 779 4857 praestatur,
799 4787 867 4842 illud
887 4787 982 4842 itidem
1001 4787 1062 4842 Deo
1078 4786 1214 4856 praestari
1230 4787 1308 4839 testis
1335 4790 1449 4843 cedente
1467 4788 1537 4856 fide.
1578 4785 1673 4840 Tertio
1693 4786 1758 4856 quia
1775 4786 1846 4841 liunt
1864 4785 1891 4839 16
1909 4792 2048 4843 vetustate
2065 4788 2175 4856 literae,

473 4880 516 4928 est
535 4871 730 4929 CHRISTUS.
766 4871 864 4929 Mattlu
885 4878 926 4941 15,
945 4891 970 4931 v,
992 4879 1033 4927 40.
1053 4889 1116 4927 cum
1132 4872 1308 4927 dilectionem
1334 4893 1390 4930 non
1420 4878 1513 4928 autem
1540 4873 1568 4925 in
1595 4871 1717 4927 novitate
1746 4871 1878 4943 Spiritus,
1908 4874 1968 4942 Jam
1999 4891 2064 4929 vero
2095 4879 2175 4949 φρό-

474 4959 590 5031 proximi
608 4958 685 5013 Deus
704 4959 888 5030 praeceperit,
918 4958 981 5013 ideo
1005 4959 1052 5029 qui
1070 4959 1224 5029 proximum
1248 4958 1307 5012 dili·
1335 4980 1409 5034 6666
1428 4956 1543 5029 σαρκός,
1571 4958 1754 5026 capitolium
1777 4959 1886 5026 caruis,
1913 4958 1964 5014 hoc
1989 4965 2032 5014 est
2051 4960 2175 5021 hominis

474 5046 524 5117 git,
542 5045 603 5099 Deo
623 5043 792 5115 obsequitur,
812 5060 844 5098 ac
857 5044 973 5115 proinde
989 5045 1132 5117 diligendo
1146 5045 1308 5116 proximum,
1336 5047 1457 5103 nondum
1481 5062 1530 5115 per
1555 5044 1687 5114 Spiritum
1707 5044 1795 5100 renati
1818 5053 1882 5097 suat
1901 5046 2050 5098 inimicitia
2070 5050 2175 5103 adster-

346 5124 454 5218 {mh
474 5131 565 5188 Deum
591 5130 682 5200 ipsum
707 5130 805 5202 diligit.
847 5137 871 5187 2.
896 5131 938 5184 Ex
965 5130 1024 5207 hac,
1046 5131 1178 5187 divisione
1205 5131 1383 5203 gurduslsus
1401 5133 1494 5185 Deum
1514 5130 1594 5188 Rom.
1614 5135 1645 5198 8,
1663 5147 1689 5185 v.
1710 5137 1733 5185 1.
1769 5129 1944 5201 Augustinus
1967 5130 2003 5185 de
2022 5131 2098 5187 civit.
2116 5134 2174 5191 Dei

347 5236 449 5277 opernm
476 5218 610 5274 bonorum
637 5232 751 5286 operum
769 5216 903 5287 petendos
921 5233 989 5271 esse.
1025 5217 1134 5271 Primus
1154 5234 1186 5271 ac
1204 5217 1309 5287 praeci·
1336 5219 1383 5272 lib.
1411 5226 1433 5273 5.
1461 5234 1484 5272 c.
1513 5223 1557 5271 19:
1585 5217 1669 5271 Illud
1693 5224 1798 5270 6666161
1822 5217 1895 5269 iuter
1921 5235 2014 5271 omnes
2030 5221 2175 5276 veracites·

475 5323 548 5376 puus
566 5302 702 5358 bonorum
721 5320 834 5373 operum
852 5302 955 5374 gradus
973 5304 1138 5358 estintcrior
1150 5303 1324 5358 obedientia
1334 5306 1412 5375 pios,
1439 5304 1573 5358 neminem
1601 5304 1661 5356 6166
1685 5320 1752 5357 uera
1773 5303 1892 5372 pietate,
1921 5303 1954 5356 id
1972 5312 2011 5357 ert
2034 5307 2096 5359 ueri
2114 5310 2177 5362 Dei

476 5391 566 5447 cordis
592 5404 658 5460 erga
682 5388 787 5457 Deum,
817 5389 898 5458 cujus
927 5388 1094 5460 praecipuae
1122 5395 1215 5460 partes
1246 5395 1400 5454 sunta-cro
1423 5391 1513 5458 66116,
1539 5407 1633 5443 traam
1651 5406 1737 5458 paese
1760 5391 1861 5443 hahere
1885 5390 2021 5445 virtutem.
2067 5390 2174 5456 Quarto

474 5477 557 5533 timor
580 5484 608 5533 et
631 5474 742 5530 dilectio
766 5475 827 5531 Dei.
864 5475 1007 5531 Secundus
1030 5477 1134 5547 gradus
1153 5457 1402 5549 complecti-'quia
1425 5475 1496 5530 fiunt
1519 5476 1579 5531 sine
1602 5492 1668 5530 vera
1686 5475 1743 5531 veri
1764 5475 1818 5531 Dei
1838 5475 1996 5546 agnitione,
2017 5478 2078 5546 jam
2097 5496 2174 5545 vero,

475 5568 521 5617 tur
553 5580 638 5636 opera
666 5561 781 5617 moralia
806 5562 913 5631 primae
939 5562 1069 5631 tabulae,
1100 5562 1309 5624 invocationem,
1336 5564 1387 5633 qui
1411 5581 1466 5617 666
1490 5563 1610 5615 honorat
1631 5563 1750 5630 lilium,
1776 5563 1801 5614 is
1824 5579 1873 5614 666
1900 5562 2017 5616 Patrem
2041 5563 2173 5635 honoret,

473 5649 625 5722 gratiaram
645 5648 794 5712 adiuuem,
816 5647 894 5704 verbi
917 5647 1007 5703 divini
1030 5648 1164 5705 auditum.
1198 5648 1310 5704 Tertius
1335 5649 1543 5711 16166613.
1578 5648 1756 5703 Bemhardus
1773 5665 1854 5704 serm.
1874 5653 1914 5703 11.
1933 5647 1962 5702 16
1980 5648 2076 5706 Cant:
2098 5652 2175 5715 Quid

474 5735 579 5808 gradus
598 5734 792 5808 complectitur
809 5750 895 5805 opera
912 5734 1027 5789 moralia
1038 5735 1177 5791 secundae
1188 5734 1309 5796 tabulae,
1321 5717 1324 5758 ¹
1337 5736 1413 5790 66616
1426 5735 1606 5807 philosophie
1622 5754 1685 5789 cum
1704 5736 1865 5802 virtutihus,
1889 5736 1940 5805 661
1964 5736 2024 5788 Dei
2043 5737 2173 5792 oirtrttem

473 5821 603 5878 videlicet
644 5820 733 5877 omnis
769 5820 880 5894 generis
916 5819 1011 5876 officia
1047 5821 1171 5892 proximo
1207 5791 1325 5879 debita.¹
1340 5822 1482 5877 Christum
1508 5820 1669 5891 ipocratisl
1699 5821 1803 5885 Quinto
1829 5820 1895 5892 quia
1916 5838 1972 5876 nou
1992 5821 2029 5875 ad
2046 5822 2172 5880 debitum
