4800 6659
948 662 1000 718 DE
1018 650 1140 719 SACRO
1158 661 1360 722 BAPTISMO.
1937 668 1997 731 sle

298 816 487 884 Christianam
507 817 654 888 specialem
672 834 745 883 vero,
763 819 839 889 quod
857 818 893 874 sit
909 816 1136 873 commonefactio
1162 834 1222 873 esse
1277 829 1399 889 propter
1449 821 1594 873 caritatem
1649 817 1859 887 cummanum,
1910 822 2000 873 donee

300 904 335 960 de
351 910 489 976 perpetuo
505 905 617 960 foedere
636 922 700 960 cum
717 906 778 961 Deo
796 906 872 961 inito.
909 906 964 962 Sed
983 906 1134 960 enimcum
1162 906 1281 958 eecleeia
1304 906 1429 974 spamam
1454 921 1487 959 ee
1510 906 1593 960 aerbo
1621 905 1682 959 Dei
1708 905 1812 958 certius
1837 912 1863 958 et
1882 905 2000 972 plenius

299 990 362 1046 finis
387 991 436 1046 ille
459 991 597 1062 generalis
624 991 659 1045 ad
684 991 837 1047 doctrinam
857 994 891 1047 de
910 992 1087 1047 sacramentis
1107 990 1136 1044 in
1148 975 1150 1003 '
1162 991 1256 1044 discat
1279 992 1508 1060 νον-1111111011
1527 998 1569 1047 est
1587 991 1675 1045 donec
1693 1006 1787 1044 omnes
1805 1006 1855 1061 pro
1873 1006 1903 1044 re
1926 1005 2000 1046 vana

299 1092 402 1149 genere
426 1076 578 1148 pertineat,
605 1076 672 1144 quin
697 1083 725 1132 et
748 1094 805 1132 una
828 1094 891 1132 cum
910 1078 1024 1149 speciali
1041 1076 1077 1131 ad
1096 1076 1136 1130 lo·
1162 1075 1330 1145 baptismum
1347 1076 1468 1131 habeant
1486 1083 1515 1132 et
1534 1076 1798 1149 abrogarediscant,
1817 1076 1999 1146 quippecum

299 1180 364 1217 cum
385 1162 581 1233 adjunctorum
605 1162 697 1231 potius
720 1180 804 1234 qnam
825 1164 889 1218 finis
913 1163 1074 1220 referendus
1092 1162 1135 1224 sit,
1162 1178 1218 1216 non
1237 1162 1274 1217 sit
1291 1178 1309 1216 a
1326 1160 1436 1217 Christo
1453 1163 1616 1233 institutus).
1653 1163 1786 1218 Concedit
1806 1161 1999 1232 Schmaltaius,

299 1249 363 1304 ideo
387 1265 443 1302 non
476 1264 546 1318 opus
573 1253 616 1302 est
642 1248 736 1302 malfia
761 1249 797 1304 de
817 1266 850 1304 eo
873 1249 919 1304 hic
944 1265 1036 1320 agere.
1077 1247 1135 1301 Alii
1162 1247 1191 1300 in
1211 1248 1315 1303 catech
1334 1265 1356 1302 c.
1377 1254 1401 1302 t.
1425 1248 1508 1319 petit,
1532 1251 1587 1303 sibi
1613 1251 1683 1303 dari
1699 1252 1867 1303 mandatam
1884 1249 1945 1301 Dei
1964 1250 2000 1303 de

300 1336 445 1405 disputant
463 1332 547 1388 finem
573 1333 705 1405 baptismi
734 1335 778 1390 vel
804 1334 916 1404 proprio
943 1334 988 1390 vel
1014 1334 1135 1405 figurato
1157 1335 1395 1402 paedobaptismo
1420 1343 1447 1388 st
1464 1336 1592 1404 exempla
1611 1338 1815 1405 baptisatorum
1836 1335 1999 1399 infantiam.

300 1436 425 1477 samone
457 1421 584 1492 exprimi.
631 1420 778 1491 Proprium
805 1420 936 1492 baptismi
967 1420 1050 1475 finem
1076 1438 1136 1476 esse
1163 1419 1320 1475 Sommenis
1347 1422 1377 1475 in
1404 1427 1484 1475 tract.
1518 1422 1553 1476 de
1582 1422 1721 1491 baptismo
1748 1422 1919 1487 adultorum,
1952 1421 2000 1473 bo·

300 1507 546 1579 regenerationem,
564 1510 725 1571 υἱοθεσίαν,
743 1506 931 1562 remissionem
950 1517 1135 1577 peecatorum,
1158 1508 1294 1574 ptismum
1326 1510 1368 1561 ad
1389 1515 1516 1577 tempora
1541 1508 1735 1577 apostolorum
1757 1508 1848 1561 solum
1873 1504 2000 1576 spectare

300 1593 477 1648 donationem
499 1593 620 1663 Spiritus
644 1611 665 1649 s.
689 1599 717 1649 et
740 1594 814 1648 vitae
841 1599 983 1657 aeternae3
1009 1593 1136 1663 allegeri-
1162 1592 1265 1647 scribit.
1301 1593 1343 1648 Ex
1359 1593 1588 1650 photinianorum
1607 1593 1756 1665 hypothesi
1783 1593 1940 1663 baptismus
1958 1597 2001 1648 eet

299 1696 363 1734 cnm
385 1679 444 1734 sive
469 1680 686 1749 metaphoricum
711 1678 795 1734 finem
815 1679 965 1734 consistere
980 1679 1010 1732 in
1029 1679 1136 1732 confor-
1148 1715 1150 1722 .
1161 1679 1252 1731 solum
1268 1680 1342 1733 ritus
1358 1687 1501 1744 aeternus,
1530 1698 1584 1749 qao
1606 1680 1731 1733 homines
1751 1697 1766 1733 e
1785 1680 1939 1733 Jadaiamo
1955 1679 1999 1734 sel

300 1766 397 1821 mitate
420 1766 616 1820 submersionis
640 1767 668 1820 in
686 1782 787 1837 aquarn
804 1783 867 1820 cum
885 1765 1073 1821 submersione
1091 1782 1136 1818 ve·
1161 1766 1320 1831 pentilismo
1348 1770 1389 1820 ad
1416 1769 1581 1837 religionem
1612 1768 1803 1822 Christianam
1837 1769 1999 1820 accedentes

300 1850 366 1906 teris
395 1850 512 1917 Adami,
547 1851 668 1921 itemque
715 1851 874 1906 emersionis
904 1867 936 1905 ex
969 1868 1043 1920 aqua
1073 1868 1135 1904 cum
1162 1852 1311 1913 manifeste
1329 1854 1547 1921 profitebantur,
1572 1871 1602 1907 se
1631 1855 1771 1908 Christum
1791 1870 1848 1921 pro
1874 1871 1925 1906 sao
1948 1855 1997 1907 do·

301 1936 452 1992 emersione
474 1937 539 1991 novi
560 1936 678 1990 hominis
701 1942 730 1992 et
754 1944 885 1992 secutura
906 1937 1020 1991 tandem
1037 1937 1136 1992 libera-
1161 1937 1236 1991 mino
1254 1956 1414 2006 conoscere.
1439 1939 1622 1993 Schmaltzius
1632 1940 1661 1993 in
1675 1939 1756 1995 refut.
1769 1939 1872 2009 disput.
1884 1939 1997 1993 Nrants.

300 2022 375 2077 tione
395 2039 428 2078 ex
445 2020 573 2078 omnibus
595 2023 740 2077 aerumnis.
783 2023 837 2079 Sed
855 2024 929 2078 enim
947 2040 1010 2077 cum
1029 2024 1064 2077 de
1082 2022 1135 2076 hoc
1162 2042 1189 2094 p.
1215 2030 1273 2079 310.
1311 2025 1422 2080 catech.
1449 2026 1552 2081 ltacov.
1578 2044 1605 2095 p.
1630 2032 1686 2080 195.
1728 2024 1880 2079 Ostorodus
1912 2023 1998 2081 instit.

301 2107 449 2179 allegorico
470 2105 525 2161 fine
552 2107 682 2177 baptismi
705 2108 735 2161 in
759 2109 920 2179 quaestione
944 2110 979 2163 de
997 2107 1135 2178 significa·
1162 2126 1185 2163 c.
1215 2115 1256 2164 39.
1288 2108 1316 2184 ξ.
1350 2117 1371 2166 1.
1421 2101 1537 2165 Socinus
1572 2110 1676 2180 disput.
1704 2110 1739 2163 de
1761 2110 1900 2181 baptismo
1924 2128 1947 2164 c.
1973 2115 1997 2165 1.

301 2194 423 2249 tionibus
445 2192 578 2263 baptismi
596 2193 700 2248 rectius
720 2200 835 2265 agatur,
861 2194 924 2248 ideo
942 2194 978 2249 ad
996 2193 1135 2265 propriam
1162 2213 1189 2264 p.
1221 2195 1304 2250 13.11
1354 2196 1407 2250 Η11
1437 2197 1605 2266 opponenda
1634 2201 1701 2250 sunt
1730 2195 1806 2250 dicta
1836 2195 1997 2266 Scripturas

301 2280 394 2337 sedem
418 2280 535 2334 eundern
562 2280 733 2334 remittimus.
773 2279 831 2334 Alii
852 2279 904 2333 hac
928 2280 1134 2334 enumeratione
1162 2282 1256 2335 omnia
1273 2287 1302 2336 et
1320 2283 1446 2353 singula,
1468 2299 1541 2353 qaae
1561 2283 1597 2337 de
1614 2282 1799 2349 institutione,
1817 2282 1873 2336 fine
1892 2287 1920 2335 et
1937 2281 1997 2337 effi-

300 2371 430 2433 ntnntur,
453 2371 485 2419 ut
502 2365 611 2432 dicant,
628 2364 711 2419 finem
730 2372 758 2420 et
776 2365 905 2420 effectum
924 2365 1056 2436 baptismi
1075 2383 1134 2421 esse
1163 2368 1241 2423 cacia
1251 2368 1385 2438 baptismi
1403 2375 1498 2438 agunt,
1519 2385 1635 2438 quornm
1655 2368 1793 2439 emphasis
1814 2375 1843 2423 et
1860 2368 1998 2438 genuinus
2010 2378 2047 2423 11.
2060 2373 2105 2421 tet.

301 2453 455 2523 duplicem,
481 2467 654 2505 communem
674 2457 701 2505 et
718 2452 869 2521 proprium.
905 2450 1066 2505 Communis
1085 2457 1134 2519 est,
1163 2471 1260 2508 sensus
1280 2460 1376 2508 contra
1387 2454 1608 2509 adversariorum
1630 2454 1767 2509 elusiones
1787 2453 1936 2524 diligenter
1955 2469 1998 2507 as-

301 2539 374 2610 quod
400 2536 554 2607 baptismus
574 2537 610 2590 sit
629 2536 752 2607 sigillum
768 2535 963 2606 promissionis.
1000 2537 1055 2591 Hic
1071 2536 1135 2591 finis
1163 2541 1304 2595 serendus.
1354 2539 1523 2594 “Notanda
1556 2541 1715 2610 cumprimis
1745 2548 1843 2594 conns
1872 2538 1997 2593 Photini·

301 2625 334 2680 ab
353 2624 423 2695 ipsis
441 2624 573 2678 statuitur
590 2623 729 2693 geminus,
749 2622 822 2677 aliud
838 2624 975 2688 internus,
994 2624 1069 2693 quod
1088 2625 1136 2679 ba·
1163 2644 1229 2680 anos
1245 2626 1402 2696 sequentia:
1434 2632 1453 2681 1.
1471 2624 1616 2695 Scriptura
1633 2643 1770 2697 nusquam
1789 2632 1918 2680 externae
1936 2642 1998 2694 prc-
2086 2670 2089 2675 .

300 2710 417 2781 ptismus
444 2710 481 2763 sit
503 2709 626 2778 sigillum
647 2708 773 2779 justitiae
797 2713 827 2762 et
852 2709 963 2763 salutis:
989 2709 1060 2762 alius
1090 2727 1135 2764 ex·
1161 2712 1289 2768 fessionis
1307 2711 1357 2765 fini
1378 2712 1547 2782 baptismum
1565 2713 1694 2768 destinat.
1730 2719 1754 2768 2.
1771 2711 1932 2783 Baptismus
1949 2710 1997 2765 Jo·

300 2804 407 2864 ternm,
428 2793 502 2868 quod
520 2793 751 2865 significationem
767 2793 870 2849 habeat
888 2803 916 2850 et
933 2801 1067 2849 tesseram
1085 2812 1134 2864 po·
1163 2798 1261 2852 hannis
1281 2816 1336 2852 non
1355 2798 1409 2852 init
1428 2798 1540 2853 habitus
1558 2815 1609 2869 pro
1628 2806 1741 2854 externa
1760 2798 1925 2864 ceremonia,
1944 2796 1995 2852 sed

300 2883 357 2953 puli
369 2883 429 2938 Dei.
446 2881 580 2953 Proprius
592 2881 655 2935 finis
669 2881 801 2935 statuitur
813 2881 998 2952 quadruplex:
1019 2888 1041 2937 l.
1054 2880 1134 2935 Mun·
1162 2900 1213 2953 pro
1232 2884 1289 2937 ritu
1304 2884 1437 2938 divinitus
1454 2885 1657 2941 institutodoh.
1680 2891 1701 2948 1,
1719 2903 1742 2939 v.
1763 2890 1805 2940 33.
1837 2883 1936 2938 Matth.
1956 2887 1999 2946 21,

300 2970 375 3025 datio
410 2985 428 3023 a
460 2967 599 3039 peccatis,
636 2974 659 3021 1.
691 2967 836 3037 imputatio
861 2967 989 3037 justitiae
1018 2967 1135 3032 Christi3
1162 2986 1187 3022 v.
1208 2975 1248 3024 32.
1267 2969 1413 3024 effectibus
1433 2969 1534 3023 divinis
1551 2970 1633 3040 pleno
1651 2971 1751 3027 Matth.
1771 2976 1802 3038 3,
1825 2989 1852 3023 v.
1871 2977 1895 3024 5.
1924 2974 1948 3024 6.
1974 2974 1998 3023 t.

280 3061 323 3111 ·3.
347 3054 505 3117 renovatio;
540 3060 565 3110 4.
594 3054 707 3123 adoptio
734 3053 857 3107 infilius
881 3052 945 3110 Dei.
982 3053 1037 3106 Sed
1063 3053 1135 3107 enim
1167 3062 1204 3110 11.
1241 3056 1327 3112 Marc.
1350 3062 1378 3123 1,
1396 3074 1422 3110 v.
1443 3062 1468 3112 4.
1503 3055 1601 3111 Actor,
1622 3062 1665 3119 to,
1683 3074 1710 3112 v.
1729 3063 1753 3111 4.
1773 3054 1998 3125 etjudiciopri·

299 3159 362 3198 curn
380 3141 416 3196 de
434 3140 488 3195 fine
505 3140 643 3194 communi
659 3140 688 3193 in
707 3138 830 3210 generali
849 3138 977 3193 doctrina
989 3139 1024 3193 de
1043 3155 1133 3192 sacra·
1164 3149 1269 3196 matum
1286 3141 1600 3212 Hierosolymitanorum
1626 3140 1689 3196 Joh.
1724 3148 1751 3207 1,
1783 3158 1808 3193 v.
1840 3146 1879 3195 25.
1907 3138 1998 3209 plebis

299 3227 398 3284 mentis
426 3232 519 3282 actum
542 3226 640 3292 fuerit,
670 3240 790 3295 cumque
811 3224 915 3294 proprii
940 3223 982 3277 illi
1005 3224 1074 3279 fines
1099 3224 1135 3278 ad
1162 3230 1299 3285 ,Iudaicae
1316 3228 1407 3283 Matth
1429 3233 1454 3292 3,
1472 3246 1498 3282 v.
1512 3235 1534 3282 5.
1564 3228 1633 3282 Luc.
1653 3232 1693 3295 20,
1711 3243 1737 3279 v.
1757 3232 1781 3281 6.
1801 3226 1999 3296 discipulorum

299 3313 534 3385 regenerationem
564 3319 592 3366 et
618 3310 823 3366 renovationem
850 3310 1070 3365 commodissime
1095 3326 1136 3364 re·
1162 3316 1300 3370 Johannis
1320 3315 1383 3371 Joh,
1413 3320 1442 3382 3,
1471 3332 1497 3370 v.
1516 3320 1557 3369 26.
1595 3313 1697 3368 Christi
1715 3312 1815 3368 Matth.
1836 3317 1883 3380 21,
1909 3330 1935 3366 v.
1956 3317 1998 3368 21.

298 3401 363 3456 ferri
381 3398 502 3470 possint,
529 3398 592 3452 ideo
610 3396 790 3467 apostolicam
806 3396 883 3450 illam
902 3397 1136 3451 enumerationem
1162 3403 1231 3458 Luc.
1251 3409 1281 3469 1,
1313 3420 1337 3455 v.
1360 3406 1462 3456 11119.
1497 3400 1592 3455 Lucae
1606 3399 1793 3470 evangelistae
1810 3414 1833 3452 c.
1854 3404 1884 3465 t,
1907 3415 1933 3451 v.
1954 3402 1998 3454 31.

298 3486 353 3539 Tit.
372 3491 396 3551 3,
412 3502 438 3538 v.
459 3491 482 3539 5.
500 3483 671 3554 propositam
688 3481 840 3537 rectissime
858 3484 1007 3552 sequimur.
1163 3494 1185 3544 3.
1212 3487 1372 3557 Baptismus
1401 3486 1504 3541 Christi
1527 3503 1546 3540 a
1567 3486 1677 3540 nemine
1701 3501 1824 3555 unquam
1850 3484 1910 3553 jam
1933 3482 1999 3538 inde

218 3585 270 3621 rens
335 3578 393 3629 115.
433 3572 479 3626 Ab
501 3571 553 3625 hac
579 3570 613 3624 de
639 3570 807 3625 salutaribus
832 3569 964 3639 baptismi
991 3569 1135 3624 effectibus
1162 3574 1198 3627 ab
1219 3575 1280 3643 ejus
1295 3572 1470 3627 institutione
1489 3573 1525 3625 111
1546 3571 1614 3625 haec
1632 3587 1722 3640 usque
1739 3577 1865 3639 tempora
1878 3569 1995 3638 pruritu

218 3637 246 3721 τὲ
298 3657 453 3730 ὄρθοδοξίᾳ
483 3656 643 3728 longissime
679 3657 785 3711 abeunt
813 3655 1027 3726 Neophotiniani
1053 3654 1135 3710 Cata-
1160 3661 1235 3714 inani
1253 3659 1308 3713 fuit
1326 3658 1448 3713 habitus.
1476 3663 1502 3713 4.
1519 3656 1665 3729 Ejusmodi
1678 3657 1753 3726 typis
1767 3657 1923 3725 descriptas
1945 3661 1997 3723 est,

218 3735 287 3830 ’ffl-
299 3745 452 3815 baptistae,
469 3744 517 3814 qui
535 3742 685 3813 disputant,
704 3743 872 3815 baptismum
890 3758 980 3812 aquae
1002 3759 1056 3795 non
1075 3759 1136 3797 esse
1161 3746 1278 3816 quinon
1291 3745 1459 3799 conveniunt
1476 3750 1605 3797 externae
1624 3742 1804 3809 ceremoniae,
1822 3758 1904 3796 arcae
1916 3740 1996 3795 Noae

218 3846 256 3879 aa
299 3830 458 3885 institutum
475 3845 507 3883 eo
524 3828 588 3895 fine,
607 3835 640 3882 ut
655 3834 727 3883 esset
745 3828 915 3882 ordinarium
929 3834 957 3882 et
969 3834 1134 3898 perpetuum
1165 3837 1187 3885 l.
1212 3830 1287 3885 Petr.
1313 3836 1343 3896 ³,
1372 3847 1398 3885 v.
1424 3835 1464 3883 20.
1492 3835 1534 3883 21.
1560 3828 1714 3882 defensioni
1741 3833 1769 3881 et
1794 3825 1996 3882 conservationi

218 3897 335 3984 111111.
358 3917 392 3971 T.
420 3922 621 3969 sacramentum
649 3931 682 3968 ao
711 3914 832 3968 medium
859 3915 1075 3985 regenerationis
1102 3932 1134 3969 ac
1162 3914 1893 3985 11111111111111111111111111111110111112.
1922 3910 1996 3965 1111

218 4003 278 4086 '3¹22
299 4001 498 4069 renovationis,
524 4002 598 4071 quod
622 4001 721 4056 durare
748 4000 848 4054 debeat
866 4001 895 4053 in
914 4000 1031 4055 ecclesia
1046 4018 1134 4072 usqne
1162 4002 1299 4057 similibus
1326 4002 1497 4072 descriptus,
1523 4017 1594 4071 quae
1620 4017 1676 4054 non
1699 4000 1840 4070 quadrant
1862 3999 1892 4052 in
1912 3997 1996 4051 ritum

218 4099 250 4137 ru
300 4088 440 4143 adfinem
463 4088 573 4151 mundi,
592 4088 641 4141 sed
660 4093 691 4140 ut
710 4094 822 4142 externa
842 4087 913 4141 istac
931 4088 1087 4141 ceremonia
1106 4087 1134 4140 in
1161 4096 1303 4143 externum
1322 4093 1439 4158 tutpote
1478 4085 1563 4141 sontis
1593 4086 1675 4140 Zacla
1707 4091 1751 4153 13,
1781 4102 1808 4138 v.
1841 4090 1862 4137 1.
1891 4082 1997 4137 lavacri

218 4158 262 4240 im
300 4175 425 4245 auspicio
443 4174 477 4230 N.
495 4174 529 4227 Τ.
555 4174 590 4227 de
608 4190 674 4228 vera
689 4174 725 4226 ad
744 4173 834 4227 Deum
852 4171 1030 4228 conversione
1048 4179 1076 4227 et
1095 4173 1134 4225 in·
1160 4175 1233 4245 Eph.
1253 4181 1278 4239 5,
1295 4191 1320 4230 v.
1340 4179 1381 4228 26.
1418 4174 1474 4227 Tit.
1492 4178 1517 4239 3,
1534 4189 1558 4226 v.
1580 4178 1604 4227 5.
1635 4178 1659 4226 6.
1678 4170 1715 4224 lis
1735 4169 1880 4225 effectibus
1898 4170 1996 4224 lauda-

218 4257 286 4355 ssgu.
299 4261 399 4315 teriora
422 4278 440 4314 a
462 4259 586 4330 peccatis
609 4259 750 4313 ablutione
769 4258 893 4312 homines
913 4258 1134 4315 admouerentur.
1161 4267 1220 4326 tus,
1245 4261 1293 4329 qai
1319 4260 1412 4314 avitu
1437 4258 1513 4312 nudo
1535 4275 1591 4312 non
1617 4257 1791 4328 proveniunt
1801 4257 1833 4291 **
1882 4256 1997 4311 Subter·

299 4345 410 4400 Catech.
429 4345 591 4400 Racoviens.
610 4347 699 4414 major
717 4364 743 4416 p.
766 4351 822 4400 225.
837 4349 935 4398 11226.
964 4309 1241 4425 *thagura-itugia
1268 4346 1390 4417 ipsorum
1410 4344 1518 4415 potiora
1535 4345 1604 4399 haec
1622 4349 1700 4399 sunt:
1727 4347 1750 4396 1.
1770 4343 1937 4411 Baptismus
1955 4349 1997 4395 est

298 4448 351 4485 nus
371 4430 405 4485 de
424 4430 531 4485 haeres.
549 4431 585 4484 ad
605 4430 774 4496 Quodvultd.
795 4446 819 4484 c.
840 4435 888 4485 lii:
914 4429 1068 4483 Manichaei
1088 4431 1134 4482 ba·
1161 4442 1244 4501 typus
1265 4432 1408 4485 interioris
1427 4430 1586 4497 obtritionis,
1604 4431 1678 4482 ande
1696 4430 1783 4482 Heba.
1804 4432 1830 4495 9,
1848 4447 1871 4484 a.
1890 4435 1933 4482 10.
1953 4443 1997 4481 rs·

293 4519 429 4587 ptiemam
460 4518 490 4569 in
514 4534 591 4586 aqua
615 4517 688 4570 nihil
713 4519 842 4585 animiam
861 4518 1010 4585 perhibent
1034 4517 1135 4570 salatia
1159 4520 1255 4585 fertur
1278 4520 1351 4571 inter
1368 4518 1499 4586 justitias
1524 4518 1626 4572 carnea.
1662 4517 1727 4571 Iam
1741 4532 1806 4569 vero
1824 4532 1918 4568 omnes
1936 4513 1998 4582 typi

298 4605 480 4674 afferranee
493 4620 657 4672 quemquam
671 4620 774 4672 eoram,
794 4604 1026 4673 quosdecipiant,
1044 4604 1135 4671 bapti·
1162 4606 1192 4658 in
1215 4605 1253 4658 N.
1281 4605 1313 4659 Τ.
1336 4612 1401 4657 aunt
1424 4605 1562 4671 abnepoti.
1610 4601 1835 4670 Respondemus:
1863 4598 1997 4667 baptismi

297 4691 419 4743 madum
437 4697 548 4758 putatu.
589 4688 754 4760 Fulgentius
774 4690 924 4745 Donatista
941 4691 1062 4760 negavit,
1085 4691 1134 4744 ba·
1161 4691 1204 4744 illi
1223 4691 1258 4747 V.
1276 4689 1309 4744 T.
1329 4690 1364 4745 de
1382 4689 1485 4760 quibua
1498 4689 1577 4759 epist.
1590 4686 1724 4743 adHebr.
1737 4686 1866 4759 loquitur,
1884 4686 1998 4739 fuerunt

292 4777 428 4846 pisanam
451 4776 565 4830 abluas
580 4784 707 4845 peccata,
730 4791 812 4846 quem
827 4776 960 4846 peculiari
979 4775 1074 4831 libello
1091 4794 1133 4831 re·
1161 4776 1231 4848 typi,
1249 4776 1369 4847 ideoque
1388 4778 1417 4829 in
1427 4775 1462 4831 N.
1480 4775 1514 4829 T.
1534 4774 1662 4845 abrogati
1681 4778 1753 4838 sunt,
1773 4773 1823 4827 sed
1841 4772 1997 4841 baptismus

297 4860 401 4917 iatavi't
426 4860 610 4933 Augustinus.
655 4862 768 4916 Dadoes
789 4861 972 4917 Messalianae
990 4861 1135 4918 haereseos
1162 4864 1197 4919 N.
1224 4862 1256 4916 Τ.
1274 4868 1318 4917 est
1342 4863 1488 4916 insumam
1511 4860 1733 4928 repenmatiom's
1758 4868 1786 4914 et
1806 4857 1998 4913 renovationis

297 4946 431 5018 magister
454 4948 531 5018 apud
549 4948 735 5018 Nicephorum
752 4948 814 5002 libr.
834 4953 879 5015 11,
896 4964 920 5003 c.
941 4953 980 5002 14.
999 4956 1027 5001 11
1044 4948 1134 5002 Theo·
1161 4950 1217 5003 Tit.
1247 4954 1279 5016 3,
1306 4966 1333 5000 v.
1360 4954 1384 5002 5.
1428 4945 1551 5001 Umbrae
1573 4944 1659 5014 igitur
1685 4944 1819 5000 successit
1843 4944 1946 4998 veritas
1969 4950 1999 5000 ot

296 5034 381 5088 dorus
411 5033 459 5087 lib.
485 5041 514 5102 t,
550 5051 574 5089 c.
610 5040 649 5089 11.
684 5034 757 5088 idem
792 5040 884 5104 negat.
938 5032 1408 5106 Enthusiastae.typon'mt1oaos.
1444 5030 1572 5085 111ιό11
1590 5033 1749 5101 propbetas
1772 5031 1907 5084 divinitas
1925 5030 1997 5084 suci·

295 5120 403 5175 nnllam
434 5119 583 5175 utilitatem
620 5119 770 5189 baptizatis
809 5136 842 5174 ex
880 5119 1020 5190 baptismo
1059 5092 1215 5178 acce-itati
1231 5121 1419 5174 adhibuerant
1437 5126 1552 5171 esterna
1569 5122 1709 5187 qssaedam
1726 5119 1817 5187 ripae,
1836 5118 1935 5186 quibem
1956 5119 1999 5172 ad

296 5208 380 5269 dere,
424 5206 511 5260 solam
552 5207 703 5261 orationem
745 5206 898 5260 studiosam
932 5205 1134 5262 inhabitantem
1147 5187 1149 5254 i
1158 5208 1361 5277 poenitentiam
1379 5205 1503 5260 homines
1524 5205 1692 5268 enodarem,-
1719 5205 1762 5257 ita
1779 5204 1926 5257 Jolannes
1942 5220 1998 5273 per

294 5295 395 5364 fugare
421 5294 591 5349 daemonem.
626 5293 747 5363 Tripart.
774 5293 836 5349 libr.
860 5300 887 5359 1,
913 5311 936 5348 1.
960 5300 999 5350 ll.
1035 5294 1302 5364 'Thom.;eaternam
1333 5290 1465 5361 baptismi
1495 5292 1680 5345 ceremoniam
1711 5292 1746 5343 de
1768 5290 1944 5358 poenitentia
1969 5298 1998 5345 et

294 5379 422 5435 Pisecius
449 5380 478 5435 in
507 5398 627 5451 respons.
659 5380 694 5433 ad
719 5383 743 5435 8.
766 5385 818 5433 rat.
841 5379 937 5450 Camp.
961 5398 987 5450 p.
1014 5388 1055 5436 95.
1087 5371 1324 5435 ba-iremsirss'one
1356 5385 1537 5447 peccatoram
1570 5379 1693 5432 borsines
1726 5376 1879 5428 admonui.
1931 5375 1996 5431 doh.

290 5468 427 5536 priamum
462 5485 518 5520 non
547 5483 604 5520 esse
629 5468 735 5519 nnciam
764 5466 880 5533 salatia,
917 5484 973 5519 non
1004 5467 1133 5521 conulem
1147 5444 1149 5524 i
1162 5467 1321 5520 Sommerus
1339 5463 1480 5518 Pirnenais
1505 5463 1534 5518 in
1559 5467 1639 5517 tract.
1665 5462 1701 5515 de
1725 5460 1863 5531 baptismo
1888 5460 1996 5517 adulto-

295 5552 423 5621 pretias,
445 5570 501 5606 non
524 5553 625 5606 merita
651 5551 758 5605 Christi
782 5553 813 5605 s'n
835 5570 887 5606 nos
912 5553 1055 5620 derivare,
1082 5552 1530 5629 sed,rumlngolst.ann.1583:
1553 5550 1833 5617 Baptsirmaaadnoa
1850 5548 1995 5615 nihitper·

296 5640 382 5693 1111111
411 5647 436 5691 et
464 5641 649 5693 ceremoniam
679 5655 755 5709 esee,
782 5655 834 5707 per
861 5656 945 5706 qream
970 5641 1080 5693 Judaei
1107 5638 1242 5712 etsstinet,
1270 5653 1320 5690 nee
1352 5637 1463 5691 saniori
1493 5653 1512 5688 a
1543 5635 1623 5688 nobas
1654 5633 1809 5685 imitatione
1831 5641 1996 5701 usurpatur,

296 5734 391 5795 pentes
425 5724 589 5779 Christiana
619 5726 756 5793 relips'one
791 5741 820 5777 se
856 5726 1061 5793 ckainaiebant,
1094 5733 1134 5779 est
1160 5740 1244 5792 qaam
1262 5722 1368 5792 siquis
1384 5741 1482 5778 arcam
1494 5723 1576 5776 Noae
1599 5718 1669 5772 Gen.
1689 5721 1712 5773 8.
1742 5719 1841 5788 jupam
1851 5719 1996 5774 Jeremias

297 5814 402 5880 doymo
452 5808 567 5863 veritati
608 5812 722 5867 divisae
764 5828 922 5867 consonam.
981 5810 1223 5886 Ostorodusster.
1242 5813 1285 5863 2⁸.
1311 5820 1362 5865 ast
1384 5812 1462 5879 rapio
1481 5809 1555 5862 Joas
1577 5806 1697 5876 sapittas
1723 5807 1837 5875 1111.
1863 5808 1906 5860 13.
1932 5803 1993 5861 sine

297 5896 327 5951 in
358 5896 476 5951 institut.
505 5909 529 5948 c.
553 5896 597 5946 311.
628 5910 734 5982 marens
768 5897 932 5968 baptizandi
961 5891 1235 5951 reansndamlmrea
1258 5899 1318 5952 Dei
1333 5899 1421 5969 jassa
1444 5904 1473 5951 et
1496 5896 1632 5952 mandam
1645 5893 1723 5949 nolit
1748 5894 1859 5951 immet
1884 5901 1912 5952 et
1929 5896 1995 5952 red·
