4800 6659
409 641 480 712 rs.
996 635 1511 696 Lowsasemasssermus

409 790 595 847 multimodae
618 792 774 847 vocationis
797 793 942 849 oerimtem
959 796 1001 849 ad
1016 812 1101 849 unam
1119 791 1243 864 gratiam
1270 792 1322 846 boe
1339 811 1394 848 non
1414 809 1448 848 es
1465 795 1586 864 meritis,
1610 796 1662 849 sed
1685 810 1717 849 ea
1736 794 1798 850 sola
1816 794 1918 864 pratia.
1953 792 1984 848 in
2002 792 2109 850 Psslm.

405 878 588 948 pertinentem
611 879 695 933 etiam
713 880 768 933 ella
785 880 886 950 regula
903 880 1079 949 evangelicae
1097 897 1244 950 compara·
1270 882 1317 933 31:
1335 879 1456 933 Instruit
1473 878 1657 950 (psalmista),
1676 889 1707 935 ut
1725 898 1803 935 nemo
1821 881 1865 934 oel
1884 882 2041 935 libertatem
2060 873 2113 936 ar?

408 964 492 1018 monis
515 964 668 1029 adstrinxit,
694 983 753 1035 qua
775 967 908 1035 ostendit,
932 967 1175 1037 patremfamilias
1199 965 1243 1018 di·
1270 964 1355 1033 bitrii,
1375 966 1419 1019 oei
1438 968 1537 1020 merita
1554 984 1607 1019 uua
1625 968 1755 1036 sufficere
1775 968 1831 1020 sibi
1847 968 1889 1020 ad
1907 967 2109 1021 beatitudinem

408 1066 488 1104 uerso
517 1058 638 1119 tempore
669 1052 865 1105 conducentem
895 1053 1043 1124 operarias
1071 1054 1168 1106 uineae
1193 1052 1243 1104 sub
1270 1053 1385 1119 eredat,
1408 1054 1459 1105 emi
1478 1053 1540 1106 sola
1561 1055 1620 1108 Dei
1633 1055 1730 1122 pratia
1747 1072 1776 1107 se
1793 1054 1904 1107 sulcari
1919 1070 2006 1124 posse
2027 1053 2108 1107 intel-

407 1135 538 1204 pastione
567 1137 695 1205 denarii,
725 1154 778 1209 quo
808 1138 883 1191 uitae
911 1146 1042 1192 aeternae
1068 1139 1244 1206 sipnificatur
1271 1136 1347 1204 ligat.
1373 1137 1402 1191 in
1421 1139 1523 1194 Psalm.
1543 1146 1588 1195 ll:
1610 1141 1728 1195 Tantum
1745 1150 1858 1211 merent
1873 1141 1903 1194 in
1909 1140 2028 1210 justitio
2040 1140 2109 1207 Dei,

410 1221 577 1291 aequalitas,
594 1223 644 1275 ubi
663 1222 722 1277 sine
742 1223 828 1277 drebio
846 1224 917 1277 bora
929 1225 1078 1279 undecima
1089 1226 1246 1279 intromissi
1271 1224 1339 1291 quea
1352 1241 1407 1293 per
1422 1225 1566 1293 jwtitiam
1576 1228 1725 1295 factorum
1745 1226 1840 1280 nullus
1857 1227 2030 1295 salvabitur,
2057 1228 2110 1280 sed

410 1308 439 1361 in
456 1309 580 1378 uincam,
605 1310 690 1363 totius
708 1310 768 1364 diei
785 1312 926 1381 operariis
946 1312 1104 1381 massueti,
1128 1313 1245 1366 istorum
1267 1325 1322 1378 per
1343 1310 1432 1363 solam
1454 1311 1597 1381 justitiam
1619 1314 1700 1382 fidei.
1736 1312 1847 1383 Hsymo
1871 1312 1901 1367 in
1918 1312 2022 1369 Psulm.
2043 1317 2109 1369 131:

406 1395 577 1465 praeierunt
595 1403 706 1464 sortem,
725 1414 795 1465 quoe
815 1400 856 1451 ad
874 1400 1122 1453 commendandam
1134 1400 1246 1467 gratiae
1273 1395 1376 1448 Nullus
1396 1397 1431 1449 de
1450 1398 1557 1450 naritus
1575 1398 1634 1450 suos
1646 1406 1827 1468 praesumat,
1851 1400 1903 1451 sed
1926 1416 2033 1452 animm
2050 1398 2108 1451 sal·

411 1482 604 1536 excellentiam
631 1482 662 1535 in
688 1484 802 1549 defectu
829 1486 888 1537 diei
914 1492 941 1538 et
971 1486 1147 1540 conclusione
1172 1488 1246 1541 vitm
1271 1481 1409 1535 nationem
1427 1500 1459 1536 en
1479 1482 1587 1537 Censet
1603 1484 1866 1553 meritiserspeetet.
1891 1484 1919 1538 in
1932 1501 1957 1541 e.
1970 1490 1995 1540 6.
2009 1483 2109 1541 uicti:

412 1567 511 1622 diuina
533 1568 709 1639 indulgentia
732 1572 902 1640 numeravit,
925 1589 981 1625 non
1008 1572 1103 1625 labori
1122 1575 1246 1643 pretium
1273 1568 1334 1621 Nos
1352 1577 1463 1636 agentes
1477 1572 1678 1639 poenitentiam
1696 1573 1826 1641 sciamus,
1843 1572 1915 1625 nibil
1929 1591 1979 1625 nos
1992 1573 2110 1640 dignum

411 1655 527 1720 soluens,
548 1657 601 1709 sed
619 1657 734 1710 diuitias
752 1658 886 1712 bonitatis
903 1676 971 1713 meae
984 1660 1015 1712 in
1027 1676 1086 1728 eos,
1105 1676 1175 1730 quoe
1186 1660 1246 1713 eine
1273 1655 1343 1707 dare
1364 1672 1450 1723 potet
1471 1658 1513 1710 ad
1533 1658 1710 1728 placandum
1728 1660 1835 1724 Deum,
1857 1660 1910 1711 sed
1931 1659 2110 1713 solummodo

412 1742 543 1811 operibus
562 1742 648 1812 elisit,
668 1745 821 1813 effundens,
841 1752 872 1797 ut
888 1746 972 1799 etiam
990 1746 1024 1813 ii,
1046 1746 1097 1815 qui
1113 1747 1142 1799 in
1160 1747 1246 1800 multo
1273 1740 1454 1809 insanguine
1472 1743 1648 1797 immamelati
1666 1752 1693 1798 et
1710 1744 1867 1811 sinpnlarie
1885 1744 1953 1813 apni
1964 1760 2110 1813 nosposse

411 1827 511 1881 labore
533 1829 686 1892 sudarunt,
710 1846 761 1882 nec
785 1830 909 1900 amplius
938 1848 1020 1899 quam
1040 1831 1184 1885 nouissimi
1200 1849 1244 1885 ae·
1272 1827 1388 1881 cainani.
1423 1827 1451 1881 in
1471 1845 1495 1882 e.
1516 1835 1557 1885 20.
1576 1828 1690 1884 natm:
1727 1830 1789 1883 Vita
1815 1838 1929 1883 aeterrm
1956 1831 2032 1885 nulli
2054 1848 2109 1899 per

413 1922 553 1984 ceperunt,
572 1915 739 1985 intelligant,
759 1917 861 1969 Quum
880 1933 911 1969 se
921 1918 1041 1987 gratiae,
1060 1934 1246 1986 manoperam
1273 1913 1394 1966 debitum
1411 1916 1551 1980 redditur,
1569 1917 1620 1968 sed
1634 1933 1686 1983 per
1703 1917 1856 1981 gratuitam
1874 1916 2110 1972 misericordiam.

413 2001 554 2069 accepisse
577 2003 732 2053 mercedem
754 2006 807 2057 etc.
845 2002 1040 2068 (Bellus-minue
1061 2002 1176 2073 excipit,
1201 2020 1245 2057 ea·
1273 1997 1389 2054 Carolus
1413 1999 1533 2073 Magnus
1558 2001 1606 2056 lib.
1630 2009 1649 2056 l.
1674 2002 1709 2057 de
1727 2002 1893 2073 imaginibus
1910 2019 1936 2056 c.
1959 2009 2003 2057 15:
2035 2004 2109 2057 Pro·

412 2086 492 2140 cludi
516 2087 628 2152 merita,
656 2104 728 2157 quae
745 2096 809 2141 sunt
826 2089 906 2142 nobie
924 2091 942 2142 α’
962 2090 1054 2154 noba,
1080 2108 1137 2143 non
1154 2098 1245 2144 amem
1268 2086 1447 2154 pitiatorinm
1466 2090 1674 2157 superponitur,
1693 2090 1760 2159 quia
1776 2089 1884 2143 scilicet
1901 2089 2039 2157 legalibus
2051 2091 2109 2145 siae

280 2177 339 2219 viti.
353 2174 398 2219 ss&
412 2174 525 2241 merita,
545 2190 616 2243 qim
634 2182 697 2227 sune
715 2175 795 2228 nobis
813 2192 830 2227 a
849 2176 945 2244 9ratia
964 2177 1037 2245 Βοὴ·
1064 2181 1095 2231 at
1116 2176 1151 2231 ds
1168 2175 1245 2232 labo-
1272 2173 1441 2240 coangelicis
1465 2175 1641 2244 praeceptis,
1672 2193 1743 2244 quae
1769 2176 1800 2229 in
1825 2191 1857 2229 eo
1884 2177 2010 2238 fundata
2034 2186 2109 2247 mat

412 2259 540 2315 rentibus
558 2259 586 2313 in
605 2259 686 2315 rinos
705 2259 818 2314 Domini
838 2261 939 2317 diserte
955 2261 1057 2334 egitur,
1076 2279 1144 2333 quos
1160 2268 1247 2332 neget
1271 2261 1453 2328 supereminet
1476 2261 1672 2314 misericordia
1696 2262 1822 2331 ejusdem
1845 2263 2027 2331 mediatoris,
2052 2281 2110 2333 per

411 2344 531 2415 Prosper
539 2362 653 2416 operum
662 2346 817 2402 mercedem
827 2346 1246 2417 accipere,eumdenuriusvitae
1272 2363 1356 2415 astam
1378 2365 1434 2401 non
1456 2363 1490 2400 ea
1507 2348 1636 2415 operibus
1657 2348 1735 2418 lepis,
1755 2364 1827 2417 quae
1843 2349 1964 2414 fecimus
1981 2367 2043 2418 nos,
2062 2368 2109 2404 ne·

411 2436 541 2487 aeternae
553 2431 679 2487 omnibus
693 2431 869 2487 credentibus
882 2438 910 2487 et
922 2432 952 2486 in
963 2433 1045 2487 vinem
1054 2432 1246 2489 laborantibus
1273 2449 1324 2501 que
1348 2432 1470 2487 nolentes
1493 2451 1579 2503 neque
1597 2442 1750 2502 currentes,
1774 2436 1826 2489 scd
1843 2436 1905 2504 rjus
1924 2436 2110 2491 ms'serations

325 2569 327 2582 ,
410 2534 444 2573 er
456 2534 545 2589 aequo
558 2518 646 2585 detur,
660 2519 718 2574 sive
730 2535 828 2590 purum
840 2518 898 2574 sive
910 2518 1028 2574 multum
1040 2519 1245 2589 laboraverint)
1271 2519 1422 2573 salvamur.
1457 2520 1607 2575 Anselmus
1625 2521 1653 2574 in
1669 2521 1716 2577 lib.
1731 2521 1766 2575 de
1780 2536 1898 2577 mensur.
1912 2520 2003 2576 crucis
2015 2522 2058 2578 lit.
2069 2520 2109 2577 B:

410 2603 456 2662 lib.
478 2612 501 2660 2,
528 2623 553 2660 e.
572 2612 602 2662 8:
631 2606 818 2671 Manifestum
839 2615 890 2671 est,
918 2624 979 2675 eos,
1006 2608 1057 2676 qui
1077 2607 1152 2662 saloi
1166 2610 1245 2674 fiunt,
1274 2605 1308 2659 Si
1331 2605 1411 2659 bomo
1435 2606 1512 2660 mille
1536 2608 1618 2660 annis
1636 2608 1750 2661 seruiret
1769 2609 1831 2662 Deo
1851 2608 1934 2661 stiam
1951 2608 2110 2675 furentis-

412 2709 468 2746 non
484 2693 598 2753 merito,
615 2694 668 2745 sed
684 2693 779 2760 pratia
796 2692 924 2748 liberari.
961 2692 1040 2749 Idem
1057 2693 1085 2749 in
1104 2710 1203 2749 curm:
1272 2691 1352 2755 sirm,
1370 2710 1426 2746 non
1443 2701 1565 2746 meretur
1583 2710 1616 2746 ea
1633 2694 1771 2760 scampno
1790 2693 1939 2746 dimidium
1957 2694 2033 2747 diem
2051 2711 2110 2749 esse

449 2778 600 2834 Caelestem
618 2781 659 2832 ad
672 2780 798 2848 patriam
817 2781 933 2834 tendens
950 2798 1081 2849 cognosce
1096 2790 1246 2851 meantem,
1272 2778 1303 2830 in
1319 2795 1405 2847 repno
1424 2779 1571 2835 coelorum.
1607 2779 1636 2833 in
1653 2779 1724 2834 libro
1742 2779 1877 2836 meditate
1898 2780 2036 2845 Domine,
2056 2797 2110 2850 me,

481 2864 811 2935 &juramentoriam
830 2867 895 2919 bene
915 2868 1022 2935 curres,
1040 2884 1100 2937 ope.
1272 2864 1320 2917 cui
1336 2864 1463 2933 propria
1488 2865 1587 2918 merita
1611 2866 1752 2919 letabilsm
1773 2866 1915 2919 minantur
1933 2866 2111 2932 sedeamus,

446 2952 522 3004 Nam
540 2951 568 3003 si
582 2959 611 3005 tu
629 2951 730 3004 virtute
748 2959 796 3004 tua
813 2954 855 3005 ad
871 2952 1002 3028 coelestia
1020 2954 1114 3007 medes
1268 2950 1413 3019 pretiosae
1439 2953 1481 3004 ad
1506 2952 1633 3004 dextram
1660 2958 1735 3005 tuam
1762 2952 1883 3005 cedmon
1904 2952 1999 3021 prolis
2023 2953 2111 3008 inter·

484 3036 640 3105 Scandere,
658 3039 694 3091 de
711 3037 820 3108 superis
836 3039 938 3109 pulsus
957 3040 999 3093 aa
1015 3039 1073 3093 ima
1092 3042 1185 3098 eadm.
1272 3036 1427 3105 pollutione
1441 3045 1574 3092 restaura
1589 3038 1725 3107 planatus
1739 3041 1780 3092 ad
1792 3038 1886 3094 uitam
1921 3038 2006 3101 Quem
2018 3040 2121 3111 alium¹

411 3123 576 3197 Fulgentius
594 3123 645 3181 lib.
663 3125 700 3179 ad
719 3124 831 3181 Monim.
854 3142 881 3196 p.
903 3130 950 3181 21:
977 3127 1023 3180 Ea
1041 3127 1138 3194 pratia
1159 3130 1246 3182 datm
1273 3124 1346 3177 enim
1371 3125 1495 3193 disisam
1511 3142 1567 3194 pro
1585 3140 1627 3178 me
1645 3124 1849 3179 intercessorem
1869 3126 1923 3178 tibi
1938 3127 2032 3181 nescio
2052 3128 2113 3183 nesi

410 3230 466 3266 non
489 3211 580 3265 solum
594 3212 759 3281 justificatis
779 3214 837 3267 vita
855 3213 941 3282 bona,
966 3214 1119 3267 sedetiam
1137 3215 1245 3284 glorifi-
1273 3211 1356 3276 bunc,
1384 3211 1434 3281 qai
1455 3218 1496 3264 est
1511 3229 1566 3280 pro
1581 3211 1707 3280 peccatis
1724 3211 1827 3265 nostris
1846 3213 2031 3282 propitiatio,
2059 3214 2113 3284 qui

411 3300 482 3355 catis
508 3299 567 3352 uita
595 3306 718 3352 aeterna.
762 3297 819 3352 Car
847 3305 939 3352 autem
966 3317 1041 3354 mors
1067 3301 1245 3371 stipendium,
1272 3297 1351 3349 sedet
1374 3298 1416 3349 ad
1436 3298 1561 3350 dustram
1585 3305 1663 3350 tuam
1680 3302 1732 3352 ete.
1765 3296 1794 3351 in
1810 3290 1863 3354 hb(
1877 3297 1912 3352 de
1929 3297 2043 3354 miserie
2059 3298 2110 3357 bo-

410 3386 469 3439 uita
485 3394 600 3438 aeterna
618 3401 681 3438 uero
701 3385 797 3451 pratia
814 3384 934 3454 dicitur,
952 3385 1011 3438 nusi
1022 3387 1094 3455 quia
1111 3388 1165 3441 ella
1182 3391 1246 3443 red·
1273 3381 1367 3436 minis:
1393 3384 1490 3436 Terret
1509 3398 1552 3435 me
1569 3382 1627 3435 viia
1645 3399 1717 3451 mea,
1742 3400 1860 3453 namque
1879 3384 2031 3453 debiatnlor
2048 3387 2110 3441 die·

412 3472 499 3541 ditur,
518 3472 586 3524 baec
604 3472 747 3525 donatum!
776 3488 804 3541 p.
824 3474 871 3526 24:
889 3472 985 3539 aratia
1004 3479 1044 3525 est
1063 3480 1090 3526 et
1102 3473 1156 3527 cllo
1166 3475 1246 3543 justa
1273 3485 1356 3521 cussa
1373 3476 1493 3539 apparet
1512 3468 1583 3521 mibi
1600 3476 1651 3522 aut
1665 3477 1877 3538 peccatumaut
1889 3471 2027 3525 sterilitas
2038 3481 2109 3539 tota,

411 3558 570 3625 retributio,
595 3573 649 3625 quta
676 3557 754 3611 bonis
774 3556 833 3610 meis
857 3558 976 3612 meliora
993 3559 1149 3613 retribuens
1166 3563 1246 3616 Deus
1274 3562 1298 3606 ⁰⁸
1316 3554 1344 3607 η’
1360 3554 1422 3624 qui·
1440 3555 1553 3619 imiimi
1572 3555 1603 3608 ²⁸⁷²
1621 3571 1654 3608 θα
1672 3555 1796 3620 vidssiut's
1821 3556 1863 3609 ⁸⁸¹⁶
1889 3565 1929 3611 Μ
1955 3565 2004 3611 ⁰¹⁸⁸
2022 3557 2110 3613 &mtt-

411 3643 624 3713 glorificaturus
651 3651 691 3696 est
709 3643 812 3711 justos.
849 3645 889 3698 Et
907 3643 952 3697 bie
971 3644 1041 3697 enim
1062 3646 1159 3715 pratia
1176 3665 1246 3717 opus
1273 3640 1376 3709 laam,
1401 3647 1451 3694 aut
1477 3641 1683 3710 imperfectum,
1710 3649 1758 3694 aut
1782 3642 1878 3713 aliquo
1903 3644 1985 3697 modo
2009 3661 2110 3701 corne

412 3729 480 3790 eris,
499 3729 568 3799 quia
586 3736 617 3782 ut
633 3730 685 3783 loe
701 3738 872 3799 moriame,
896 3730 955 3800 ipen
967 3732 1177 3801 praeveniendo
1196 3735 1245 3788 ms.
1269 3735 1356 3797 ptum,
1373 3734 1403 3780 ut
1418 3729 1511 3796 possit
1530 3736 1578 3780 ant
1595 3746 1650 3781 non
1663 3727 1790 3797 placere,
1807 3730 2021 3799 autvdssplicere
2033 3734 2108 3789 Deo.

412 3814 594 3870 sericorditer
630 3816 746 3886 incr‘pit,
791 3817 852 3887 ipse
886 3817 1078 3886 subsequendo
1116 3822 1246 3875 merendis,
1274 3811 1354 3866 Certe
1371 3822 1432 3868 tota
1450 3821 1499 3867 aut
1518 3814 1547 3868 in
1562 3822 1680 3884 peccato
1699 3822 1725 3868 et
1743 3814 1927 3883 damnabiles,
1948 3824 1998 3870 aut
2012 3817 2108 3883 infru·

412 3900 533 3956 Ibidem:
569 3900 673 3955 Gratia
697 3903 781 3956 seiam
805 3903 870 3974 ι’ρη
895 3903 964 3971 (vita
987 3907 1108 3972 aeterna)
1131 3924 1187 3961 „052
1204 3907 1245 3960 in.
1272 3908 1369 3953 otuoea
1387 3908 1413 3954 et
1430 3902 1634 3955 contemtibilis.
1665 3902 1726 3955 Sed
1743 3903 1814 3971 quid
1829 3918 1933 3971 separo
1951 3904 2109 3968 infructuo-

406 3989 485 4057 juste
503 3988 617 4056 dicitur,
635 3989 704 4057 qnia
721 4006 778 4043 non
795 3990 886 4043 solum
905 3991 987 4044 donis
1003 3992 1063 4043 sum
1075 3994 1155 4046 Deus
1169 3993 1245 4047 dona
1272 4004 1332 4040 tum
1352 4005 1371 4040 a
1391 3988 1554 4055 damnabili.
1574 3987 1669 4056 ulique
1688 3988 1715 4040 ti
1732 3995 1770 4041 eti
1786 3988 1971 4057 infulcitum,
1989 3989 2109 4043 dasena·

412 4093 464 4129 sua
487 4076 596 4143 reddit,
618 4076 670 4128 sed
691 4076 759 4145 quia
777 4083 884 4130 tantum
904 4077 987 4129 etiam
1004 4076 1046 4130 ibi
1060 4079 1156 4146 pratia
1175 4080 1246 4133 dioi-
1273 4073 1338 4126 bilis
1356 4081 1403 4141 eei,
1420 4074 1509 4127 omnis
1527 4074 1600 4127 enim
1620 4074 1715 4143 arbor,
1734 4090 1804 4143 quae
1821 4092 1875 4128 non
1885 4074 1966 4141 sarit
1976 4076 2109 4143 fuissem

413 4178 466 4215 nae
484 4162 676 4216 retributionis
700 4163 844 4232 emeberat,
864 4171 895 4216 ut
920 4164 1181 4234 incomparabiliter
1206 4172 1246 4217 at·
1274 4158 1381 4227 bonum,
1399 4160 1575 4213 esscindetur
1593 4168 1619 4212 et
1637 4161 1666 4212 in
1679 4161 1771 4228 ignem
1783 4160 1921 4229 mittetur,·
1940 4162 2149 4215 taedetarsib‘

414 4264 466 4317 que
489 4247 671 4317 ineffabiliter
695 4266 774 4303 omne
798 4250 927 4304 meritum
954 4252 1130 4320 quantumuis
1159 4253 1247 4305 bonas
1273 4263 1345 4299 mam
1363 4263 1452 4300 meam
1469 4246 1544 4299 uitae
1564 4263 1647 4311 meac,
1664 4246 1754 4300 virere
1773 4247 1913 4313 maneo,
1930 4246 2005 4300 mori
2016 4248 2108 4317 perti·
2141 4319 2143 4322 Ι

414 4341 438 4386 et
463 4350 496 4387 eo
519 4335 583 4385 Deo
608 4335 693 4387 dalem
719 4336 856 4390 bumanae
876 4337 1028 4391 calametis
1046 4345 1128 4406 atque
1149 4354 1247 4407 opera·
1273 4349 1363 4386 mesco
1389 4338 1442 4391 etc.
1484 4334 1509 4387 O
1535 4332 1640 4400 lienam
1667 4333 1780 4386 aridum
1806 4341 1833 4387 et
1858 4332 1957 4386 inutile
1985 4334 2109 4388 adenem

413 4420 499 4474 donis
525 4420 648 4478 excedat.
684 4420 836 4493 Gregorius
859 4423 907 4479 lib.
927 4428 951 4479 9,
970 4422 1065 4477 moral.
1094 4439 1117 4477 e.
1141 4429 1184 4478 142
1215 4423 1248 4478 Si
1274 4419 1384 4488 ignibus
1402 4419 1532 4488 dignum,
1552 4419 1623 4487 qnid
1638 4420 1819 4488 respondebis
1839 4418 1870 4472 in
1887 4419 1941 4473 illa
1960 4419 2021 4488 die,
2045 4438 2109 4474 cum

413 4523 483 4575 opus
509 4505 620 4559 uirtutis
645 4522 805 4577 maruno,
834 4510 875 4562 ad
897 4509 984 4562 vitam
1002 4527 1057 4562 non
1079 4526 1111 4561 ee
1130 4511 1246 4575 mentm,
1274 4505 1398 4579 mistim
1424 4524 1442 4558 a
1468 4513 1493 4558 n
1517 4522 1605 4574 usqae
1630 4506 1671 4558 ad
1694 4505 1777 4558 ictum
1802 4504 1879 4559 oculi
1903 4521 1981 4557 omne
1999 4511 2109 4575 tempus

414 4594 466 4646 sed
484 4610 516 4646 eo
531 4593 613 4645 renio
631 4593 802 4651 canoalesoo.
839 4595 962 4667 (Repetit
979 4594 1179 4666 Bellurminue,
1206 4599 1247 4651 in·
1273 4591 1384 4645 vivendi
1408 4591 1459 4644 tibi
1483 4592 1647 4661 impensum,
1674 4590 1798 4661 annaliter
1818 4592 1913 4658 fieerit
1939 4595 2110 4661 repensum?

413 4680 595 4749 mitigandum
613 4679 665 4733 hoc
682 4696 740 4733 esse
759 4681 795 4733 de
813 4682 928 4749 mmsis,
947 4699 1019 4752 quae
1034 4684 1164 4752 prope-233
1182 4686 1248 4739 virt.
1275 4678 1478 4748 Oanpustiac,
1505 4679 1569 4732 binc
1592 4685 1674 4731 erunt
1691 4686 1812 4747 peccata
1836 4678 2015 4746 accusantia,
2041 4679 2109 4734 inde

415 4767 464 4819 bros
490 4765 632 4835 acquisita
655 4773 733 4830 sunt;
758 4766 837 4839 atqui
864 4768 899 4824 de
922 4775 1018 4832 renata
1038 4766 1191 4841 Gregorius
1210 4769 1248 4826 lo-
1273 4774 1381 4820 terrens
1400 4764 1516 4835 justitia
1542 4771 1593 4819 ete.
1628 4762 1703 4819 Vide
1730 4762 1833 4818 ibidem
1855 4763 1964 4834 reliqua
1982 4764 2109 4821 dulcissi-

414 4852 509 4924 quitur
531 4867 564 4905 ac
587 4856 687 4922 neget,
715 4868 745 4907 ee
769 4853 798 4908 in
821 4853 911 4910 medio
928 4854 993 4910 licet
1013 4871 1100 4933 cumn·
1113 4854 1247 4911 bonorum
1274 4851 1325 4906 mis
1354 4850 1498 4906 sententiis
1522 4856 1640 4920 reperte.
1682 4848 1822 4920 Rupertns
1849 4849 1878 4903 in
1902 4849 1985 4921 Soph.
2011 4850 2061 4906 lib.
2083 4858 2107 4909 2.

414 4955 528 5010 operum
555 4936 736 4992 constitutum
764 4956 798 4994 ex
820 4939 924 4995 meritis
950 4940 987 4996 ed
1010 4942 1097 4995 vitum
1122 4942 1248 4997 convule-
1274 4954 1297 4993 e.
1322 4943 1351 4993 ³:
1388 4937 1570 5006 Magniloqui
1596 4936 1733 4990 emender
1763 4938 1895 4990 dicuntur
1913 4945 1938 4990 et
1957 4945 2035 5007 sunt,
2059 4939 2111 5009 qni

414 5040 507 5093 scere3
532 5020 658 5095 indigere
685 5030 777 5078 eutem
797 5025 893 5095 venia,
919 5026 1036 5098 perinde
1049 5018 1087 5081 ⁴ut
1106 5028 1248 5099 spostolus
1273 5032 1356 5079 semet
1377 5026 1447 5095 ipsis
1464 5033 1597 5093 tanquam
1609 5023 1700 5093 justis
1719 5025 1859 5092 confidunt
1879 5031 1905 5076 et
1922 5024 1958 5076 de
1976 5025 2109 5092 operibus

319 5125 322 5132 ’
415 5111 606 5166 Abruhnmum
636 5109 719 5165 etiem
746 5118 873 5167 renatum
903 5114 1034 5185 operibns
1061 5113 1246 5184 justificatum
1274 5112 1344 5183 lepis
1367 5117 1551 5181 praesumunt
1558 5134 1567 5174 ,·
1590 5111 1632 5162 ita
1653 5126 1797 5179 pauperes
1819 5117 1846 5163 et
1869 5110 1950 5178 egeni
1971 5118 2046 5163 reete
2065 5111 2108 5165 di

415 5214 475 5252 esse
493 5202 585 5269 neget,
607 5196 674 5267 quin
693 5195 785 5267 potius
807 5198 965 5255 remissione
981 5207 1158 5271 peccatorum
1177 5200 1248 5254 indi·
1274 5207 1374 5253 meatur
1399 5205 1425 5251 et
1448 5204 1525 5265 munt,
1553 5197 1602 5264 qui
1622 5203 1832 5265 repercuterer
1854 5212 1912 5249 esse
1938 5205 2109 5263 cognoscunt

414 5284 530 5355 guisse.)
566 5282 635 5338 hom.
656 5287 680 5339 7.
697 5281 727 5336 in
743 5281 858 5338 Erech:
876 5285 978 5338 Justm
992 5288 1144 5341 advocatus
1155 5295 1249 5341 noster
1275 5295 1301 5341 et
1331 5304 1385 5339 nan
1412 5284 1469 5336 nisi
1486 5300 1541 5353 per
1569 5284 1653 5345 sidem
1676 5283 1748 5336 Jesu
1772 5283 1879 5339 Christi
1897 5283 2059 5351 justificari
2080 5301 2109 5337 se

409 5368 504 5437 justos
529 5387 580 5424 nos
607 5370 742 5434 defendet
767 5368 797 5422 in
819 5369 945 5439 iudicio,
971 5372 1038 5441 quia
1056 5381 1082 5426 et
1099 5374 1249 5443 nosipsos
1274 5372 1404 5428 sentiunt.
1434 5369 1513 5424 Idem
1530 5368 1558 5422 in
1576 5367 1731 5424 Johsnnem
1749 5369 1796 5425 lib.
1818 5374 1924 5425 1.c.1:
1942 5368 2111 5439 Accepimus

416 5456 605 5523 cognoscimus
635 5463 661 5509 et
686 5472 850 5509 coemamus
878 5456 1014 5527 injustos5
1045 5476 1100 5512 non
1126 5475 1191 5527 erpo
1219 5459 1248 5511 in
1274 5458 1398 5528 gratiam
1418 5472 1475 5525 pro
1498 5455 1609 5524 pratia,
1632 5455 1738 5508 seilicet
1763 5456 1887 5522 qratiam
1911 5462 2043 5508 aeternae
2065 5471 2112 5508 sa·

411 5541 525 5609 fletibus
545 5543 661 5611 nostris,
685 5559 741 5596 non
764 5540 794 5595 in
812 5540 920 5594 aetibtes
936 5543 1052 5611 nemis,
1077 5546 1129 5598 sed
1148 5545 1177 5597 in
1197 5547 1249 5599 ad·
1275 5545 1343 5599 lutis
1357 5541 1794 5613 propratiafideipraceentis,
1812 5542 1954 5609 adquam
1973 5557 2025 5593 nos
2044 5530 2112 5609 prass

416 5627 510 5681 uocati
544 5636 638 5681 nostri
672 5628 842 5696 allegatione
877 5629 1057 5692 eonfidmus.
1109 5629 1189 5686 Beda
1222 5629 1251 5685 in
1276 5632 1330 5697 tis,
1353 5630 1387 5682 id
1403 5637 1443 5682 est
1463 5628 1550 5682 asellis
1566 5628 1795 5695 praecedentibus
1814 5627 1938 5695 meritis,
1954 5643 2010 5697 per
2025 5643 2112 5697 prae·

416 5712 518 5768 Penlm
537 5716 583 5768 23:
611 5713 740 5783 Accipiet
758 5713 987 5785 benedictionem,
1006 5717 1040 5770 id
1057 5723 1099 5770 est
1114 5716 1250 5785 multipli·
1278 5717 1421 5771 ditatores
1444 5733 1510 5770 suos
1537 5714 1598 5783 ipse
1616 5713 1725 5767 oocooit
1743 5721 1769 5765 et
1786 5713 1912 5784 pratseita
1928 5720 2113 5783 peccatorum

417 5800 553 5854 cntionem
571 5817 591 5852 a
608 5800 748 5866 Domino,
769 5800 842 5854 lanc
864 5800 985 5867 scilicet,
1009 5808 1039 5856 ut
1056 5802 1087 5854 in
1105 5803 1254 5871 praesenti
1278 5801 1440 5856 remissione
1452 5800 1630 5870 justificavit.
1667 5797 1788 5853 Ibidem:
1808 5800 1865 5854 Per
1881 5800 2005 5867 qratiam
2018 5800 2113 5855 solam

417 5886 483 5939 bene
499 5891 694 5949 promereatur
711 5891 739 5941 et
755 5885 787 5941 in
802 5886 902 5949 sidero
919 5887 986 5942 bens
1003 5895 1205 5955 remuneretur,
1225 5894 1252 5941 et
1262 5862 1267 5943 Ι
1278 5887 1320 5940 ad
1341 5902 1458 5957 regnum
1476 5886 1617 5942 coelorum
1635 5886 1778 5955 ducimur,
1796 5887 1874 5957 meod
1890 5884 1979 5941 nullis
1995 5902 2114 5957 operum
