4800 6659
965 761 1018 819 DE
1037 761 1311 821 secuturum.
1925 777 1983 835 157

291 920 441 978 medendae
464 920 607 993 proponit:
633 920 668 975 si
691 921 754 990 guis
777 921 894 990 deberit,
923 922 953 974 in
978 918 1124 986 ministris,
1149 920 1221 989 tingi
1230 928 1332 991 potest,
1351 939 1405 992 assa
1418 922 1697 977 determinetur-haec
1712 924 1905 995 indifferentia
1922 925 1984 989 lor·

266 980 355 1062 sm
382 1014 564 1062 sacramenta
590 1007 739 1072 eonticsimt
760 1015 787 1061 et
813 1010 975 1073 conserunt,
1002 1024 1057 1059 non
1080 1021 1122 1058 re·
1148 1025 1219 1078 mae,
1236 1009 1294 1064 nissi
1310 1009 1424 1063 intentio
1442 1010 1573 1079 ministri,
1592 1010 1641 1080 qui
1656 1010 1711 1063 alla
1728 1010 1813 1064 narba
1827 1011 1984 1081 psalmat

266 1094 364 1166 *qais-i
375 1094 555 1149 intentionem
567 1095 668 1148 saltem
672 1093 817 1163 jaciendi,
826 1096 903 1165 quod
912 1092 986 1157 tacit
995 1091 1229 1164 ecclesialcujus
1256 1104 1295 1149 est
1326 1103 1384 1149 tota
1412 1096 1495 1150 aetia
1541 1098 1628 1165 Ergo.
1674 1096 1896 1167 Respondemus:
1927 1112 1983 1151 non

286 1181 436 1234 anabuns
458 1182 504 1237 sit.
546 1179 723 1237 Chemnioius
749 1179 870 1235 recitans
895 1178 969 1233 hunc
989 1193 1121 1233 canonem
1134 1137 1228 1242 laudis
1252 1181 1299 1236 hio
1316 1180 1435 1253 Spiritus
1461 1182 1551 1237 sancti
1575 1183 1700 1248 macula,
1727 1184 1777 1238 sed
1795 1184 1915 1239 rationes
1932 1181 1982 1236 bu-

266 1260 446 1340 lmeungis,
476 1266 577 1339 dogma
601 1266 682 1331 illud,
710 1265 785 1338 quod
810 1266 846 1320 ad
864 1265 1009 1320 renotem
1032 1279 1121 1318 sacra·
1134 1247 1136 1384 ἱ
1147 1283 1247 1323 manae
1263 1268 1402 1341 cogitata,
1416 1270 1476 1339 jam
1495 1286 1560 1325 vero
1578 1286 1611 1325 ex
1629 1269 1773 1341 principiis
1791 1269 1905 1324 rationis
1915 1286 1983 1324 nun-

285 1354 368 1409 menti
393 1353 550 1409 necessarm
569 1351 605 1408 sit
624 1353 687 1408 talis
705 1352 821 1408 intentio
839 1349 970 1415 ministri,
997 1350 1045 1421 qui
1063 1365 1119 1403 non
1134 1391 1136 1406 .
1149 1370 1234 1425 quam
1248 1354 1349 1409 astrui
1368 1361 1498 1425 potenmt
1518 1356 1629 1411 articffl
1646 1355 1712 1411 fidei
1730 1356 1782 1411 sub
1800 1354 1984 1411 anathematis

284 1445 392 1496 hnurm
413 1439 545 1511 respiciat
561 1440 651 1511 ipsum
672 1444 764 1494 actum
783 1437 943 1494 conferendi
956 1413 1264 1522 sacramentiiinlmine
1293 1441 1330 1494 ad
1361 1440 1529 1496 credendum
1554 1442 1704 1513 propositi,
1734 1443 1783 1498 ubi
1810 1442 1985 1497 destituimur

280 1528 362 1599 juxta
379 1526 498 1583 formam
520 1525 714 1596 institutionis,
735 1526 784 1580 sed
804 1542 876 1597 quaa
894 1523 1026 1594 respiciat
1037 1523 1136 1590 etiams,
1147 1525 1301 1581 manifestis
1318 1533 1347 1582 et
1362 1528 1517 1598 perspicuis
1530 1527 1688 1600 Scripturae
1701 1545 1798 1584 sacrae
1812 1527 1983 1583 testimoniis.

282 1612 365 1670 inem
391 1612 570 1681 sacramenti,
595 1629 649 1667 non
677 1611 779 1666 babere
799 1611 828 1665 in
852 1609 1001 1681 scripturis
1021 1608 1120 1663 tunda—
1133 1645 1136 1696 ;
1149 1617 1173 1667 2.
1194 1613 1412 1685 Argumentum,
1436 1614 1487 1669 hoc
1515 1622 1557 1671 est
1575 1616 1699 1671 Thomas
1723 1621 1752 1671 et
1769 1613 1911 1684 Richardi,
1937 1615 1985 1687 qui

282 1705 416 1757 mentum.
463 1699 647 1756 Bellarminus
676 1699 822 1767 exclamat,
853 1714 957 1751 merum
984 1696 1036 1750 hoc
1063 1698 1218 1753 esseiillnd
1241 1700 1281 1755 sic
1304 1708 1478 1772 proponunt:
1515 1701 1633 1766 Quando
1656 1708 1823 1757 concurrunt
1849 1701 1930 1773 plura
1948 1701 1985 1756 ad

282 1787 475 1856 mendacium,
501 1789 580 1858 prod
595 1785 743 1840 concitum
763 1784 914 1851 definierit,
942 1782 1120 1836 intentionem
1133 1753 1136 1816 i
1150 1803 1235 1840 unum
1253 1785 1392 1851 effectum,
1406 1792 1521 1859 'oportet
1540 1788 1614 1859 quod
1634 1785 1827 1859 aliquomodo
1846 1787 1983 1842 uniantur.

283 1874 349 1939 finis
370 1891 430 1928 esse
453 1873 654 1942 noemsariom,
679 1889 742 1925 cum
760 1888 818 1925 non
835 1869 958 1923 nominet
971 1870 1056 1939 finem
1075 1885 1120 1921 sa·
1149 1871 1195 1925 Ad
1227 1879 1429 1928 sacramentum
1457 1874 1589 1945 baptismi
1619 1881 1787 1929 concurrunt
1812 1873 1985 1939 elementum,

282 1961 429 2016 menti.
473 1956 698 2030 Respondemus:
723 1956 780 2013 Cur
807 1973 874 2029 ergo
898 1972 954 2010 non
970 1953 1122 2027 loquuntur
1148 1957 1245 2026 verba,
1272 1958 1398 2013 minister
1421 1966 1449 2014 et
1471 1959 1640 2030 suscipiens,
1668 1975 1740 2031 quae
1764 1963 1829 2014 sunt
1845 1960 1926 2031 plura
1944 1957 1985 2013 di·

285 2044 389 2102 elarius
400 2044 557 2100 Tridentini
572 2043 684 2115 patres?
701 2043 807 2109 dicunt,
823 2041 932 2112 requiri
942 2042 1120 2095 intentionem
1148 2042 1258 2099 stincta.
1299 2045 1375 2118 Ergo
1400 2046 1549 2118 requiritur
1573 2046 1679 2117 aliquid
1699 2046 1883 2119 coujungens,
1909 2044 1985 2117 quod

284 2132 424 2201 secundi,
442 2133 520 2203 guod
536 2132 609 2196 facit
627 2130 755 2197 ecclmia,
773 2129 802 2184 id
822 2145 888 2183 vero
905 2144 959 2182 non
979 2127 1067 2182 solum
1086 2126 1121 2183 de
1148 2146 1203 2185 non
1226 2130 1337 2186 videtur
1362 2131 1439 2186 aliud
1463 2131 1516 2186 nisi
1541 2131 1657 2187 intentio
1683 2130 1808 2185 ministri.
1845 2129 1902 2186 Sed
1919 2129 1984 2187 Sco·

283 2218 343 2293 lpse
364 2225 442 2287 actu,
468 2218 517 2274 sed
537 2217 619 2272 etiam
638 2216 694 2271 fine
711 2215 877 2271 sacramenti
895 2214 1015 2286 intelligi
1032 2230 1120 2285 posse,
1147 2224 1192 2272 tus
1220 2217 1292 2271 banc
1319 2219 1453 2274 rationem
1482 2219 1630 2290 impugnat
1656 2222 1684 2273 et
1708 2216 1771 2272 Riel
1795 2215 1985 2271 infirmitatem

283 2321 319 2363 ne
336 2306 397 2378 ipse
418 2304 530 2377 quidem
547 2303 733 2360 Bellarminus
750 2302 883 2376 negabit3
905 2301 944 2356 sic
962 2301 1036 2357 enim
1056 2300 1121 2355 scri·
1147 2306 1208 2376 eJ'us
1235 2305 1374 2377 agnoscit,
1400 2305 1466 2378 quia
1488 2306 1518 2359 in
1541 2306 1621 2376 sigim
1644 2307 1686 2359 ad
1699 2304 1840 2374 placitum
1857 2303 1984 2356 instituto

284 2391 379 2449 bitin
403 2407 465 2463 cap.
489 2408 545 2462 seq.
566 2394 607 2446 28.
631 2385 658 2466 ξ.
687 2396 729 2446 l'l:
764 2389 853 2443 Verbo
873 2388 928 2443 illa
948 2387 1121 2441 innocentii:
1148 2391 1249 2463 (inquit
1269 2389 1380 2459 Scotus)
1395 2400 1516 2462 posssmt
1540 2392 1629 2446 multa
1652 2406 1817 2446 concurrere
1840 2391 1882 2442 ad
1898 2388 1984 2442 ratio·

285 2479 397 2535 marsa
412 2485 492 2550 gerat
509 2479 539 2531 in
558 2484 644 2531 mente
662 2478 841 2543 nonfacere,
861 2477 939 2546 meod
944 2474 1020 2541 facit
1037 2473 1120 2527 ecclc·
1149 2496 1210 2532 nem
1227 2479 1309 2532 senius
1326 2480 1402 2549 mgni
1413 2487 1535 2551 propter
1553 2487 1646 2534 actum
1664 2480 1842 2547 instituentis,
1861 2478 1927 2533 licet
1944 2478 1984 2531 ni·

284 2565 342 2631 sio,
367 2564 475 2621 duabsu
501 2564 593 2618 modis
611 2562 734 2632 intelligi
748 2569 880 2635 possunt:
906 2578 962 2615 uno
984 2561 1067 2614 modo
1085 2561 1122 2613 de
1146 2565 1189 2619 hii
1224 2565 1310 2619 aliud
1343 2568 1392 2634 sit,
1423 2576 1545 2637 propter
1583 2569 1659 2636 quod
1695 2566 1814 2619 habeant
1841 2565 1984 2620 undatem.

286 2668 330 2718 so,
357 2654 437 2723 guod
461 2652 535 2715 facit
562 2651 694 2720 eeclesia,
724 2657 857 2721 ananim
879 2646 1120 2701 admittentium
1148 2657 1171 2707 3.
1190 2651 1311 2706 Thnmas
1336 2655 1429 2723 (quem
1453 2652 1638 2708 Bellarminus
1662 2651 1707 2707 bic
1731 2651 1866 2724 sequit-ur)
1891 2650 1984 2707 inex·

287 2739 425 2807 muana·
449 2738 540 2792 altero
559 2739 652 2806 modo,
678 2743 811 2806 mantum
836 2736 877 2788 od
895 2735 1021 2805 effectum
1041 2732 1121 2785 illius
1146 2737 1296 2808 plicatione
1320 2739 1404 2810 hujus
1429 2739 1585 2810 argumenti
1612 2739 1652 2794 sic
1670 2738 1849 2811 progreditur
1866 2755 1893 2808 p.
1912 2742 1935 2793 3.
1956 2754 1983 2810 q.

286 2825 412 2883 σἀἰοπὶε.
454 2825 615 2880 Posteriori
635 2825 719 2878 modo
739 2822 876 2877 intellexit
896 2820 1077 2875 Innocentis&
1095 2825 1122 2871 ei
1148 2830 1189 2880 64.
1213 2832 1264 2879 art.
1290 2830 1319 2881 S:
1353 2826 1474 2889 Quando
1502 2826 1617 2896 aliquid
1645 2843 1674 2878 se
1706 2826 1787 2879 habet
1820 2827 1862 2878 ad
1888 2823 1983 2893 multa

287 2921 326 2969 ast
341 2930 454 2968 sennes:
473 2912 600 2966 Etiamsi
616 2910 743 2965 minister
762 2929 819 2965 non
836 2916 919 2978 aaut
936 2909 965 2961 in
977 2914 1062 2960 mente
1073 2906 1119 2970 sa·
1147 2917 1256 2980 oportet
1281 2913 1359 2981 meod
1380 2929 1437 2983 per
1464 2912 1579 2981 aliareid
1603 2912 1802 2966 determinetur
1828 2913 1869 2966 ad
1891 2928 1983 2981 unum,

285 3017 357 3070 cers,
375 3002 452 3070 meod
467 2999 542 3065 facit
563 2998 688 3068 ecclesia,
706 2998 740 3051 id
757 3005 796 3051 est
812 2997 969 3067 justificare
986 2993 1121 3047 hominem
1146 2996 1174 3050 si
1196 2997 1273 3050 allud
1294 2998 1374 3064 effici
1396 2998 1503 3053 debeat.
1545 2997 1663 3052 Ablutio
1686 3015 1788 3068 aptae,
1817 3015 1888 3067 quae
1905 2998 1936 3061 ns
1954 2999 1984 3052 in

286 3106 304 3143 a
324 3086 464 3160 peccatis,
487 3085 555 3156 quio
578 3085 710 3140 nimirum
728 3091 814 3155 putat
835 3101 892 3137 non
916 3082 1016 3136 habere
1036 3079 1121 3134 talem
1147 3083 1299 3153 baptismo,
1322 3089 1413 3152 potest
1437 3082 1571 3137 ordinari
1594 3091 1620 3136 et
1642 3084 1684 3137 ad
1700 3084 1868 3137 mundiciam
1886 3101 1984 3153 corpo·

286 3175 412 3231 &nedem
436 3171 518 3227 illam
541 3171 740 3234 ceremoniam,
764 3178 857 3223 tamen
876 3169 904 3222 si
920 3167 1040 3222 intendit
1058 3181 1121 3219 oete
1145 3170 1237 3223 ralem
1264 3178 1290 3223 et
1315 3171 1356 3223 ad
1381 3168 1557 3223 sanctitatem
1577 3170 1753 3240 spindualem
1772 3177 1798 3224 et
1818 3172 1859 3223 ad
1875 3171 1984 3240 ludum,
1997 3170 2113 3215 vul...

283 3235 383 3332 facire
407 3257 607 3321 ceremoniam,
632 3275 717 3328 quam
738 3256 810 3320 facet
828 3255 959 3319 molesia,
983 3254 1053 3309 sotis
1071 3260 1120 3306 est.
1146 3257 1211 3311 ideo
1230 3261 1338 3326 oportet
1357 3257 1434 3326 qrsod
1454 3255 1651 3309 determinetur
1665 3257 1817 3323 adunam,
1835 3256 1926 3310 idest
1944 3257 1986 3310 ad

286 3344 386 3413 Vides,
403 3344 496 3416 ipsum
512 3342 712 3399 Bellarminum
730 3341 826 3410 fateri,
855 3340 930 3413 quod
947 3340 1063 3396 intentio
1080 3337 1121 3392 ia·
1147 3342 1377 3396 sacramentalem
1396 3343 1520 3413 effectum
1532 3358 1588 3411 per
1605 3341 1781 3396 intentionem
1795 3341 1943 3410 abluentis,
1959 3349 1985 3395 et

286 3431 377 3492 ciendi
396 3429 471 3503 quod
489 3428 557 3483 facit
574 3427 708 3492 ecclesia,
728 3427 762 3483 de
781 3427 932 3484 intentione
950 3426 1013 3482 finis
1032 3423 1122 3495 accipi
1148 3429 1216 3483 haec
1240 3430 1354 3483 intentio
1374 3429 1542 3500 exprimitur
1555 3446 1612 3501 per
1628 3429 1727 3493 rerba,
1751 3428 1868 3500 quaein
1887 3446 1984 3483 sacra-

286 3517 375 3593 posait
396 3522 426 3573 et
450 3516 479 3571 in
507 3513 599 3570 verbis
618 3512 771 3569 Innocentii
796 3514 879 3570 etiam
903 3512 993 3584 accipi
1013 3511 1121 3566 debeat.
1147 3517 1248 3570 mentis
1275 3518 1420 3585 dicuntur,
1446 3525 1519 3587 puta
1542 3534 1604 3570 cum
1626 3515 1708 3570 dicit:
1738 3518 1802 3587 Epo
1826 3522 1851 3570 te
1874 3516 1984 3585 baptiso

287 3601 343 3663 cm
366 3620 433 3675 ergo
458 3600 648 3658 Cbemnicium
664 3599 801 3673 flagellat,
826 3600 901 3672 quod
925 3598 1022 3656 eodem
1040 3613 1122 3653 sensu
1148 3604 1178 3657 in
1204 3603 1313 3657 nomine
1336 3604 1436 3657 Patris
1458 3611 1508 3660 etc.
1544 3602 1603 3660 Ubi
1628 3602 1759 3673 observa,
1787 3603 1811 3657 si
1828 3601 1985 3674 requiratur

287 3690 374 3748 ruba
405 3688 518 3745 canonis
546 3686 635 3758 accipi
661 3703 743 3758 posse
767 3686 895 3743 statuat?
937 3683 1020 3739 Adde
1047 3682 1122 3755 quod
1148 3686 1264 3743 intentio
1282 3688 1374 3760 quoad
1389 3687 1617 3744 sacramentalem
1630 3687 1775 3759 effectum,
1792 3688 1984 3762 utiqneetiam

288 3775 464 3837 cbemnicins
481 3779 608 3829 neonem
625 3772 805 3830 intentionem
822 3771 938 3828 ministri
956 3770 993 3826 ad
1011 3769 1123 3844 integri·
1148 3773 1303 3847 requiretur
1337 3773 1470 3839 intentio,
1508 3791 1563 3830 non
1598 3780 1707 3830 tantum
1739 3780 1866 3847 respectu
1896 3782 1984 3846 actus,

287 3870 373 3921 tatem
396 3862 560 3918 sacramenti
585 3860 740 3916 necessario
763 3865 791 3915 et
813 3858 995 3915 essentialiter
1020 3855 1123 3928 requiri
1149 3860 1198 3916 sed
1218 3860 1300 3916 etiarn
1318 3864 1446 3929 respectu
1461 3859 1537 3929 finis,
1566 3861 1639 3932 quod
1657 3866 1751 3916 tamen
1768 3868 1833 3917 ante
1852 3867 1984 3933 negatum

287 3948 425 4017 ostendat,
443 3949 524 4003 modo
542 3947 722 4003 observentur
734 3943 938 4014 substantialia,
957 3961 1008 3999 nec
1026 3942 1062 3997 sit
1073 3942 1123 3996 mi·
1149 3947 1208 4003 ibat
1229 3945 1425 4003 Bellarminus,
1474 3952 1498 4002 4,
1522 3945 1759 4019 significationem
1791 3947 1869 4003 verbi
1894 3946 1984 4018 bapti·

288 4037 361 4095 mica
384 4036 523 4109 quaedam
545 4032 724 4090 subsannatio
747 4039 796 4087 aut
812 4031 946 4086 ridiculus
963 4032 1055 4100 lusus,
1074 4029 1123 4084 scd
1150 4032 1232 4087 randi
1259 4032 1375 4087 dicimus
1402 4031 1469 4087 satia
1492 4031 1668 4088 determinari
1692 4032 1783 4088 verbis
1800 4032 1855 4087 illis
1873 4032 1985 4097 additis,

286 4125 361 4182 actio
399 4138 496 4191 sacra,
528 4119 649 4176 solennis
681 4126 708 4175 et
742 4118 930 4175 ecclesiastica
956 4115 1123 4172 institutioni
1148 4118 1178 4174 in
1194 4118 1306 4175 nonvine
1320 4118 1424 4186 Patris,
1442 4118 1507 4174 Filii
1525 4127 1553 4175 ct
1572 4118 1692 4191 Spiritus
1710 4119 1799 4174 sancti
1813 4118 1985 4190 significatur

287 4209 390 4268 Christi
411 4206 565 4263 conformis.
1149 4205 1223 4261 enim
1247 4205 1290 4259 bis
1317 4205 1410 4260 verbis
1435 4206 1525 4277 primo
1549 4206 1719 4277 baptismum
1745 4222 1801 4261 non
1826 4221 1886 4260 esse
1912 4204 1983 4260 ordi·

296 4287 364 4354 ⁸88.
391 4294 552 4364 Videamus,
573 4293 711 4365 quomodo
728 4292 913 4349 Bellarminus
925 4287 1033 4346 concilii
1046 4304 1122 4343 men·
1148 4292 1289 4347 nationem
1326 4289 1489 4360 humanam,
1531 4292 1580 4347 sed
1615 4290 1817 4348 institutionem
1855 4290 1984 4368 divinam,

266 4390 344 4442 ,tem
363 4380 494 4438 declaret.
528 4379 622 4435 Primo
640 4378 722 4444 dicit,
746 4378 845 4433 melius
864 4378 975 4449 quidem
995 4391 1052 4429 esse
1071 4373 1121 4426 ha·
1149 4383 1277 4432 sanctum
1300 4376 1335 4433 N.
1361 4376 1395 4431 T.
1418 4384 1620 4433 sacramentnm
1643 4376 1747 4432 a'Deo
1766 4375 1840 4449 ipso,
1868 4377 1916 4449 qui
1943 4382 1986 4432 est

287 4472 350 4526 bers
378 4467 556 4522 intentionem
582 4465 801 4535 particularem,
827 4465 861 4518 id
889 4470 928 4517 est
955 4460 1124 4528 conferendi
1149 4480 1221 4518 unus
1246 4462 1275 4517 in
1304 4461 1423 4519 essentia
1449 4469 1477 4518 et
1503 4463 1593 4518 trinus
1611 4462 1640 4516 in
1657 4462 1796 4533 personis,
1818 4462 1985 4521 institutum.

285 4562 492 4612 warrantum
523 4538 680 4623 baptismi,
703 4550 902 4619 absolutionis,
938 4547 1125 4603 consecrandi
1148 4548 1259 4605 Deinde
1286 4548 1440 4603 ministrum
1468 4547 1605 4621 evangelii
1633 4564 1689 4602 non
1713 4565 1764 4603 suo
1794 4548 1905 4604 nomine
1937 4553 1987 4603 aut

286 4639 486 4699 eucharistiam
504 4644 564 4708 etc,
583 4637 695 4691 interim
708 4638 840 4706 sufficere
855 4635 1033 4691 intentionem
1044 4649 1122 4703 pene·
1149 4634 1261 4707 proprio
1286 4651 1356 4690 ausu
1379 4633 1424 4691 vel
1447 4632 1579 4703 arbitrio,
1603 4634 1652 4689 sed
1677 4633 1787 4690 nomine
1808 4630 1915 4690 et‘loco
1932 4631 1986 4690 Dei

285 4729 377 4785 salem
394 4724 538 4793 facundi,
565 4725 640 4793 guod
656 4723 736 4791 facit
756 4723 882 4778 ecclesia.
920 4721 1048 4777 Secundo
1068 4737 1123 4773 non
1149 4736 1247 4794 agere,
1276 4720 1357 4791 cnjus
1389 4720 1425 4774 sit
1454 4719 1592 4788 minister,
1622 4719 1732 4790 legatus
1755 4726 1783 4776 et
1812 4736 1985 4776 oeconomus.

285 4829 357 4886 apres
381 4827 441 4866 esso
464 4811 619 4877 intendere,
644 4811 722 4879 qssod
739 4810 819 4877 sacit
841 4807 959 4863 molesia
984 4807 1122 4867 Romana,
1148 4805 1243 4863 Tertio
1261 4805 1384 4861 invocari
1402 4820 1485 4875 super
1503 4803 1556 4859 hac
1574 4803 1706 4875 baptismi
1723 4821 1797 4877 aqua
1815 4806 1986 4862 nomenvcri

285 4900 338 4955 sed
354 4898 432 4969 meod
440 4895 521 4963 facit
539 4911 607 4948 oero
623 4894 751 4963 ecclesia,
769 4911 947 4965 pieaecunque
959 4892 1014 4946 illa
1024 4890 1123 4960 sit,ocl
1149 4892 1212 4959 Dei,
1231 4899 1263 4947 ut
1281 4892 1310 4947 in
1326 4891 1378 4947 bac
1390 4890 1498 4946 actione
1510 4890 1545 4945 sit
1557 4889 1665 4961 efficax,
1681 4892 1763 4961 juxta
1774 4890 1983 4963 promissionem

285 4985 363 5057 quod
380 4980 509 5037 chrum
527 4979 654 5044 instituit,
672 4980 715 5034 vel
735 4981 813 5049 quod
826 4979 941 5045 faciunt
960 4977 1122 5033 Chrestiani.
1149 4996 1182 5033 ac
1212 4976 1413 5033 institutionem
1444 4991 1532 5030 snam.
1584 4976 1690 5041 Quarto
1721 4994 1822 5048 squam
1853 4975 1986 5049 baptismi

289 5069 386 5126 Tertio
402 5086 458 5123 non
475 5068 584 5138 requiri
602 5066 759 5120 necessario
778 5065 919 5120 actualem
939 5065 1124 5127 intentionem,
1149 5081 1205 5120 non
1234 5079 1294 5120 esse
1322 5078 1396 5118 mere
1423 5077 1456 5116 ac
1483 5062 1558 5117 nude
1577 5078 1693 5134 aquam,
1716 5063 1766 5117 sed
1783 5079 1884 5134 aquam
1901 5061 1986 5118 verbo

286 5173 337 5212 nee
362 5156 495 5225 sufficere
523 5151 712 5219 habitualem,
739 5152 792 5205 sed
820 5150 932 5220 requiri
952 5160 977 5205 et
993 5150 1124 5220 sufficere
1150 5149 1350 5205 sanctificatam
1375 5153 1403 5220 ct
1425 5147 1511 5204 verbo
1534 5147 1727 5219 conjunctam,
1751 5164 1802 5219 per
1825 5163 1909 5220 quarn
1927 5152 1988 5203 tata

286 5242 449 5306 cirtuolem,
469 5241 596 5294 Mndam
616 5245 706 5291 tamen
725 5253 785 5289 esse
802 5252 930 5306 operam,
944 5244 974 5291 ut
990 5238 1124 5292 habeatur
1151 5239 1326 5291 sacrosancta
1348 5234 1471 5289 'Ibinitas
1495 5232 1562 5289 velit
1587 5250 1647 5290 esse
1671 5233 1783 5297 efficax,
1809 5234 1847 5289 ita
1863 5232 1986 5290 utDeus

288 5328 419 5385 actualis.
461 5326 618 5382 Destitutus
642 5322 802 5393 Scripturas
824 5321 1012 5378 fundamentis
1031 5328 1060 5378 et
1076 5339 1124 5393 pa·
1149 5322 1234 5377 Pater
1255 5319 1429 5393 baptizatum
1451 5326 1566 5391 propter
1589 5320 1717 5376 meritum
1740 5318 1806 5375 Filii
1830 5321 1987 5392 apecoatia

287 5422 361 5471 uum
382 5411 523 5485 suffragiis
543 5413 644 5467 format
668 5408 803 5483 quasdam
827 5406 962 5463 rationes:
1003 5417 1022 5465 1.
1046 5408 1124 5464 Sicut
1150 5409 1259 5476 abluat,
1288 5407 1317 5462 in
1349 5408 1468 5479 gratiam
1491 5407 1608 5478 recipiat
1636 5413 1663 5462 et
1689 5405 1795 5477 Spiritu
1822 5414 1917 5462 sancto
1945 5425 1985 5465 re
2029 5423 2034 5438 “

290 5508 366 5555 certo
382 5501 480 5566 farma
499 5499 643 5554 amborum
661 5495 817 5567 ramsiritur
835 5496 1009 5563 necessario,
1029 5504 1059 5549 ut
1077 5497 1125 5549 de·
1151 5499 1279 5567 generet,
1307 5500 1419 5549 renovet
1449 5498 1478 5549 et
1495 5492 1645 5565 obsigna,
1675 5491 1794 5563 denique
1815 5491 1987 5565 baptizatum

266 5586 456 5643 *terminetur
485 5582 677 5656 indifferentia
704 5582 857 5650 materias,·
893 5580 935 5634 ita
970 5581 1125 5651 requiritur
1152 5584 1190 5640 als
1209 5577 1315 5653 ὄνομα,
1333 5578 1362 5633 in
1380 5595 1488 5641 nomen,
1509 5577 1610 5642 Patris,
1628 5575 1693 5632 Filii
1713 5583 1742 5632 et
1762 5577 1880 5650 Spiritus
1898 5578 1987 5635 sancti

266 5660 269 5671 ¹
291 5672 413 5743 aliquid,
430 5688 485 5741 quo
498 5667 697 5725 determinetur
710 5667 899 5738 indifferentia
910 5667 1032 5732 fmmae.
1052 5669 1126 5721 Nam
1151 5665 1204 5721 hoc
1230 5666 1291 5737 ipso
1317 5663 1436 5733 obligari
1465 5663 1501 5719 ad
1521 5662 1706 5738 agnitionem,
1734 5663 1936 5721 invocationem
1960 5672 1988 5731 at

266 5758 345 5827 {sila
356 5758 458 5813 uerba:
483 5758 547 5827 Ego
564 5765 590 5811 te
608 5757 715 5828 baptiso
734 5763 760 5810 et
777 5754 886 5809 similia
898 5761 1019 5825 possunt
1029 5754 1126 5808 oar-im
1151 5752 1258 5809 cultum
1288 5750 1345 5807 veri
1371 5751 1433 5807 Dei.
1485 5758 1509 5807 5.
1533 5751 1586 5819 At,
1616 5747 1707 5821 inquit
1732 5748 1930 5816 Bellarminus,
1962 5752 1989 5814 si

266 5844 393 5901 ·habere
420 5843 652 5912 significationes,
686 5843 827 5913 baptisare
854 5841 926 5895 enim
953 5844 994 5891 est
1020 5841 1127 5910 dapem
1154 5837 1263 5896 Christi
1280 5837 1420 5892 institraio
1433 5837 1472 5906 ¹id
1480 5837 1611 5905 suomet,
1627 5843 1657 5889 ut
1677 5834 1731 5889 illa
1748 5836 1834 5891 umba
1848 5836 1884 5893 id
1900 5837 1987 5908 signi·
2007 5901 2011 5904 ,

290 5931 391 6004 agum-
411 5929 493 6001 tinuit
509 5937 602 5985 autem
619 5929 709 6000 aquia
729 5929 779 6001 gui
790 5929 869 5986 lauat
879 5923 979 5983 sarda
990 5926 1127 5998 somena,
1150 5930 1276 5994 firment,
1294 5924 1378 5979 modo
1392 5924 1583 5995 patrantur
1602 5921 1723 5977 merim
1735 5922 1796 5977 sine
1813 5922 1874 5979 ullo
1887 5923 1988 5980 ordina

290 6015 341 6091 arsi
360 6016 530 6086 refrigerat,
557 6014 606 6086 gui
624 6014 888 6074 meandomedetur
907 6011 960 6066 eit·
996 6009 1127 6069 Atnsbs’l
1153 6014 1196 6068 ad
1223 6008 1400 6066 moses·
1429 6006 1563 6075 msam,
1594 6023 1684 6082 quare
1709 6026 1766 6066 non
1794 6015 1865 6066 saed
1893 6024 1989 6071 remo
