4800 6659
783 549 835 606 ΒΕ
855 548 1153 608 cmcuttcmlomt
1171 547 1223 603 ΕΤ
1238 548 1350 608 AGNO
1365 548 1567 607 Paucum.
1964 556 2025 617 25⁸
2090 591 2097 614 t

327 712 403 757 cetur
422 704 476 757 illu
489 705 651 773 promissio,
668 706 727 771 fuit
742 724 842 760 munus
860 707 1001 775 impositio
1020 723 1082 759 cum
1100 720 1164 757 oro-
1190 718 1214 759 ο.
1233 709 1258 759 2.
1276 711 1306 760 et
1323 722 1400 777 seqq.
1423 706 1570 759 mmeriom
1595 705 1658 774 ojus
1680 720 1740 760 esse
1767 704 1859 759 omn
1881 704 1973 759 curae
1991 703 2028 760 ab

327 790 409 859 noue,
428 791 582 858 cuicunque
603 793 675 846 mim
695 785 835 862 baptisato
854 793 978 861 apostoli
995 808 1096 845 munus
1115 791 1164 843 im·
1190 790 1322 861 episcopo
1352 792 1539 860 benedictum,
1567 792 1608 844 itu
1635 799 1666 845 ut
1695 791 1870 845 corssscrotio
1897 798 1924 844 ct
1950 790 2028 844 bens·

322 877 475 946 ponebant,
495 894 582 945 super
596 895 657 931 cum
673 878 797 931 censebat
818 878 945 947 Spiritus
956 886 1079 931 cunctus.
1105 877 1165 930 Pro
1191 877 1279 930 dictio
1299 878 1472 947 episcopalis
1488 878 1520 931 iu
1536 878 1588 932 hoc
1605 885 1781 931 ammento
1797 876 1836 929 sit
1853 878 1890 930 ds
1907 875 2028 930 consta

326 965 463 1017 mundato
495 964 596 1017 domm
626 966 759 1018 mandati
780 964 995 1028 mesomioncm5
1023 979 1165 1032 nunquam
1189 963 1341 1031 materiae,⁸
1358 965 1489 1031 formum
1507 980 1565 1018 esse
1582 964 1638 1018 iun
1653 963 1752 1017 uerbo.-
1786 963 1846 1017 Por
1863 963 1947 1015 istum
1962 979 2028 1016 ross·

327 1051 400 1104 onim
421 1051 546 1119 apostoli
567 1052 608 1104 ito
634 1053 782 1106 ordinarie
806 1061 833 1108 et
856 1069 952 1106 secure
970 1051 1165 1121 imposuissent
1189 1055 1264 1102 mom
1288 1051 1446 1103 unctionem
1476 1058 1503 1103 et
1525 1067 1606 1102 suom
1624 1049 1786 1118 piissimum
1802 1047 2028 1103 misericordium

327 1136 452 1189 omuibus
480 1136 631 1204 baptimus
658 1154 773 1211 monus,
808 1146 839 1191 ut
867 1138 972 1192 ueniret
1002 1152 1088 1204 nuper
1117 1151 1165 1188 eos
1188 1134 1337 1203 indulpeot
1351 1136 1404 1188 tibi
1413 1138 1493 1189 Deus
1505 1135 1641 1204 quicquid
1652 1135 1799 1203 deliquisti
1805 1151 1860 1204 per
1869 1135 1959 1187 orbum
1972 1137 2026 1189 ott.

328 1222 456 1291 Spiritus
480 1241 503 1275 c.
527 1223 584 1277 nisi
608 1224 750 1277 Dominus
775 1224 826 1278 hoc
846 1224 887 1277 eis
904 1225 1074 1276 mundasset.
1109 1219 1163 1274 Re·
1189 1236 1214 1275 e.
1237 1227 1261 1277 7.
1292 1222 1404 1291 effectus
1429 1222 1510 1275 illius
1536 1221 1710 1275 sacramenti
1741 1223 1813 1276 duos
1838 1237 1911 1289 esse,
1941 1238 2028 1274 unum

326 1308 508 1379 spondemus:
521 1307 590 1364 haec
602 1309 725 1363 nondum
734 1309 863 1379 probant,
873 1307 1028 1363 chrismatis
1040 1304 1164 1360 unctioni
1190 1309 1267 1376 quod
1290 1316 1369 1362 sonet
1392 1323 1508 1377 empus,
1534 1309 1561 1362 si
1585 1310 1628 1362 ito
1645 1310 1776 1377 supcdiot
1793 1307 1904 1362 unimus
1922 1307 2028 1373 soluti,-

327 1394 538 1474 promisgionem
569 1395 676 1465 gratiae
708 1394 846 1465 evangelii
871 1393 1000 1463 propriae
1030 1391 1164 1446 divinitus
1189 1393 1311 1447 alterum
1335 1396 1413 1463 quod
1437 1395 1580 1463 obstupet
1603 1394 1743 1463 reliquias
1764 1402 1943 1463 pcccatorum
1960 1410 1983 1449 c.
2003 1398 2027 1447 8.

327 1495 463 1535 annexam
485 1496 553 1545 esse,
574 1487 607 1535 ut
623 1481 660 1535 sit
678 1480 846 1535 ordinarium
866 1486 1070 1550 etperpetuum
1082 1478 1117 1533 N.
1129 1475 1162 1530 Τ.
1189 1478 1347 1533 ministrum
1372 1497 1431 1534 csse
1453 1482 1662 1551 presbmerum,
1687 1481 1721 1533 id
1748 1488 1788 1533 est
1806 1481 1979 1533 socmdotcm
2000 1478 2028 1533 ist

328 1573 539 1621 sacramentum.
582 1566 663 1631 Quod
681 1567 755 1621 enim
774 1565 874 1621 attinet
891 1565 1086 1636 promissiones
1102 1563 1164 1617 illas
1189 1573 1386 1634 consequenter
1405 1568 1579 1636 episcopum,
1598 1566 1625 1619 si
1642 1567 1667 1619 is
1685 1565 1752 1620 velr‘t
1770 1581 1795 1619 c.
1813 1571 1837 1621 9.
1857 1564 2028 1619 ceremonias

328 1651 363 1706 de
386 1651 491 1723 Spiritu
523 1659 634 1720 sancto,
662 1652 728 1709 illae
758 1667 815 1707 non
840 1659 905 1706 sunt
930 1650 1011 1705 nnius
1039 1651 1165 1721 generis,
1190 1669 1251 1706 erre
1271 1656 1358 1728 duos,
1382 1660 1413 1705 ut
1435 1653 1588 1706 rccr‘tcntur
1613 1651 1734 1705 litaniae
1750 1660 1777 1705 ct
1794 1660 1825 1705 ut
1844 1660 1948 1721 septem
1966 1668 2027 1705 cor·

328 1738 467 1808 quaedam
484 1738 556 1793 enim
576 1738 647 1793 solos
666 1739 806 1809 apostolos
825 1743 854 1792 et
872 1736 1043 1793 Christianos
1063 1735 1092 1790 in
1109 1735 1165 1805 pri·
1185 1739 1270 1807 poris
1296 1747 1396 1808 portes
1418 1747 1560 1806 unpoutur
1587 1754 1611 1792 e.
1638 1744 1678 1793 10.
1720 1736 1931 1807 Respondemus
1939 1741 1953 1805 :I
1975 1752 2027 1793 nos

327 1824 425 1878 mitiva
452 1824 572 1879 eeclesia
596 1830 782 1892 concernunt,
804 1823 906 1894 quibus
927 1821 1092 1878 musculosa
1116 1821 1165 1875 illa
1189 1823 1285 1879 itidem
1314 1824 1343 1877 in
1367 1823 1420 1879 hoc
1446 1830 1619 1879 sacramento
1643 1824 1833 1879 desideramus
1850 1823 1967 1878 verbum
1986 1822 2027 1879 in·

328 1908 448 1979 Spiritus
472 1911 563 1965 sancti
590 1911 664 1965 dona
687 1910 801 1965 inerunt
823 1908 969 1971 aChristo
987 1909 1122 1980 promissa
1137 1912 1166 1961 et
1190 1910 1342 1965 stitutionis
1364 1917 1393 1965 et
1416 1910 1614 1981 promissionis.
1656 1910 1713 1966 Ubi
1730 1909 1804 1964 enim
1822 1909 1872 1963 illa
1889 1909 1971 1964 morti
1989 1908 2029 1963 ri·

328 1996 462 2066 apostolis
486 1996 598 2068 quidem
621 1996 650 2050 iu
676 1997 722 2051 die
746 1996 939 2062 Pentecostes,
962 1994 1077 2065 reliquis
1100 2010 1165 2047 vero
1191 1995 1316 2050 cinorum
1333 1996 1429 2050 unctio
1448 1995 1600 2050 mandata?
1618 1993 1667 2049 ubi
1686 1994 1849 2065 exprimitur
1861 1996 2029 2051 elementum

329 2098 380 2151 per
398 2088 582 2152 χειροθεσίαν
604 2082 784 2153 apostolicam
808 2082 924 2148 collata,
948 2096 1021 2151 quae
1036 2078 1165 2150 tempori-
1191 2080 1355 2136 externum?
1380 2079 1429 2135 ubi
1457 2079 1595 2135 habentur
1624 2081 1784 2149 exorcismi,
1809 2080 1912 2152 quibus
1937 2082 2029 2138 oleum

330 2167 384 2222 hus
409 2167 623 2223 succedentibus
653 2167 808 2237 desierunt,
839 2168 975 2239 quaedam
1006 2182 1071 2221 vero
1101 2170 1167 2219 sunt
1192 2168 1263 2222 illud
1286 2166 1526 2223 consecrandum?
1551 2165 1600 2221 ubi
1623 2166 1756 2220 tribuitur
1780 2168 1905 2222 unctioni
1927 2167 1970 2222 illi
1986 2183 2029 2223 re·

329 2253 474 2326 geumdes
493 2252 696 2323 promissiones,
715 2270 788 2324 quae
806 2269 902 2308 omnes
921 2252 1043 2308 omnium
1061 2258 1165 2319 tempo·
1192 2254 1287 2308 missio
1301 2243 1498 2324 peccatorum?
1512 2254 1618 2308 Sonent
1629 2261 1664 2321 tc,
1676 2253 1779 2330 dieitur
1790 2253 1819 2308 in
1830 2253 1880 2307 illu
1890 2255 2029 2324 unctione,

330 2357 391 2394 rum
416 2339 514 2395 fideles
528 2346 723 2405 concernunt,
751 2338 853 2410 quibus
880 2338 1037 2403 communia
1064 2336 1113 2391 illa
1138 2340 1168 2390 ot
1193 2358 1286 2396 omnm
1305 2341 1409 2409 ampeli,
1427 2340 1601 2408 crcnanpcli,
1618 2355 1712 2393 omncs
1726 2340 1820 2393 camsi
1831 2340 2029 2409 patriarcnae,

236 2433 269 2478 ιι
284 2425 459 2480 nomnibus
478 2425 514 2480 ad
532 2426 650 2481 salutem
667 2426 824 2481 necessaria
838 2425 958 2496 Spiritus
975 2424 1064 2478 sancti
1083 2423 1166 2477 bene
1188 2428 1353 2497 prophetoe,
1370 2443 1464 2479 omnes
1482 2425 1609 2495 apostoli
1622 2432 1649 2479 et
1665 2426 1861 2492 monpelistcc,
1883 2434 2028 2492 mumures,

330 2512 395 2569 ficia
411 2530 429 2568 a
446 2512 556 2567 Christo
575 2512 783 2583 promittuntur.
818 2510 900 2575 Quod
918 2511 955 2566 ad
970 2511 1092 2567 medium
1108 2510 1167 2563 sive
1192 2516 1381 2579 confessores,
1404 2514 1528 2581 sirpincs
1546 2518 1597 2567 etc.
1624 2510 1674 2565 ubi
1691 2528 1757 2566 vero
1773 2528 1791 2566 a
1810 2510 1948 2566 deimctis
1966 2527 2027 2565 san·

331 2599 442 2671 signnm
465 2598 596 2654 sensibile
614 2598 729 2667 attinet,
754 2598 905 2652 utebantur
920 2597 1039 2668 apostoli
1056 2596 1093 2650 ad
1110 2589 1169 2649 col·'
1192 2601 1244 2656 etis
1272 2600 1380 2654 animm
1404 2599 1512 2654 sunaus
1544 2598 1601 2668 peti
1631 2598 1675 2653 sel
1693 2597 1799 2667 sperari
1813 2596 1950 2667 jubetur?
1977 2596 2026 2651 ubi

330 2686 461 2741 lationem
484 2684 711 2739 miraculosorum
737 2684 847 2738 illorum
872 2684 991 2755 Spiritus
1010 2682 1098 2737 sancti
1117 2680 1166 2734 do·
1191 2686 1381 2757 exprimuntur
1397 2693 1491 2756 purten
1508 2685 1632 2756 corporis
1649 2684 1845 2755 inungendos?

329 2789 427 2828 uorum
461 2788 593 2826 mannum
623 2770 815 2841 impositione,
845 2787 917 2841 quae
944 2770 999 2824 fuit
1024 2769 1107 2824 etism
1136 2765 1165 2819 in
1227 2779 1268 2828 66.
1310 2771 1425 2842 Regerit
1453 2771 1640 2827 Bellarminus
1667 2771 1715 2825 lib.
1738 2776 1763 2828 2.
1792 2771 1827 2825 de
1855 2768 1956 2825 effectu
1983 2785 2025 2823 sa·
2038 2788 2128 2828 nunus·

329 2857 364 2915 Y.
383 2858 418 2912 Τ.
435 2857 538 2912 usitata
555 2857 716 2919 ceremonia,
735 2857 811 2911 nullo
829 2861 921 2911 autem
940 2872 1063 2926 uuquam
1081 2854 1165 2908 chris·
1191 2864 1323 2915 crement.
1340 2863 1414 2913 eut.
1433 2857 1534 2912 iacobi
1554 2864 1578 2913 5.
1596 2857 1700 2913 habere
1718 2858 1815 2911 ritum:
1837 2858 1923 2910 Orcnt
1942 2871 2027 2925 super
2039 2846 2155 2932 'effla

330 2951 403 2999 mate
425 2944 508 2998 certis
532 2942 689 2996 exorcismis
707 2951 867 2997 consecrato
887 2942 931 2996 usi
950 2942 1087 3013 leguntur,
1105 2947 1165 2994 tan·
1191 2963 1253 2998 eum
1277 2953 1409 3014 unpentcs
1431 2961 1492 2997 cum
1517 2944 1578 2997 oleo
1605 2945 1636 2997 in
1661 2945 1773 2997 nomine
1792 2943 1919 3004 Domini
1924 2963 1935 3010 ;
1961 2943 2131 3036 iterim}

328 3037 388 3085 tum
406 3031 500 3097 abest,
525 3037 557 3083 ut
582 3029 721 3099 peculiare
740 3034 769 3082 et
787 3037 951 3099 perpetuum
970 3028 1003 3083 N.
1024 3027 1056 3082 T.
1075 3043 1165 3081 sacra·
1187 3032 1420 3102 promissionem:
1441 3031 1481 3083 Et
1499 3030 1644 3083 alleviabit
1661 3047 1723 3084 cum
1736 3030 1886 3097 Dominus,
1906 3037 1932 3083 ct
1950 3029 1978 3082 si
1994 3029 2024 3083 in
2038 3046 2089 3086 sun
2101 3044 2128 3086 ss

330 3102 452 3171 mentum
482 3132 516 3170 sc
547 3115 716 3169 ordinarium
748 3114 909 3169 conferendi
933 3113 1051 3184 Spiritus
1076 3112 1165 3166 saneti
1188 3119 1312 3189 peccatis
1324 3116 1429 3184 fucrit,
1447 3116 1667 3169 remittentur-ci.
1693 3116 1866 3169 Mandatum
1883 3115 2026 3183 coltipieo
2040 3097 2113 3138 ⁰¹⁸⁸

330 3204 404 3257 dona
426 3202 547 3256 medium
569 3201 619 3255 illa
640 3217 772 3254 manuum
798 3200 972 3270 impositione
989 3200 1165 3254 introducere
1190 3222 1237 3270 ao,
1261 3206 1338 3272 quod
1361 3202 1507 3272 apostolus
1528 3218 1584 3253 non
1607 3202 1723 3254 oudmt
1747 3202 1788 3254 ito
1811 3202 1939 3255 obsolute
1958 3220 2026 3271 pro·
2039 3159 2147 3240 ἔειπ’

329 3288 473 3345 roluerint.
514 3288 613 3356 Neque
637 3287 709 3341 enim
731 3287 761 3340 in
780 3286 947 3341 miraculosa
963 3287 1013 3341 illa
1032 3286 1164 3340 donorum
1190 3292 1298 3343 mittere
1316 3295 1425 3341 tontum
1443 3289 1581 3356 effectum,
1599 3287 1657 3339 nisi
1677 3305 1696 3340 u
1712 3288 1838 3340 Domino
1854 3289 1888 3341 id
1905 3289 2026 3357 occepis-
2039 3255 2126 3301 renus.

331 3375 449 3445 Spiritus
467 3374 557 3428 sancti
578 3372 725 3428 collatione
736 3373 928 3428 tantummodo
944 3372 997 3426 hac
1010 3372 1165 3427 ceremonia
1190 3385 1240 3433 cet.
1275 3374 1323 3428 lib.
1346 3379 1367 3428 l.
1385 3374 1421 3427 dc
1445 3378 1568 3427 extrema
1585 3372 1715 3427 unedone
1735 3388 1758 3427 c.
1777 3379 1801 3428 2.
1819 3373 1945 3443 disputat
1961 3391 2028 3429 cond

330 3462 372 3515 mi
389 3468 462 3527 sunt,
478 3460 527 3522 sed
546 3459 630 3514 otium
648 3459 685 3512 ad
702 3459 812 3513 morbos
821 3458 974 3529 pellendos,
991 3459 1028 3513 ad
1047 3459 1163 3513 caecita-
1190 3469 1234 3516 tra
1255 3461 1390 3515 Thomam
1417 3458 1609 3526 waldensem,
1632 3458 1807 3530 Alphonsum
1829 3460 1864 3515 ds
1881 3459 1979 3515 Castro
1999 3467 2028 3515 et

329 3553 383 3603 tem
412 3546 578 3609 tollendam,
610 3545 648 3599 ad
672 3544 871 3599 ordinationem
896 3544 1088 3614 episcoporum
1110 3550 1162 3598 eto.
1190 3548 1269 3611 alios,
1289 3549 1382 3600 Marc.
1401 3548 1426 3600 6.
1445 3546 1637 3599 nmdcacribi
1653 3546 1811 3599 unctionem
1829 3546 1911 3600 mom
1931 3564 2028 3601 somo-

327 3633 392 3688 Jsm
416 3649 482 3687 vero
506 3639 650 3687 externum
676 3631 843 3685 elementum
868 3639 911 3685 est
936 3631 1051 3685 cuilibet
1074 3646 1164 3684 sacra·
1190 3634 1354 3698 mentalem,
1378 3633 1430 3686 sed
1447 3637 1555 3683 tuntum
1577 3632 1698 3699 Murrum
1723 3635 1867 3700 quondum
1886 3640 1912 3686 et
1928 3636 2026 3686 ndum·

328 3727 421 3774 mento
445 3718 586 3789 peculiare
608 3734 641 3771 ac
664 3718 815 3787 proprium.
856 3717 920 3771 Non
942 3716 1047 3770 sufficit
1065 3717 1102 3770 ed
1121 3732 1163 3769 sa·
1190 3722 1345 3774 orationem
1373 3719 1462 3771 iltius.
1512 3717 1738 3786 Respondemus:
1770 3725 1792 3774 1.
1819 3719 1971 3789 Cajetanus
1996 3719 2027 3776 in

329 3812 500 3859 crementum
516 3803 738 3858 constituendum
751 3804 1078 3874 qualiscunqueexterna
1091 3818 1163 3856 cere·
1190 3812 1335 3862 comment.
1362 3802 1460 3860 Jacob.
1490 3808 1511 3857 l.
1539 3803 1641 3857 diserte
1666 3804 1774 3871 scribit,
1798 3822 1849 3859 nuc
1878 3824 1911 3859 en
1935 3807 2027 3860 verbis

329 3891 422 3946 monia
447 3889 534 3944 libere
559 3895 588 3944 et
604 3888 794 3944 indifferenter
819 3905 876 3942 une
899 3906 962 3942 cum
988 3888 1112 3942 oratione
1134 3886 1163 3940 in
1189 3910 1240 3946 nec
1257 3909 1291 3945 cu
1310 3891 1413 3960 effectis
1431 3889 1530 3958 collipi
1542 3905 1642 3957 possa,
1664 3892 1742 3958 quod
1760 3890 1838 3944 loom
1855 3893 1906 3945 iiic
1925 3894 1961 3947 ds
1978 3911 2025 3947 sn·

330 3976 476 4031 somnone
508 3975 742 4047 qualiumcunque
774 3974 971 4030 beneficiorum
1008 3974 1162 4027 divinorum
1190 3986 1333 4032 eramento
1353 3985 1491 4030 extremae
1510 3977 1651 4030 unctionis
1670 3985 1746 4044 aput.
1782 3982 1806 4031 2.
1826 3977 1950 4032 incubus
1969 3997 2025 4035 non

330 4062 468 4131 adhibita,
494 4062 542 4117 sed
562 4062 713 4131 requiritur
735 4068 840 4116 eertum
858 4063 1036 4129 elementum,
1059 4061 1105 4114 cui
1124 4060 1163 4113 di·
1190 4066 1226 4120 de
1248 4066 1316 4132 alin,
1344 4063 1395 4118 ssd
1423 4062 1519 4117 eudem
1547 4062 1631 4132 plane
1660 4062 1791 4118 unctione
1807 4064 1880 4133 agit,
1912 4065 1947 4119 de
1972 4082 2027 4137 quc

328 4149 393 4202 vias
410 4148 584 4201 institutione
602 4147 746 4217 promissio
764 4148 872 4217 gratiae
884 4146 1021 4217 evangelii
1035 4145 1164 4217 propriae
1190 4152 1275 4205 Mam.
1292 4155 1315 4205 6.
1340 4148 1467 4203 Christus
1484 4148 1620 4219 loquitur,
1643 4155 1676 4202 ut
1695 4149 1845 4204 ostendunt
1863 4168 1919 4205 non
1936 4151 2027 4207 solum
2037 4157 2074 4200 11
2087 4157 2121 4201 tt

329 4235 364 4289 sit
381 4250 498 4297 annexa,
518 4233 594 4287 illam
612 4234 636 4286 si
655 4233 796 4287 chrismati
817 4250 867 4289 suo
885 4250 1018 4287 annexam
1031 4249 1162 4302 essepro-
1189 4236 1412 4292 circumstantiae
1435 4240 1543 4300 textus,
1569 4234 1721 4289 sedetiam
1736 4234 1829 4299 Beda,
1848 4236 2026 4309 Theophylg.

328 4319 469 4386 baverint,
493 4336 537 4373 res
562 4320 614 4372 erit
637 4319 774 4388 expedita.
816 4318 945 4389 Denique
964 4319 1040 4389 quod
1058 4317 1164 4372 Belltr-
1189 4331 1251 4378 ctus
1270 4330 1298 4378 et
1308 4319 1492 4376 Oeenmeuius
1508 4320 1538 4373 iu
1556 4325 1701 4374 comment.
1731 4321 1869 4391 Agnoscit
1887 4322 1940 4377 hoc
1958 4340 2026 4395 quo·

328 4405 418 4459 minus
439 4405 490 4458 hoc
509 4405 571 4459 loeo
591 4404 702 4458 scribit:
724 4405 876 4473 Nunquam
895 4405 1019 4473 apostoli
1035 4406 1075 4455 ito
1088 4404 1163 4456 ordi·
1190 4409 1337 4464 dammodo
1358 4408 1448 4477 ipsum
1465 4406 1615 4461 concilium
1631 4407 1842 4472 l‘ridentinum,
1865 4411 1940 4481 quod
1958 4428 1982 4468 c.
2002 4418 2026 4468 1.

328 4493 410 4545 narie
425 4500 452 4546 ot
470 4507 565 4544 secure
586 4490 781 4560 imposuissent
798 4491 923 4544 omniun
941 4491 1089 4560 baptismis
1105 4508 1164 4542 mo·
1190 4498 1226 4551 de
1251 4502 1374 4550 exuema
1396 4493 1527 4547 unctione
1550 4493 1631 4556 dicit,
1657 4492 1712 4549 hoc
1736 4503 1938 4551 sacamentum
1965 4513 2026 4553 csse

328 4594 388 4645 nuc,
407 4585 438 4630 ut
455 4577 560 4629 ueniret
575 4592 661 4644 super
673 4593 720 4629 eos
734 4575 860 4645 Spiritus
871 4585 990 4644 soricius,
1001 4577 1058 4629 nisi
1065 4576 1164 4629 Domi·
1191 4599 1209 4636 a
1226 4580 1334 4636 Christo
1358 4579 1479 4633 Domino
1502 4585 1595 4634 nosue
1619 4580 1695 4648 apud
1711 4580 1837 4635 Marcum
1856 4584 1968 4653 quidem
1985 4586 2026 4639 in-

328 4680 379 4717 nus
396 4664 431 4716 id
450 4663 491 4715 cis
507 4664 676 4728 mundasset,
695 4662 755 4731 ejus
774 4661 941 4716 sonnatium
958 4661 1056 4715 statuit
1073 4660 1121 4715 lib.
1140 4666 1164 4715 2.
1191 4669 1332 4722 sinuatum
1357 4669 1429 4733 (can.
1448 4671 1470 4721 1.
1492 4665 1590 4720 dieunt
1606 4682 1624 4719 a
1642 4665 1752 4722 Christo
1769 4684 1830 4723 esse
1849 4670 2027 4741 institutum),

328 4750 364 4805 de
386 4747 509 4803 confirm.
536 4765 560 4803 c.
583 4753 608 4803 2.
633 4745 661 4822 S.
696 4746 776 4802 Haec
794 4765 905 4818 quoque
923 4748 1031 4801 solutio.
1069 4748 1165 4818 Inpri-
1191 4771 1241 4824 per
1266 4751 1405 4807 iacobum
1432 4756 1525 4806 autem
1549 4751 1706 4821 apostolum
1732 4770 1766 4808 sc
1792 4755 1891 4810 iratres
1915 4755 2028 4812 Domini

327 4836 380 4889 mis
399 4834 512 4906 (inquit)
539 4851 594 4887 non
618 4835 763 4887 ostendent
782 4835 961 4901 adversarii,
979 4835 1031 4887 ubi
1046 4837 1164 4888 uscuda-
1191 4838 1321 4893 fidelibus
1341 4837 1564 4892 commendatum
1583 4842 1613 4890 et
1629 4839 1843 4910 promulgatum.
1877 4841 1942 4896 Jam
1962 4859 2028 4897 vero

326 4922 396 4975 ecrit
417 4922 557 4974 Dominus
580 4919 732 4989 apostolis,
758 4927 787 4971 ut
809 4937 908 4972 munus
934 4921 1108 4988 imponerent
1126 4924 1280 5012 cdpMarci
1305 4930 1330 4980 6.
1360 4941 1415 4978 non
1447 4922 1601 4977 instituitur
1623 4925 1762 4993 peculiare
1785 4926 1900 4997 aliquod
1918 4934 1946 4982 et
1965 4944 2027 4999 psr·
2104 4952 2106 4955 ⁴

328 5006 467 5076 Spiritum
485 5014 612 5059 sunctum
630 5006 824 5073 recspicndum
841 5012 893 5059 etc.
909 5023 996 5074 neque
1014 5007 1164 5071 ostendent,
1191 5017 1307 5082 petuam
1324 5010 1358 5065 N.
1376 5009 1409 5065 Τ.
1428 5015 1639 5073 sacramentnm,
1657 5010 1707 5065 sed
1726 5012 1891 5067 miraculosa
1907 5013 2028 5068 infirmo·

327 5092 466 5162 apostolis
495 5107 614 5160 usquam
637 5091 752 5157 suctum
780 5107 839 5143 csso
868 5092 1102 5160 promissionem,
1135 5101 1165 5145 ut
1191 5114 1253 5150 rum
1270 5096 1378 5151 sanctio
1397 5094 1570 5159 describitur,
1591 5112 1675 5166 quom
1693 5097 1754 5151 oleo
1773 5098 1899 5153 adhibito
1910 5099 2027 5169 apostoli

328 5180 375 5232 cui
392 5194 493 5231 monus
510 5178 693 5245 imponerent,
710 5178 827 5229 duretur
845 5177 970 5245 Spiritus
991 5195 1014 5234 s.
1191 5183 1220 5237 iu
1244 5182 1384 5253 primitiva
1402 5181 1519 5235 eeclesia
1536 5181 1730 5251 conferebant,
1760 5201 1887 5254 quaeque
1906 5184 1961 5238 fuit
1978 5185 2027 5241 do-

236 5287 291 5321 ru·
372 5269 414 5320 db.
457 5262 617 5318 Extremam
655 5263 813 5318 unctionem
849 5262 1036 5318 Bellarminus
1067 5264 1165 5319 statuit
1190 5287 1257 5324 num
1275 5268 1303 5321 in
1320 5267 1440 5322 ecclesia
1456 5266 1596 5336 primitiva
1612 5268 1753 5338 singulare
1770 5276 1799 5324 et
1809 5276 2027 5340 temporaneum.

236 5340 278 5425 ,ζῇς
328 5365 387 5404 essa
409 5366 475 5404 nere
497 5358 523 5401 et
540 5350 663 5418 proprie
681 5354 886 5402 sacromentum
905 5351 941 5404 N.
963 5351 993 5403 Τ.
1012 5369 1031 5404 ιι
1053 5352 1164 5406 Christo
1191 5361 1216 5411 3.
1238 5354 1317 5409 Idem
1336 5370 1402 5424 ergo
1420 5354 1598 5407 statuendum
1618 5354 1653 5409 de
1670 5354 1843 5410 loeo-lacobi
1863 5361 1886 5409 3.
1907 5372 1940 5410 ex
1959 5355 2027 5427 ipsis

236 5444 315 5529 2:¹⁸3:
329 5437 454 5491 Domino
471 5443 565 5489 nostro
585 5436 665 5503 apud
681 5436 816 5488 Marcum
834 5437 1020 5505 insinuatum,
1037 5455 1093 5506 per
1111 5439 1164 5492 Jo·
1190 5440 1264 5496 enim
1288 5440 1380 5494 verbis
1405 5446 1496 5494 textus
1521 5448 1651 5510 apparet,
1681 5441 1827 5495 sanitatem
1856 5442 2027 5512 corporalem

236 5518 240 5527 '
301 5515 422 5577 'eodum
445 5529 536 5576 nutem
560 5522 717 5590 apostolum
740 5522 872 5586 fidelibus
893 5527 1113 5578 commendatum
1137 5534 1164 5578 et
1190 5526 1327 5598 assignari
1352 5525 1491 5580 unctionis
1516 5525 1590 5579 illius
1613 5524 1697 5580 finem
1714 5542 1747 5580 ac
1764 5528 1902 5590 fructum,
1927 5532 2027 5585 Domi·

322 5609 547 5679 promulputum,
566 5607 596 5660 in
614 5625 669 5676 quo
685 5625 796 5676 crpunu
813 5625 951 5673 sensuum,
968 5610 1052 5678 oculi,
1072 5628 1164 5674 aures,
1189 5632 1242 5667 nus
1263 5613 1408 5665 ollcuiohit
1428 5629 1497 5668 eum.
1533 5612 1622 5682 Atqui
1641 5613 1734 5667 unctio
1751 5613 1800 5667 illa
1819 5618 2027 5672 sacramentalis

324 5711 424 5758 nores,
438 5695 530 5763 lobio,
549 5711 657 5760 munros,
672 5696 762 5762 pedes
782 5702 809 5747 et
825 5711 907 5747 renes
925 5696 988 5748 olco
1007 5698 1163 5750 morcincto
1190 5717 1246 5754 uon
1266 5697 1415 5753 adhibetur
1433 5698 1488 5752 nisi
1504 5698 1548 5761 iis,
1566 5714 1636 5768 quos
1657 5699 1802 5756 morituros
1820 5718 1882 5756 esse
1900 5712 2026 5774 apparet,

324 5781 356 5833 in
379 5780 526 5836 morture
550 5782 741 5848 inunpuntur,
775 5779 824 5837 lib.
844 5788 866 5837 1.
890 5780 926 5836 de
946 5787 1069 5838 extrema
1087 5791 1162 5841 unct.
1191 5786 1266 5842 unde
1290 5784 1374 5853 etiam
1398 5792 1521 5841 extrem
1543 5782 1654 5841 dicitur.
1698 5793 1723 5843 i.
1740 5786 1876 5845 Remissio
1898 5798 2025 5862 peccam
