4800 6659
795 613 798 618 '
878 628 932 686 nu
951 629 1225 689 encaeniarum.
1845 646 1902 706 iss
1960 603 1963 608 ⁵

220 805 264 843 sos
280 787 412 856 babebat,
431 788 547 843 indutus
566 805 621 842 non
641 795 704 843 erat
725 785 910 844 Obrimum*
944 786 1042 859 Augu·
1071 789 1155 841 modo
1173 787 1300 857 infantes
1318 797 1456 844 uocantur
1475 791 1517 845 ad
1532 793 1750 861 poenitentium?
1767 795 1905 865 numpsid

219 874 292 931 unu
317 880 398 931 tract.
418 880 459 931 5³.
486 875 516 929 in
533 874 611 931 ton:
646 876 713 929 Non
724 882 846 946 prosunt
865 883 1041 932 comanenta
1066 873 1196 928 tantillus
1202 882 1298 944 potest
1309 875 1423 945 aliquid
1430 878 1594 945 poeniteret
1613 880 1688 932 Huic
1700 883 1903 949 respondetur:

219 958 321 1026 mmet,
352 960 400 1015 ubi
428 961 568 1015 resistitur
590 961 669 1028 fidei
692 960 813 1031 ibe-isti,
834 962 919 1030 fides
948 970 1041 1016 autem
1066 960 1095 1013 si
1107 968 1262 1031 propterea
1276 962 1450 1032 poenitentes
1468 964 1583 1017 dicendi
1600 984 1655 1018 non
1663 974 1735 1034 sunt,
1753 968 1821 1035 quia
1841 949 1901 1019 sen:

218 1045 310 1102 ibristi
332 1056 374 1102 est
395 1049 511 1101 medere
535 1048 566 1101 in
586 1064 661 1118 eum,
687 1049 738 1119 qui
748 1048 897 1118 justificat
914 1049 1041 1119 impium,
1065 1064 1127 1100 sum
1140 1047 1310 1118 poenitendi
1324 1049 1447 1101 nondum
1468 1048 1582 1117 babent,
1606 1068 1655 1105 nec
1671 1052 1769 1116 fideles
1789 1054 1903 1107 dicendi

218 1137 317 1189 medere
341 1134 371 1188 in
392 1134 591 1202 mediatorem,
623 1133 683 1189 sine
714 1151 769 1205 quo
795 1136 961 1205 interposito
984 1153 1040 1189 non
1064 1140 1137 1201 sunt,
1154 1134 1224 1202 guia
1237 1135 1369 1189 similiter
1381 1152 1491 1190 sensum
1507 1138 1644 1191 credendi
1655 1140 1900 1198 nondumbubent.

218 1222 420 1277 cumediamur
438 1223 511 1279 Deo.
552 1222 676 1279 Tmetat
695 1227 736 1279 80.
753 1222 784 1276 iu
800 1222 879 1279 bob:
903 1223 973 1276 Jam
990 1239 1039 1276 uos
1067 1218 1101 1273 Si
1132 1228 1225 1274 autem
1250 1228 1407 1291 propterea
1436 1230 1509 1278 recte
1531 1225 1635 1292 fideles
1660 1233 1807 1295 vocantur,
1834 1226 1902 1295 quia

218 1308 299 1363 nundi
314 1310 380 1362 estis
393 1317 513 1379 propter
530 1310 651 1374 cubum,
671 1311 749 1379 quod
760 1310 868 1363 locutus
881 1327 942 1363 sum
953 1309 1039 1363 cobis.
1062 1306 1149 1374 fidem
1159 1323 1217 1376 per
1232 1307 1316 1360 acrba
1334 1309 1501 1378 gestantium
1513 1313 1719 1379 quodammodo
1727 1313 1901 1382 profitentur,

218 1393 298 1458 Quare
314 1413 372 1449 non
384 1396 441 1449 uit:
458 1396 560 1449 mundi
575 1395 640 1449 estis
653 1413 708 1465 per
720 1397 894 1466 baptismum,
913 1413 967 1465 quo
986 1395 1041 1449 loti
1064 1410 1114 1445 eur
1132 1409 1189 1445 non
1202 1394 1288 1461 prius
1307 1394 1392 1447 etiam
1407 1395 1583 1464 poenitentes
1601 1398 1750 1463 bobentur,
1769 1416 1831 1451 cum
1845 1415 1901 1467 per

218 1482 273 1552 vtis,
291 1482 346 1535 sed
358 1481 417 1535 uit:
431 1489 552 1551 propter
570 1483 693 1552 cubum,
709 1483 768 1537 nisi
784 1483 853 1554 quia
871 1490 897 1535 et
915 1484 945 1535 in
962 1499 1038 1550 aqua
1064 1481 1216 1533 eorundem
1240 1478 1325 1533 uerba
1348 1481 1516 1549 gestantium
1538 1483 1654 1537 diabolo
1680 1492 1706 1538 et
1724 1484 1789 1537 buic
1807 1483 1900 1536 seculo

218 1567 312 1622 orbum
337 1570 473 1634 mundot;
498 1568 613 1622 detrer
635 1570 745 1624 uerbum
767 1577 793 1622 et
818 1568 945 1638 quidest
962 1585 1038 1637 aqua
1062 1567 1226 1620 renuntiare
1254 1570 1466 1623 monstrantur!
1512 1568 1588 1641 Ergo
1617 1571 1691 1643 quod
1715 1570 1900 1626 Bellarminus

218 1654 258 1709 sisi
277 1657 378 1725 aquea!
420 1655 540 1709 Accedit
562 1655 675 1708 uerbum
698 1656 739 1708 ad
762 1655 923 1709 elementum
949 1662 974 1709 et
992 1654 1037 1723 fit
1063 1651 1145 1717 dicit,
1170 1652 1329 1725 Augustino
1351 1654 1522 1724 propositum
1541 1672 1602 1711 esse
1619 1658 1733 1722 docere,
1758 1657 1834 1729 quod
1852 1656 1900 1710 ba·

218 1748 422 1809 imammtum,
458 1742 542 1795 etiam
568 1740 660 1811 s'psum
689 1748 822 1810 tauquam
849 1740 959 1795 visibile
977 1758 1036 1794 oer-
1063 1739 1181 1809 ptismus
1197 1740 1254 1793 vim
1272 1740 1425 1795 mundandi
1442 1741 1544 1798 habeat
1563 1760 1581 1798 u
1599 1743 1692 1808 verbo,
1710 1761 1774 1799 vere
1787 1733 1913 1815 quidem¹

218 1828 263 1881 bum
278 1833 332 1883 ete.
379 1827 458 1881 Unde
481 1827 537 1880 ista
556 1834 636 1882 tanta
653 1827 742 1883 uirtus
760 1844 867 1897 aquae,
887 1834 918 1880 ut
934 1824 1177 1896 corpusidicitur,
1207 1825 1259 1884 sed
1283 1842 1340 1879 non
1357 1826 1453 1897 plene3
1480 1845 1513 1883 cx
1541 1847 1573 1884 eo
1598 1831 1671 1884 enim
1690 1829 1805 1885 ulterius
1825 1829 1900 1883 colli·

218 1920 299 1985 'angat
316 1922 345 1967 et
362 1931 411 1968 cor
429 1914 547 1968 abluat!
568 1914 626 1968 nui
639 1916 762 1981 faciente
779 1914 876 1983 aerbo,
893 1932 950 1967 non
969 1914 1037 1983 quia
1063 1910 1152 1983 gitur,
1176 1910 1214 1966 ad
1232 1913 1382 1967 salutarem
1400 1912 1531 1985 baptismi
1548 1916 1669 1971 fructum
1688 1916 1791 1988 requiri
1808 1915 1900 1978 fidem,

218 2001 319 2069 bcibsr,
342 2001 395 2054 sed
415 2001 483 2069 quio
507 2001 640 2057 creditur.
683 2002 758 2055 Nam
780 2009 806 2054 et
824 2001 854 2054 in
873 2001 936 2070 ipso
954 2001 1036 2054 uerbo
1064 2014 1135 2068 quae
1164 2004 1206 2053 ost
1237 1998 1315 2053 verbi
1343 2000 1518 2070 correlatnm,
1555 2001 1594 2057 sie
1624 2002 1696 2057 enim
1724 2001 1899 2074 Augustinus

218 2087 286 2142 uliud
300 2094 343 2141 est
358 2104 445 2142 sonus
462 2088 610 2154 transiens,
631 2088 715 2142 aliud
729 2088 819 2141 oirtus
834 2103 967 2156 manem
985 2088 1036 2142 boc
1063 2101 1143 2142 serm.
1162 2090 1204 2140 30.
1225 2084 1261 2141 ds
1278 2084 1355 2140 verb.
1376 2085 1501 2142 Domini:
1523 2088 1704 2159 Baptismum
1722 2089 1800 2158 quod
1815 2087 1900 2140 semel

218 2180 245 2227 ut
259 2175 370 2228 cubum
387 2173 478 2241 fidei,
505 2175 582 2242 guod
606 2174 806 2243 praedicamus
832 2181 884 2230 etc.
912 2175 987 2228 unde
1007 2174 1036 2227 in
1063 2172 1226 2237 adhibetur,
1245 2189 1301 2241 per
1318 2172 1402 2237 fidem
1419 2176 1543 2240 mundat,
1563 2178 1635 2239 fides
1654 2183 1744 2229 autem
1758 2175 1833 2228 intus
1851 2181 1899 2238 est,

218 2259 282 2315 Astis
302 2260 498 2330 apostolorum
522 2260 655 2328 lepimus:
679 2253 761 2328 fide'
781 2261 920 2313 mundans
947 2262 1036 2315 eorda
1062 2276 1118 2312 non
1130 2258 1213 2323 foris,
1231 2260 1306 2312 unde
1327 2259 1434 2313 dicitur
1450 2261 1482 2314 in
1492 2260 1605 2314 Actibus
1618 2262 1823 2331 apostolorum:
1842 2261 1898 2324 side

218 2362 304 2403 mm.
340 2347 381 2400 Et
398 2345 502 2400 Petrus
519 2346 682 2415 apostolus:
700 2347 741 2399 sic
760 2346 961 2416 nosbaptisma
978 2346 1035 2400 sab·
1062 2347 1201 2399 mundans
1228 2346 1319 2399 cordo
1342 2363 1445 2403 eorum
1483 2347 1649 2419 Agnoscunt
1672 2348 1702 2401 id
1726 2346 1838 2419 quidam
1865 2364 1899 2401 ex

219 2451 253 2489 sos
274 2433 360 2501 facit,
382 2450 440 2486 non
465 2432 604 2502 depositio
623 2431 751 2485 sordium
768 2433 877 2496 carnis,
903 2435 956 2487 sed
972 2451 1036 2488 cou-
1062 2430 1130 2503 ipsis
1155 2429 1324 2501 Pontificiis,
1354 2431 1402 2503 qui
1430 2432 1549 2488 alienam
1581 2432 1665 2488 fidem
1691 2433 1720 2487 in
1744 2431 1897 2487 infantibus

220 2521 334 2575 scientius
357 2520 445 2574 bonae
466 2518 669 2588 iuterrogatio,
692 2518 744 2573 boc
767 2526 808 2571 est
832 2519 942 2571 uerbum
955 2519 1038 2586 fidei
1063 2523 1211 2588 propterea
1228 2516 1331 2589 requiri
1348 2524 1481 2589 statuunt,
1501 2536 1569 2590 quos
1588 2519 1771 2575 Bellarminus
1789 2519 1834 2572 hic
1853 2536 1897 2573 su·

219 2608 408 2676 praedicamus.
457 2605 574 2661 ”Idem
603 2604 652 2661 lib.
682 2622 727 2677 qq.
759 2622 793 2660 ex
822 2604 857 2661 N.
882 2604 915 2661 Τ.
940 2622 963 2661 c.
994 2612 1034 2661 59.
1062 2604 1151 2675 gillat.
1186 2602 1266 2659 Idem
1295 2603 1470 2676 Augustinus
1496 2604 1545 2662 lib.
1574 2612 1597 2662 3.
1625 2612 1730 2677 quaest.
1758 2606 1787 2660 in
1808 2605 1898 2663 Levit.

222 2708 241 2763 p.
256 2699 316 2749 itt:
339 2691 397 2755 Qui
423 2693 587 2762 baptismum
608 2700 694 2762 putat
712 2692 828 2747 carnali
842 2692 954 2747 ratione
972 2711 1035 2747 con·
1063 2708 1089 2761 q.
1108 2694 1155 2746 84:
1181 2691 1322 2745 Dominus
1346 2692 1431 2746 dicit.-
1454 2695 1518 2762 Epo
1541 2693 1685 2763 sanctifico
1708 2693 1852 2747 Aaronem
1874 2702 1899 2747 et

222 2779 310 2845 mss,
328 2780 375 2834 isio
395 2796 452 2832 non
469 2786 511 2832 est
526 2778 704 2848 spiritualis,
730 2796 781 2833 uec
799 2780 903 2834 donum
920 2780 1037 2833 coeleste
1063 2776 1163 2845 Moysi
1185 2777 1269 2831 dicit:
1303 2776 1500 2843 sanctificabis
1524 2796 1593 2835 eum.
1638 2779 1757 2842 Quando
1784 2797 1851 2847 erpo
1874 2789 1900 2834 et

221 2866 304 2932 poterit
324 2864 468 2933 corssequi,
487 2864 537 2933 qui
553 2880 582 2917 se
598 2881 654 2933 per
672 2882 783 2933 oporam,
801 2882 857 2918 non
873 2882 928 2935 per
938 2866 1037 2934 fidem
1064 2863 1179 2933 Moyses
1203 2864 1362 2934 sanctificat
1386 2873 1412 2918 et
1428 2867 1593 2921 Dominus!
1616 2886 1671 2921 non
1695 2868 1768 2922 enim
1786 2869 1900 2936 Moyses

223 2950 346 3007 inmutari
376 2954 484 3006 credat.
531 2954 616 3020 Aqua
643 2952 715 3005 euim
742 2952 879 3017 ceruum,
911 2954 963 3007 sed
988 2952 1039 3021 gui
1059 2967 1117 3018 pro
1144 2950 1283 3019 Domino,
1312 2954 1365 3005 sed
1388 2951 1504 3021 Moyses
1529 2953 1685 3007 visibilibus
1716 2955 1901 3007 sacramentis

223 3053 262 3093 ros
275 3041 392 3109 videbun
420 3037 544 3107 Spiritus
570 3046 719 3107 operatur,
745 3046 776 3091 ut
799 3038 878 3103 fides
895 3039 925 3092 in
942 3055 975 3093 eo
991 3039 1036 3093 sit.
1060 3052 1114 3106 per
1144 3037 1330 3091 ministerium
1358 3055 1453 3102 suum,
1483 3038 1625 3093 Dominus
1648 3047 1741 3092 oedem
1765 3039 1901 3093 invisibili

223 3121 322 3182 beent
334 3123 474 3196 Prosperi,
491 3129 524 3178 ut
540 3123 642 3179 citatur
653 3123 755 3196 injure
766 3125 900 3180 canonico
912 3142 936 3181 c.
946 3124 1036 3181 Verus
1062 3122 1158 3191 pratia
1174 3140 1231 3193 per
1252 3123 1392 3192 Spiritum
1410 3132 1550 3190 sanctum,
1573 3125 1623 3178 ubi
1641 3133 1681 3179 est
1699 3132 1773 3179 totus
1787 3126 1899 3190 fructus

224 3207 269 3267 bisti
290 3217 313 3267 t„
338 3210 374 3267 de
401 3227 535 3266 consecr:
567 3210 653 3264 Verres
677 3210 830 3280 baptismus
854 3218 964 3265 constat
980 3230 1036 3266 non
1063 3216 1089 3262 et
1117 3208 1206 3263 omnis
1232 3209 1343 3262 rutilitas
1370 3210 1454 3264 etiam
1477 3210 1629 3264 visibilium
1651 3219 1898 3267 sacramentorum.

224 3303 264 3352 tas
279 3298 418 3353 ammiane
440 3295 567 3367 corporis
590 3313 674 3366 quum
697 3297 761 3359 side
783 3297 880 3352 cordis
903 3300 1036 3367 worad-
1062 3297 1138 3350 Nom
1155 3296 1216 3349 sine
1233 3296 1289 3349 ista
1303 3296 1523 3358 sanctificatione
1541 3297 1692 3369 inuisibilis
1708 3299 1820 3366 oratioe
1832 3297 1898 3353 oisi-

224 3386 313 3439 nodurn
330 3382 492 3456 apostolica
512 3382 643 3436 doctrina
669 3383 793 3437 tradidit
815 3383 927 3437 dicens:
961 3383 1036 3438 Fide
1063 3382 1133 3436 bibio
1155 3390 1332 3435 sumomonta
1357 3384 1427 3452 quid
1440 3386 1581 3452 morunt!
1598 3391 1650 3439 etc.
1685 3385 1767 3439 Nsbii
1780 3386 1897 3455 profuit

224 3474 341 3526 mausus
363 3471 456 3525 cordo
478 3485 573 3524 eonem
597 3475 624 3522 et
646 3469 725 3523 aiibi.
762 3468 865 3523 Salvos
885 3470 966 3539 sacit
990 3470 1036 3524 bo·
1064 3469 1174 3523 Simoni
1196 3469 1287 3537 Mapo
1311 3469 1431 3523 visibilis
1452 3471 1618 3540 baptismus,
1642 3472 1688 3525 cosi
1711 3472 1895 3540 sanctificatio

221 3558 317 3625 ptbno,
344 3574 402 3610 non
428 3555 525 3609 cornis
555 3554 694 3624 depositio
723 3556 865 3624 sordium,
892 3557 945 3609 sed
972 3574 1035 3609 cou-
1062 3555 1212 3610 inuisibilis
1236 3556 1331 3611 uetuit
1347 3562 1400 3614 etc.
1434 3556 1538 3612 Postea
1566 3574 1600 3612 ex
1626 3557 1740 3614 latronis
1769 3558 1894 3630 exemplo

223 3645 332 3699 aientiae
357 3645 446 3697 bonae
475 3642 660 3710 interropotio
688 3642 718 3696 in
746 3644 846 3696 Deum.
888 3642 1037 3713 ”Excipit
1062 3642 1183 3714 colligit,
1210 3641 1377 3698 invisibilem
1400 3643 1645 3699 sanctificationem
1671 3644 1837 3717 quibusdum
1855 3643 1895 3699 ai·

223 3726 385 3786 bellarminus
402 3729 451 3785 lib.
484 3735 505 3784 1.
530 3728 565 3783 de
584 3743 698 3783 morsm.
725 3727 756 3782 in
772 3745 873 3799 genere
890 3745 914 3784 c.
934 3734 976 3786 20.
994 3729 1036 3784 uti
1061 3730 1147 3786 fuisse
1160 3736 1188 3784 et
1205 3728 1343 3800 profuisse
1364 3729 1423 3784 sine
1442 3730 1596 3785 visibilibus
1615 3731 1803 3799 sacramentis,
1824 3748 1895 3803 quae

223 3816 285 3872 eum
302 3816 352 3874 lib.
372 3821 397 3872 2.
419 3815 455 3871 de
472 3830 588 3870 sacrem.
612 3830 636 3872 c.
658 3820 697 3872 10.
725 3814 801 3869 illud
824 3815 891 3885 quia
911 3816 1036 3869 creditur
1062 3834 1112 3888 pro
1135 3824 1288 3887 temporum
1311 3816 1472 3872 diversitate
1491 3824 1597 3873 mutata
1616 3824 1689 3887 sunt,
1706 3824 1738 3873 ut
1757 3817 1811 3872 ulia
1829 3823 1895 3872 tunc

223 3918 261 3957 sm
286 3902 455 3974 significare
483 3909 573 3954 actum
601 3901 692 3971 fidei,
723 3903 776 3955 sed
801 3902 948 3970 objectum,
974 3920 1035 3956 cum
1062 3902 1166 3958 fuerint
1190 3908 1219 3958 et
1238 3902 1292 3957 alia
1312 3903 1394 3958 modo
1412 3903 1481 3968 sint,
1502 3903 1638 3959 visibilem
1659 3920 1724 3959 vero
1741 3902 1894 3958 sanctifica·

222 3990 283 4045 uus
309 3988 434 4044 adeatis
456 3988 532 4058 fides
545 3987 596 4040 -sit
627 3988 658 4040 in
683 3986 778 4055 ripere
808 3989 968 4042 nccusorio
996 3991 1038 4043 ad
1062 3990 1164 4045 donem
1187 4006 1259 4060 quae
1276 3987 1355 4045 fieret
1373 4006 1423 4059 per
1440 3989 1561 4045 visibilia
1580 3997 1752 4045 sacramenta
1771 3989 1895 4044 sineists

223 4075 374 4147 baptismum,
401 4082 433 4128 ut
455 4081 597 4144 appareat
626 4073 656 4126 in
679 4073 819 4143 porculis.
866 4073 954 4145 Atqui
983 4074 1036 4130 boc
1061 4074 1194 4130 invisibili
1224 4092 1305 4147 posse
1334 4074 1445 4141 adesse,
1480 4092 1536 4131 non
1564 4094 1645 4148 posse
1672 4077 1816 4147 prodesse;
1843 4092 1893 4130 nec

223 4164 327 4233 praedit
346 4180 379 4219 ex
397 4161 470 4218 iales
485 4161 535 4216 illa
551 4160 707 4232 hypothesi,
725 4161 800 4232 quod
814 4161 934 4217 infantes
945 4161 1036 4233 bapti·
1061 4170 1153 4217 tamen
1171 4161 1234 4218 ideo
1247 4167 1448 4217 sacramentum
1460 4162 1568 4218 visibile
1581 4162 1811 4218 contemnendum
1824 4179 1892 4229 esse,

223 4252 262 4307 nn·
281 4269 336 4307 non
361 4247 485 4304 habeant
505 4247 603 4312 fidem,
630 4250 710 4318 eujus
735 4249 903 4303 contrarium
924 4250 1036 4305 demon·
1062 4250 1129 4321 quia
1156 4254 1308 4304 contemtor
1336 4249 1396 4319 ejus
1421 4249 1594 4304 invisibiliter
1623 4247 1789 4303 sanctificari
1815 4248 1892 4303 nullo

223 4337 349 4392 munus
373 4353 424 4391 sno
450 4334 519 4391 loco.
566 4332 647 4396 Quod
675 4333 851 4405 Augustinus
881 4334 1035 4391 infantibus
1062 4334 1143 4391 modo
1161 4340 1260 4406 potest
1295 4335 1480 4391 Bellarminns
1501 4336 1609 4407 excipit,
1627 4336 1751 4404 proeium
1770 4336 1892 4390 inuisibi-

223 4419 304 4479 daubi
326 4422 411 4478 fidem
432 4421 515 4493 plene
539 4421 674 4492 derogare
699 4420 822 4489 videtur,
849 4421 878 4475 id
896 4422 1034 4494 explican-
1061 4425 1115 4477 iem
1132 4441 1151 4476 a
1169 4430 1343 4476 somameuto
1356 4423 1484 4476 sensibili
1494 4423 1627 4492 separari
1638 4440 1731 4492 posse,
1750 4442 1806 4478 uon
1818 4425 1895 4493 qreod

224 4505 270 4564 lum
285 4517 327 4567 cst
343 4524 400 4565 uon
418 4505 525 4564 deiide
543 4507 717 4578 simpliciter,
736 4507 785 4563 sed
805 4507 840 4563 de
859 4506 941 4563 modo
960 4507 1034 4577 fidei,
1060 4516 1263 4562 sacramentum
1285 4526 1341 4562 non
1364 4510 1400 4562 sit
1419 4509 1569 4563 inadibilis
1586 4511 1697 4578 pretias
1716 4527 1817 4579 causa,
1843 4512 1894 4563 sed

224 4596 293 4665 Μὴ
314 4597 410 4653 estin
433 4593 551 4664 adultis,
581 4594 616 4648 de
640 4594 741 4666 quibus
760 4592 935 4666 Augustinus
954 4593 1035 4647 dicit:
1061 4597 1137 4664 quod
1157 4595 1250 4664 possit
1274 4595 1410 4665 impediri
1437 4597 1547 4665 effectus
1570 4597 1631 4665 ejus
1648 4612 1703 4664 per
1725 4597 1828 4649 obicem
1850 4598 1894 4649 vel

225 4676 325 4737 besem
342 4683 397 4737 scit
414 4699 444 4736 se
464 4682 586 4751 credere,
606 4681 658 4736 hoc
671 4685 715 4735 est
726 4679 839 4734 adultus
853 4685 881 4734 et
894 4680 1035 4735 doctrinae
1060 4681 1303 4748 indispositiouem
1325 4681 1449 4749 subjecti.
1493 4681 1719 4752 Respondemus:
1742 4680 1811 4736 haee
1834 4682 1892 4753 qui·

225 4780 291 4839 apex
302 4767 394 4824 fidelis
404 4773 513 4824 exercet
521 4783 598 4822 suam
607 4766 690 4821 fidem
700 4766 805 4835 auditu,
818 4765 996 4821 meditatione
1009 4771 1037 4820 et
1061 4767 1123 4822 dem
1146 4771 1221 4821 recte
1243 4771 1420 4837 opponuntur
1438 4765 1567 4831 Calvino,
1593 4768 1668 4839 quod
1691 4774 1892 4824 sacramentum

226 4855 423 4927 tpprebeusione
449 4852 527 4910 verbi
545 4852 714 4925 praedicati,
737 4852 791 4921 piis
809 4852 937 4923 precibus
957 4859 985 4907 et
1001 4852 1036 4906 si·
1060 4868 1116 4907 non
1139 4852 1175 4906 sit
1197 4853 1286 4907 solum
1308 4853 1432 4925 signnm,
1457 4853 1508 4907 sed
1526 4860 1554 4908 et
1572 4869 1656 4907 causa
1677 4855 1800 4925 gutiae,
1824 4862 1893 4924 puta

225 4940 315 4997 bilibus
339 4941 451 5014 pietatis
478 4939 593 5004 studiis,
618 4938 719 5011 quibus
744 4946 860 4994 conatur
886 4956 941 4994 non
955 4939 1036 4996 modo
1060 4939 1290 5008 instrumentalis,
1318 4956 1375 4994 uon
1394 4946 1486 4994 autem
1507 4937 1682 4993 satisfaciunt
1701 4948 1793 4996 nostro
1812 4958 1892 5013 argu·

224 5022 288 5084 idem
310 5028 444 5096 retinere,
470 5025 519 5082 sed
545 5027 628 5081 etiam
650 5027 757 5096 majora
775 5024 894 5080 subinde
910 5024 976 5081 fidei
995 5025 1035 5079 in·
1061 5032 1161 5081 mento.
1205 5025 1234 5082 Si
1261 5025 1334 5080 enim
1365 5031 1537 5079 sacramenta
1563 5027 1725 5095 prodessent
1751 5045 1784 5082 ex
1811 5044 1893 5097 opere

223 5121 343 5171 uenenis
366 5130 477 5185 capere,
502 5112 624 5167 luctatur
647 5129 710 5166 cum
736 5110 892 5167 diffidentis
910 5117 939 5167 et
956 5112 1036 5167 dubi·
1062 5117 1175 5181 operato
1207 5111 1290 5166 etiam
1319 5112 1378 5165 sine
1404 5110 1475 5172 fide,
1503 5111 1600 5183 utique
1628 5113 1719 5183 guda
1747 5112 1892 5166 invisibilis

223 5201 310 5257 titione
326 5206 356 5258 et
371 5200 456 5256 fidem
473 5217 551 5256 suam
563 5198 664 5254 exserit
680 5198 844 5253 testimoniis
857 5198 985 5263 externis,
998 5199 1037 5254 ita
1062 5214 1169 5269 semper
1188 5198 1339 5267 conjuncta
1359 5202 1430 5253 esset
1441 5195 1542 5251 visibili
1554 5204 1732 5252 sacramento.
1754 5198 1891 5253 Effectum

223 5287 281 5342 mim
302 5305 332 5344 se
353 5288 445 5359 ipsum
471 5285 669 5356 interpretatur
687 5284 784 5359 epist.
809 5289 854 5339 23:
880 5285 1036 5339 Pacuuium
1062 5289 1296 5338 sacramentorum
1319 5298 1370 5352 per
1392 5281 1498 5337 obicem
1518 5283 1644 5353 impediri
1662 5301 1742 5354 posse
1760 5292 1834 5339 recte
1852 5284 1892 5337 di-

220 5375 262 5427 est
276 5376 396 5430 nondum
412 5374 484 5439 tides
500 5372 562 5436 illa,
581 5388 653 5440 quiae
669 5370 699 5423 in
711 5372 883 5424 credentium
896 5371 1037 5426 uoluntate
1062 5371 1144 5437 citur,
1171 5370 1219 5424 sed
1239 5369 1416 5438 addendum,
1435 5372 1510 5440 quod
1528 5370 1707 5424 incredulitas
1726 5371 1762 5425 sit
1777 5371 1892 5425 fortissi-

219 5463 343 5531 tossistit,
360 5462 429 5531 jam
445 5468 538 5514 mosen
553 5458 643 5529 ipsim
656 5458 732 5527 fidei
747 5464 951 5511 sacramentum
964 5460 1036 5528 fide-
1062 5475 1122 5511 mus
1145 5456 1190 5511 ille
1213 5456 1296 5521 obex,
1324 5455 1371 5526 qui
1395 5456 1582 5526 operationem
1599 5457 1717 5528 Spiritus
1737 5458 1826 5512 sancti
1842 5476 1892 5529 per

218 5547 261 5603 len
282 5550 370 5618 facit.
417 5548 494 5601 Nam
522 5547 595 5600 siccet
620 5547 736 5599 medere
764 5545 968 5613 respondetur,
995 5546 1036 5599 ito
1062 5543 1173 5598 verbum
1206 5548 1234 5596 et
1263 5548 1436 5614 sacramenta
1464 5543 1607 5598 nobiscum
1635 5543 1742 5614 egentis
1768 5543 1892 5615 impedit,

218 5635 296 5690 idolis
311 5641 440 5703 amatur,
458 5649 514 5687 non
532 5634 574 5686 ad
590 5632 756 5701 semipsum
773 5638 862 5683 mente
880 5634 1038 5699 contundo,
1061 5629 1138 5683 Idem
1155 5628 1330 5699 Augustinus
1348 5628 1396 5685 lib.
1417 5634 1458 5685 2¹.
1478 5630 1512 5685 de
1533 5630 1606 5685 civit.
1626 5628 1680 5684 Dei
1698 5646 1722 5685 c.
1741 5635 1781 5685 25.
1800 5648 1891 5702 repre·

218 5723 256 5777 sd
270 5723 361 5795 ipsius
377 5720 423 5774 rei
440 5724 645 5774 sacramentum
668 5717 862 5787 percipiendo.
894 5716 973 5787 epist
989 5722 1037 5771 25:
1060 5714 1157 5770 hendit
1179 5732 1238 5779 eos,
1262 5715 1310 5787 qui
1329 5715 1497 5785 sentiebant,
1516 5735 1571 5769 non
1583 5732 1668 5784 posse
1686 5717 1821 5770 damnari
1837 5735 1892 5787 eos,

218 5809 296 5865 baeu
311 5810 399 5879 fidem
416 5813 533 5878 propter
550 5804 620 5870 fidei
636 5812 850 5859 sacramentum.
890 5802 938 5858 lib.
959 5809 981 5860 l.
1000 5802 1035 5858 de
1061 5802 1110 5872 oui
1131 5806 1310 5856 samameuta
1326 5803 1490 5873 percipiunt
1514 5802 1645 5872 baptismi
1667 5808 1693 5855 et
1711 5820 1812 5857 coenae
1832 5806 1892 5858 Do·

218 5902 307 5954 mett
325 5893 416 5952 merit
434 5896 464 5949 ot
481 5891 585 5948 mmbs.
604 5907 629 5947 o.
650 5895 694 5946 19:
719 5891 805 5944 Dicet
824 5889 945 5962 aliquis,
969 5851 1143 5961 quo-lmini,
1174 5888 1240 5944 iicet
1267 5906 1318 5943 nec
1339 5892 1429 5960 fidem
1457 5905 1507 5946 uec
1539 5889 1638 5944 bonam
1662 5888 1749 5946 vitam
1774 5898 1884 5947 teneant
1960 5876 1965 5889 ’
