4800 6659
978 475 1032 534 DE
1048 471 1172 534 SACBO
1188 471 1391 538 amasne.
1971 490 2032 550 385

328 633 404 687 doni
434 634 681 704 supernaturalia,
707 632 804 704 qaue
830 639 871 689 eu
898 633 1026 688 aeremia
1054 632 1173 689 cisionis
1206 632 1407 691 substituendo
1428 629 1520 693 loen'm
1537 635 1650 704 miani,
1670 635 1720 692 uhi
1737 641 1782 694 est
1797 636 1880 711 ignis.
1914 639 2037 697 Pomm

330 720 402 788 Dei,
433 739 489 776 nan
515 729 606 775 autem
632 721 752 791 inflictio
778 737 888 792 poenae
910 720 1068 790 smsibsiis,
1100 737 1172 791 psas
1199 719 1311 792 (inquit)
1340 722 1469 778 mittendi
1496 732 1561 779 sunt
1586 725 1618 779 in
1638 724 1731 780 locum
1754 726 1843 796 ipnis,
1869 742 1920 781 nee
1942 734 2034 783 tamen

327 815 465 861 naturam
485 809 577 878 ipsam
596 808 692 866 laedit.
729 808 954 881 Respondemus:
974 813 1172 879 argumentum
1198 808 1399 871 inflammandi
1421 810 1474 865 illo
1502 812 1579 881 ipne,
1606 820 1656 866 urst
1674 813 1825 867 muium&
1841 815 1885 868 sel
1904 817 1981 885 quod
1997 815 2034 869 sit

328 893 429 948 nititur
457 894 529 949 salsa
554 894 718 967 hypothesi,
745 895 916 951 ostendimus
940 894 1012 950 enim
1030 913 1079 952 suo
1098 894 1171 964 loco,
1196 894 1226 947 in
1248 904 1335 965 parte
1358 896 1462 951 altiore
1486 898 1549 967 ejus
1568 897 1637 967 laci,
1659 898 1703 952 cel
1723 900 1800 968 quod
1817 899 1892 969 ipnis
1910 902 1966 955 cim
1983 903 2032 957 ha·

328 980 406 1051 quod
433 987 579 1051 peccatum
607 982 721 1055 originis
747 982 839 1066 ipsum
861 988 978 1039 naturae
999 981 1072 1039 bene
1090 982 1168 1037 insti-
1196 980 1259 1034 beat
1277 998 1324 1036 eos
1343 983 1494 1051 detinendi,
1509 1002 1566 1038 non
1585 992 1677 1038 tamen
1695 986 1807 1039 urendi.
1844 984 1884 1042 Ut
1903 987 1970 1043 alibi
1987 1004 2032 1043 ac·

327 1071 409 1121 tutae
427 1067 552 1122 ordinem
571 1069 646 1123 miris
665 1086 698 1124 ac
715 1070 821 1126 miseris
838 1069 926 1124 modis
937 1069 1066 1125 turbarit.
1096 1068 1166 1126 Con-
1196 1067 1354 1124 cidentibus
1373 1069 1433 1126 sine
1450 1070 1607 1126 substantia
1624 1070 1722 1127 tribuit
1739 1072 1796 1125 vim
1813 1072 1968 1138 nutriendi,
1990 1074 2030 1128 ni·

327 1170 448 1224 sequens
473 1155 557 1210 etiam
581 1161 720 1228 repugnat
740 1157 899 1229 scripturae
923 1161 952 1211 et
969 1156 1167 1228 experientiae,
1194 1154 1295 1210 mirum
1320 1155 1344 1211 si
1370 1156 1400 1212 in
1425 1173 1527 1229 magna
1552 1157 1634 1229 copia
1657 1162 1817 1227 sumantur,
1843 1157 1884 1213 ita
1910 1158 1956 1213 hic
1971 1159 2030 1231 igni

328 1257 392 1295 cum
418 1258 525 1311 poenae
553 1243 664 1313 peccati
691 1242 832 1315 originalis
859 1243 915 1299 sint
935 1242 1024 1298 morbi
1047 1249 1075 1299 et
1094 1260 1167 1298 mors
1194 1240 1324 1298 infernali
1355 1243 1471 1316 deroget
1503 1243 1561 1299 vim
1590 1244 1691 1299 urendi
1715 1250 1844 1314 respectu
1872 1244 2029 1312 minutium,

328 1326 406 1397 ipsa,
432 1345 482 1398 per
513 1344 596 1399 quam
620 1333 749 1384 naturam
773 1329 847 1385 laedi
866 1329 992 1401 quisquis
1011 1329 1165 1402 negaverit,
1193 1328 1295 1399 quibos
1320 1329 1460 1402 figmentis
1486 1348 1542 1403 qua
1564 1331 1677 1386 undem
1703 1331 1794 1402 specie
1817 1331 1900 1386 fidem
1924 1332 2029 1389 faciet?

327 1412 381 1467 soli
408 1414 560 1469 meridiano
585 1415 698 1488 obloqui
716 1417 870 1472 censendus
888 1423 936 1473 est.
972 1415 1167 1489 Recognoscat
1194 1413 1263 1485 Cap.
1290 1422 1314 1472 6.
1347 1424 1444 1473 contra
1468 1417 1618 1487 Thomam,
1647 1417 1871 1473 Bonaventuram
1901 1425 1929 1474 et
1958 1419 2028 1473 alios

327 1499 515 1555 Bellarminus
543 1519 594 1556 sna
620 1502 707 1558 verba
733 1510 819 1560 c.15.
844 1504 926 1575 hujus
950 1502 1025 1557 libri:
1065 1504 1165 1558 Omnes
1192 1503 1293 1556 muros
1317 1504 1441 1559 illustres
1467 1505 1610 1575 theolopas
1626 1492 1698 1575 '(uti
1722 1520 1769 1560 eos
1793 1505 1886 1575 vocat)
1912 1511 2028 1560 conatur

328 1588 467 1642 humanae
483 1590 557 1644 vitae
574 1590 758 1661 calamitates,
777 1591 849 1645 inter
866 1610 938 1660 quas
955 1599 1020 1644 sunt
1037 1590 1122 1646 labor
1139 1599 1165 1645 et
1193 1587 1379 1646 Bellarminus
1401 1591 1533 1662 probare,
1554 1592 1695 1660 parvulos
1713 1608 1770 1645 non
1789 1592 1943 1661 baptizatos
1957 1608 2027 1661 pus·

328 1675 414 1729 dolor
437 1676 469 1728 in
492 1692 624 1746 corpore,
648 1678 744 1747 morbi,
769 1677 834 1747 ipsa
851 1695 926 1731 mors
944 1682 995 1732 etc.
1014 1693 1047 1731 ea
1065 1677 1164 1732 merito
1191 1693 1274 1730 suros
1292 1678 1455 1733 interiorem
1473 1678 1564 1732 animi
1583 1678 1723 1744 dolorm
1749 1677 1816 1732 licet
1834 1678 2026 1748 mitissimum,-

321 1762 446 1831 peccali,
466 1779 521 1816 non
542 1762 747 1818 reconditione
761 1770 881 1832 naturae
896 1763 1033 1818 oriuntur.
1053 1763 1163 1817 i.Pro-
1191 1762 1266 1833 quod
1295 1764 1376 1821 nobie
1403 1783 1459 1820 non
1489 1766 1666 1835 serenetur,
1694 1764 1742 1838 qui
1776 1781 1839 1819 cnm
1866 1765 2025 1837 Augustino

320 1855 391 1917 pter
420 1847 590 1903 habitualem
618 1850 774 1904 carentiam
797 1850 928 1903 uirtutum
948 1856 974 1905 et
993 1850 1163 1904 habitualem
1191 1848 1239 1905 lib.
1258 1855 1282 1906 b.
1302 1851 1331 1905 in
1347 1849 1450 1907 Julian
1468 1868 1492 1909 c.
1510 1858 1535 1909 8.
1553 1851 1683 1915 dicimur,
1706 1852 1844 1923 parrulos
1861 1869 1917 1905 non
1935 1852 2025 1921 bapti-

321 1935 498 2004 pronitatem
515 1938 558 1990 ad
579 1937 649 1991 vitia
668 1953 747 1991 nemo
765 1936 866 2007 puniri
883 1937 955 1991 solet
970 1953 1067 2007 poena
1085 1937 1162 2007 posi·
1189 1943 1268 1990 satos
1285 1938 1315 1991 in
1335 1939 1516 1993 damnatione
1535 1939 1658 1994 omnium
1674 1940 1823 1993 mummma
1838 1941 1960 2004 futuros.
2063 1994 2066 2001 ,

328 2021 596 2093 claustrensibus,
622 2025 674 2077 secl
691 2022 782 2079 solum
797 2030 915 2093 propter
935 2024 1049 2093 culpam
1067 2032 1162 2078 actuo
1225 2028 1284 2078 244.
1325 2024 1478 2097 Postquam
1507 2025 1541 2080 de
1571 2024 1662 2079 causis
1692 2032 1721 2081 et
1752 2027 1862 2097 objecto
1892 2025 2024 2097 baptismi
2034 2009 2121 2111 thellr

328 2108 391 2176 lem,
412 2110 557 2163 nonenim
575 2112 813 2181 urspeudunlura
826 2110 994 2179 mapislralu
1006 2110 1163 2180 quinarem
1189 2116 1282 2165 actum
1301 2109 1367 2182 fuit,
1393 2116 1480 2167 restat
1496 2116 1530 2167 ut
1548 2111 1688 2189 adjssnctis
1705 2113 1845 2184 ejusdem,
1869 2129 1942 2185 quae
1959 2115 2146 2169 sunta-uim

329 2195 427 2249 habitu
447 2196 582 2265 justitiae
605 2198 649 2251 ael
672 2197 722 2268 qui
741 2196 832 2266 proni
850 2204 914 2250 sunt
931 2198 972 2251 acl
981 2197 1086 2266 sarta,
1111 2198 1163 2250 sed
1188 2201 1311 2267 tempus,
1338 2198 1414 2254 locus
1432 2204 1461 2254 et
1479 2199 1650 2256 ceremoniae
1669 2205 1810 2269 externae,
1838 2199 1901 2269 pari
1918 2200 2022 2270 perspi·
2035 2176 2094 2258 illi:

328 2281 379 2351 qui
403 2299 435 2335 re
461 2283 526 2352 ipsa
545 2284 707 2351 furantur;
726 2289 846 2353 possunt
871 2291 962 2337 tamen
990 2284 1040 2353 qui
1065 2291 1163 2338 carent
1189 2283 1294 2339 cuitate
1312 2284 1453 2357 expositis,
1471 2285 1653 2357 colophonem
1668 2285 1732 2340 huic
1749 2285 1882 2340 tractatui
1900 2268 2138 2370 impona-{hJffl‘

329 2367 478 2422 uirtutibus
504 2378 531 2423 et
552 2372 642 2440 proni
663 2378 728 2425 sunt
751 2372 793 2425 ad
809 2371 902 2435 mala,
928 2370 1013 2439 rejici
1029 2379 1162 2442 tanquam
1188 2387 1258 2425 mus.
1292 2371 1338 2427 De
1364 2378 1488 2444 tempore
1511 2372 1642 2443 baptismi
1660 2373 1701 2428 sic
1719 2372 1872 2428 statuimus.
1910 2376 1934 2428 1.
1952 2370 2023 2427 Cum
2036 2374 2125 2424 orosa

328 2454 443 2525 ineliqni
464 2454 500 2508 ab
525 2455 625 2526 aliqua
649 2457 785 2526 dipnitate
810 2456 1007 2526 adipiscenda.
1042 2458 1082 2512 Ar
1098 2474 1162 2527 pec·
1188 2457 1319 2528 baptismi
1343 2457 1544 2515 administratio
1569 2476 1625 2514 non
1648 2458 1685 2514 sit
1702 2459 1739 2514 ad
1759 2463 1865 2514 certum
1882 2457 2023 2530 quoddam
2036 2481 2139 2526 tempor·

328 2548 423 2595 catum
441 2541 561 2609 oripinis
576 2550 617 2596 est
635 2543 721 2614 eulpa
738 2544 829 2599 salum
847 2543 1011 2601 habitualis.
1037 2542 1161 2615 Respon·
1187 2547 1298 2616 tempus
1320 2545 1414 2600 divino
1435 2546 1567 2601 mandato
1588 2546 1729 2617 ruhicta,
1752 2546 1816 2602 ideo
1842 2544 1939 2618 quovis
1956 2545 2023 2600 anni
2036 2530 2154 2623 {lgl'ffl

329 2627 440 2684 demus:
457 2627 607 2698 μετάβασις
624 2634 667 2684 est
685 2634 723 2692 εἰς
743 2627 811 2685 ἄλλο
827 2634 909 2699 γένος
925 2647 958 2686 ex
974 2631 1038 2702 jure
1054 2630 1107 2686 fori
1125 2630 1161 2686 ad
1187 2637 1322 2703 tempore,
1340 2632 1437 2704 quavis
1455 2632 1510 2688 diei
1528 2633 1596 2690 hora
1612 2633 1689 2689 licite
1709 2633 1811 2703 susdpi
1828 2637 1927 2705 potest.
1960 2630 2022 2688 Gal
2036 2632 2121 2683 but·-

325 2717 373 2787 jus
402 2714 473 2785 poli,
496 2732 529 2771 ex
551 2716 660 2787 judicio
678 2716 799 2772 humano
818 2717 856 2770 ad
872 2716 1011 2788 judicium
1029 2717 1162 2785 divinum,
1189 2723 1219 2786 4,
1245 2735 1270 2772 v.
1295 2724 1339 2774 10:
1369 2719 1530 2774 obseruatis
1554 2721 1616 2774 dies
1640 2729 1666 2774 et
1685 2736 1792 2774 menses
1808 2726 1979 2789 attempero
1997 2695 2122 2786 etl’ulilpt

326 2799 393 2857 Esa.
413 2807 461 2871 55,
486 2820 510 2858 v.
538 2808 569 2858 8:
593 2804 660 2857 Non
683 2812 747 2860 sunt
776 2804 958 2872 capitationes
983 2820 1060 2858 meae
1090 2806 1162 2859 sicut
1189 2821 1296 2874 annos,·
1312 2823 1339 2862 v.
1358 2811 1405 2871 11:
1426 2823 1538 2874 uereor,
1561 2822 1596 2861 ne
1613 2808 1726 2872 mauu
1745 2806 1931 2860 laboraverim
1949 2805 2023 2858 inter·
2036 2798 2111 2838 ΡΜ·

330 2889 514 2958 capitationes
541 2896 665 2960 restrae,
694 2906 745 2944 nee
770 2899 879 2945 vestrae
908 2890 971 2944 uiae
997 2890 1069 2946 siem
1098 2892 1161 2945 uiae
1187 2908 1244 2945 uas.
1280 2889 1339 2949 Col.
1358 2897 1388 2962 2,
1414 2911 1440 2947 r.
1462 2898 1507 2949 16:
1533 2894 1624 2947 Nemo
1649 2911 1698 2947 ros
1719 2892 1833 2962 judicet
1856 2893 1887 2946 in
1910 2891 1970 2945 cibo
1996 2899 2023 2945 et

328 2992 422 3044 meae,·
448 2994 473 3031 v.
492 2981 521 3031 9:
548 2976 620 3031 simet
644 2976 763 3032 altiores
785 2984 850 3031 sunt
874 2976 947 3031 coeli
970 2994 1054 3047 mam
1074 2984 1161 3047 terra,
1184 2984 1256 3048 potu
1280 2986 1329 3031 aut
1352 2979 1382 3031 in
1405 2988 1489 3049 parte
1506 2979 1567 3034 diei
1582 2988 1633 3033 aut
1648 2980 1809 3034 neomeniae
1826 2987 1875 3033 aut
1892 2978 2023 3033 sabatho·

329 3062 371 3116 sic
390 3062 507 3117 altiores
526 3071 592 3119 sunt
608 3064 670 3118 oiae
688 3081 765 3119 meae
790 3082 874 3134 quam
900 3065 963 3120 aiae
981 3072 1089 3119 vestrae
1108 3070 1160 3121 etc.
1187 3082 1258 3120 rum.
1293 3063 1415 3119 Basilius
1433 3066 1463 3119 in
1478 3065 1612 3124 exhortet.
1629 3065 1666 3121 ad
1683 3064 1784 3136 baptis.
1805 3083 1833 3137 p.
1850 3071 1916 3122 444:
1944 3066 2021 3120 Tem

327 3148 479 3206 Peccatum
497 3148 632 3222 originale
656 3155 704 3218 est,
715 3167 772 3206 non
791 3150 879 3206 solum
897 3149 1021 3206 carentia
1034 3150 1161 3221 justitiae
1182 3168 1241 3220 pur
1257 3151 1342 3206 aliud
1359 3152 1413 3206 alii
1428 3161 1614 3224 opportunam
1625 3153 1745 3223 nepotis,
1763 3154 1804 3207 ad
1815 3153 1947 3223 baptismi
1957 3170 2023 3210 vero

327 3236 418 3292 inesse
445 3235 570 3308 debitae,
599 3236 647 3292 sed
672 3236 756 3294 etiam
780 3236 919 3293 horribilis
944 3238 1094 3294 destructio
1113 3255 1160 3294 na·
1187 3238 1306 3293 salutem
1333 3240 1478 3309 qrsodlibet
1508 3248 1613 3311 tempus
1644 3240 1853 3294 accommodum
1883 3247 1939 3311 est,
1960 3242 2017 3295 sire

326 3329 414 3392 turae,
433 3323 593 3394 depravatio
610 3325 736 3380 omnium
754 3325 853 3380 virium
870 3323 979 3381 animae
991 3325 1160 3397 etcorporis,
1187 3325 1249 3379 dies
1265 3326 1316 3395 sit,
1339 3326 1397 3379 sice
1414 3344 1483 3396 noa,
1508 3327 1565 3381 sice
1581 3327 1669 3397 bora,
1688 3344 1737 3380 seu
1753 3327 1936 3398 quodcumque
1954 3334 2020 3380 tem·

327 3410 401 3466 unde
416 3411 569 3481 justissimo
581 3411 635 3467 Dei
651 3412 758 3483 jndicio
777 3429 833 3467 non
853 3412 942 3467 solum
954 3427 1046 3483 poena
1058 3413 1159 3479 damni,
1183 3414 1266 3482 poris
1283 3420 1456 3471 momentum.
1481 3413 1516 3469 In
1528 3413 1669 3486 primitiva
1683 3412 1801 3469 ecclesia
1813 3430 1867 3467 usu
1879 3418 2022 3484 receptum

326 3498 376 3553 sed
395 3498 479 3552 etlam
492 3514 583 3569 poena
602 3515 698 3554 sensus
714 3499 739 3555 ei
757 3498 882 3554 debetur.
918 3499 992 3565 Quid
1010 3498 1103 3556 enim?
1123 3516 1160 3554 an
1185 3498 1241 3553 fuit
1273 3497 1317 3554 his
1343 3499 1373 3555 in
1398 3516 1471 3554 anno
1496 3500 1652 3572 baptizare,
1680 3500 1765 3556 semel
1789 3499 1818 3554 in
1844 3500 1976 3571 paschate
1994 3506 2023 3557 ct

328 3584 448 3639 infantes
471 3601 527 3639 non
546 3583 710 3657 affliguntur
727 3584 844 3655 morbis,
868 3602 904 3641 an
921 3602 978 3641 non
996 3590 1062 3641 sunt
1080 3585 1160 3642 morti
1187 3585 1287 3640 iterum
1305 3585 1334 3640 in
1353 3585 1424 3641 festo
1439 3586 1625 3657 Pentecosten,
1646 3589 1726 3660 cujus
1744 3585 1952 3642 consuetudinis
1965 3604 2021 3643 me·

327 3670 438 3727 obnoxii
456 3676 571 3743 propter
588 3671 713 3744 orginale
728 3672 894 3743 peccatum?
921 3670 994 3727 Num
1013 3678 1161 3744 propterea
1187 3671 1327 3727 minerunt
1353 3671 1542 3728 Tertullianus
1570 3672 1619 3729 lib.
1651 3672 1685 3729 de
1709 3672 1848 3744 baptismo
1875 3672 1950 3729 circa
1973 3672 2020 3727 fin.

326 3758 479 3831 injustitiae
501 3757 593 3813 Deum
619 3759 831 3816 accusabimus?
860 3760 940 3817 absit
985 3763 1011 3817 6.
1037 3761 1161 3831 Propter
1187 3758 1293 3829 (Diem
1315 3759 1452 3829 baptismo
1471 3760 1658 3814 solenniorem
1671 3760 1782 3830 pascha
1795 3768 1938 3830 praestat,
1960 3777 2022 3814 eum

327 3846 467 3914 oripinale
488 3853 635 3916 peccatum
662 3864 718 3901 non
741 3848 900 3917 injunpitur
922 3848 953 3900 in
976 3847 1096 3902 ecelesia
1113 3847 1160 3900 ho·
1187 3853 1213 3899 et
1225 3846 1327 3914 passio
1346 3846 1480 3916 Domini,
1503 3846 1533 3899 in
1552 3863 1609 3917 oua
1627 3848 1776 3915 tinpimur,
1793 3847 1952 3917 adimpleta
1971 3854 2020 3901 est.

327 3932 448 3986 minibus
467 3933 645 4002 baptisandis
663 3933 789 4003 manvia
802 3934 910 3988 adultis
924 3933 1056 4003 poenalis
1078 3934 1160 3989 satis·
1188 3933 1301 3987 Exinde
1324 3933 1486 3988 Pentecoste
1507 3934 1679 3987 ordinandis
1708 3933 1831 3987 lacrumis
1851 3934 2020 3988 latissimum

327 4018 531 4088 feminaeque
542 4020 678 4089 jubentur
698 4021 840 4089 ejusmodi
854 4021 980 4075 homines
991 4028 1111 4091 propter
1128 4022 1161 4075 iel
1186 4019 1309 4089 spatium
1326 4027 1379 4089 est,
1398 4037 1452 4091 quo
1471 4028 1496 4073 et
1516 4020 1639 4074 Domini
1656 4022 1824 4075 resurrectio
1842 4022 1917 4074 inter
1936 4020 2021 4074 disci·

325 4114 483 4176 peecatum,
504 4106 594 4160 ullam
615 4108 709 4161 animo
729 4108 871 4161 tristitiam
897 4108 1078 4177 doloremque
1096 4126 1160 4163 eon·
1183 4105 1269 4175 pulos
1291 4107 1480 4177 frequentata
1510 4115 1567 4171 est,
1603 4114 1628 4161 et
1654 4107 1751 4175 pratia
1779 4105 1905 4177 Spiritus
1928 4108 2022 4161 saneti

267 4206 315 4251 2⁹0.
328 4192 437 4262 espere5
466 4193 554 4262 iqitur
580 4193 716 4247 audibile
743 4200 783 4247 ert
804 4193 913 4247 nullam
938 4195 967 4247 ei
989 4197 1160 4264 respondere
1187 4193 1321 4247 dedicata
1340 4201 1367 4247 et
1383 4210 1448 4263 spes
1466 4195 1602 4247 adrentus
1621 4191 1741 4248 Domini
1756 4194 1928 4249 subostensa
1965 4193 2020 4250 Sed

326 4280 484 4333 sensibilem
497 4297 620 4349 poenam
638 4281 668 4334 in
684 4282 783 4345 futuro
800 4280 902 4348 seculo.
938 4279 1159 4352 Respondemus:
1185 4279 1269 4351 paulo
1292 4285 1355 4350 post
1375 4278 1468 4335 addit:
1496 4278 1622 4336 Ceterum
1646 4280 1736 4335 omnis
1752 4281 1814 4334 dies
1834 4280 1955 4335 Domini
1972 4287 2020 4351 est,

327 4383 410 4420 unam
430 4366 605 4437 agnoscimus
626 4366 816 4439 propeccatis
835 4366 976 4431 omnibus,
1001 4374 1058 4423 tam
1076 4367 1158 4440 origi-
1186 4369 1276 4420 omnis
1298 4363 1381 4434 bora,
1405 4383 1483 4421 omne
1503 4375 1610 4436 tempus
1629 4368 1722 4422 habile
1742 4368 1887 4439 baptismo.
1889 4368 1906 4436 )
1941 4367 2021 4443 Idem
2088 4374 2090 4392 ¹

326 4452 381 4507 nali
407 4470 491 4524 quam
514 4454 671 4510 actualibus
688 4454 905 4510 sadsfactionem
923 4471 941 4508 a
957 4453 1066 4510 Christo
1080 4473 1159 4527 prae-
1186 4453 1311 4509 referunt
1327 4452 1448 4510 Basilius
1479 4453 1507 4507 in
1537 4452 1672 4509 exhortet.
1702 4454 1738 4508 ad
1761 4452 1838 4525 bapt.
1868 4452 2020 4527 Gregorius

325 4539 428 4608 etitem,
447 4558 464 4595 a
482 4557 538 4612 qua
555 4540 716 4613 longissime
734 4540 840 4595 distant
857 4540 1060 4598 ecclesiasticae
1080 4542 1159 4596 satis·
1184 4541 1287 4597 Turon.
1311 4535 1358 4595 hb.
1380 4547 1419 4600 to.
1443 4540 1506 4595 hist
1523 4539 1698 4603 ¹Ambrosius
1723 4558 1802 4597 serm.
1823 4546 1865 4597 bl.
1881 4539 2020 4613 Hierony·

325 4627 467 4698 sactiones,
489 4644 561 4698 quae
578 4646 634 4683 non
652 4634 716 4684 sunt
734 4628 861 4684 meritum
878 4628 1047 4685 remissionis
1066 4646 1158 4685 coram
1183 4646 1245 4683 mus
1274 4628 1304 4682 in
1336 4626 1415 4700 epist.
1445 4628 1481 4683 ad
1506 4626 1666 4684 Pammach.
1709 4627 1885 4700 Augustinus
1908 4627 1957 4683 lib.
1983 4627 2018 4684 de

325 4715 400 4781 Deo,
431 4715 479 4769 sed
505 4731 570 4785 pars
598 4714 761 4785 disciplinae
788 4715 1000 4773 ecclesiasticae.
1042 4716 1159 4787 Propter
1184 4732 1251 4771 cura
1269 4733 1321 4787 pro
1343 4713 1458 4769 mortuis
1479 4732 1503 4769 c.
1524 4721 1563 4771 lt.
1586 4713 1656 4771 Inde
1680 4719 1789 4787 tempus
1807 4714 1877 4769 illud
1895 4714 2018 4786 appella·

325 4808 471 4874 peccatum
499 4801 635 4876 originale
657 4802 761 4856 nnllam
787 4801 877 4858 animo
902 4803 1043 4859 tristitiam
1068 4803 1158 4859 conei-
1182 4807 1249 4856 runt
1266 4802 1374 4856 lumina
1391 4817 1440 4856 seu
1458 4808 1565 4871 tempus
1584 4800 1948 4873 luminariumahaptismi
1965 4802 2017 4855 sci·

324 4888 455 4960 piendam
473 4904 533 4945 esse
555 4887 681 4960 ignotum
698 4888 753 4943 iuit
770 4889 887 4959 Doridi,
915 4891 966 4959 qui
985 4892 1015 4944 r'n
1030 4892 1158 4961 pereatis
1182 4886 1248 4942 licet
1264 4887 1416 4955 beneficio,
1435 4886 1511 4959 quod
1530 4885 1666 4958 baptizati
1684 4904 1702 4941 a
1717 4886 1823 4958 Spiritu
1841 4890 1937 4942 sancto
1955 4886 2017 4942 illu·

325 4993 354 5031 se
373 4983 535 5044 conceptum
553 4992 612 5031 esse
631 4973 792 5047 gravissime
811 4976 987 5047 conqueritur
998 4976 1100 5032 Psalm
1115 4984 1156 5048 51,
1184 4972 1336 5045 minentur,
1368 4992 1424 5047 qno
1450 4981 1579 5046 respectu
1605 4974 1665 5045 ipss
1691 4972 1846 5045 baptismus
1872 4974 2018 5046 perrupit

324 5083 349 5120 v.
371 5071 394 5120 7.
413 5064 538 5135 ignotum
557 5062 611 5119 fuit
628 5063 733 5135 Moysi,
756 5065 806 5133 qui
824 5065 1015 5118 absconditum
1032 5072 1156 5119 nostrum
1184 5060 1345 5117 dictusfuit.
1364 5061 1453 5118 Nocte
1462 5059 1673 5134 epiphaniorum
1681 5060 1839 5132 baptizatos
1848 5060 2016 5133 essemultos

324 5154 354 5207 in
373 5153 476 5207 lumine
492 5151 586 5205 vultus
603 5151 695 5206 diuini
710 5151 849 5206 collocari
865 5152 1045 5221 conqueritur
1054 5152 1156 5211 Psalm.
1183 5147 1346 5219 Carthagini
1370 5147 1399 5202 in
1421 5148 1543 5203 Basilica
1559 5147 1658 5203 Fausti
1676 5147 1761 5203 refert
1777 5146 1876 5203 Victor
1891 5146 2016 5203 Vitensis

325 5246 367 5310 90,
386 5258 412 5296 v.
432 5245 456 5296 8.
474 5239 600 5312 ignotum
619 5237 673 5293 fuit
688 5238 786 5303 Paulo,
804 5240 854 5308 qui
869 5246 1016 5308 peccatam
1028 5238 1058 5293 in
1071 5255 1156 5294 earne
1181 5235 1230 5292 lib.
1248 5240 1272 5290 2.
1296 5236 1326 5288 in
1350 5241 1487 5306 persecut.
1505 5233 1669 5291 Vandalica.
1705 5232 1838 5300 Quamvis
1864 5238 1957 5289 autem
1974 5253 2015 5291 re·
2029 5242 2065 5285 ΙΙ.
2075 5243 2120 5284 2⁹1.

325 5345 377 5381 suu
396 5326 525 5380 babitare
543 5327 617 5379 serio
636 5325 791 5393 inpomiscit
825 5324 904 5380 Rom.
923 5332 946 5390 l,
966 5344 991 5382 v.
1015 5331 1054 5384 17.
1182 5327 1280 5394 spectu
1303 5322 1564 5378 catechumenorum
1587 5341 1621 5378 ex
1641 5322 1801 5379 ethnicismo
1819 5322 1856 5376 ad
1877 5319 2016 5378 Christum

267 5438 311 5477 uo-
361 5416 420 5468 243.
460 5410 528 5481 Cap.
556 5418 579 5466 5.
622 5416 739 5466 conatur
767 5411 952 5466 Bellarminus
990 5412 1158 5483 respondere
1183 5425 1376 5465 conversorum
1401 5410 1555 5466 observatio
1579 5409 1654 5464 illius
1682 5407 1812 5480 temporis
1837 5426 1893 5464 non
1912 5409 2015 5464 sitim·

266 5487 304 5581 „²1¹
325 5498 528 5572 objectionibus
555 5498 735 5571 quibusdam,
759 5500 809 5554 sed
833 5500 979 5556 manifeste
996 5500 1065 5571 petit
1084 5500 1158 5570 prin·
1181 5496 1341 5569 probanda,
1364 5502 1457 5551 umen
1478 5485 1520 5551 xad
1538 5504 1647 5567 tempus
1663 5495 1732 5550 illud
1748 5493 1903 5566 baptismus
1921 5512 2015 5550 eorum

266 5596 313 5635 stt·
326 5586 445 5659 cipium3
473 5587 616 5659 generales
637 5586 797 5657 Scripturas
824 5586 974 5643 sententias
994 5592 1102 5641 tanturn
1121 5585 1157 5641 ad
1183 5600 1239 5640 non
1268 5589 1310 5640 est
1339 5582 1464 5655 praecise
1491 5581 1719 5657 adstringendae,
1748 5598 1800 5637 nec
1823 5580 1961 5637 infantum
1983 5600 2017 5639 ex

266 5709 281 5740 ι,
326 5674 435 5730 adultos
454 5672 483 5727 in
502 5674 619 5731 ecclesia
636 5672 826 5746 restringendo
844 5691 877 5730 ac
892 5693 942 5746 pro
963 5674 1029 5747 igne
1045 5645 1344 5744 aeternolparentibos
1364 5658 1528 5727 Christianis
1553 5675 1679 5725 natorum
1705 5667 1859 5740 baptismus
1883 5668 1919 5724 ad
1947 5668 2016 5723 illud

376 5768 539 5811 eumuna
563 5770 599 5813 Ili.
1653 5776 1685 5826 25
