4800 6659
413 457 474 515 210
1014 445 1138 505 Locus
1154 442 1326 504 DECIMUS
1342 444 1520 504 OCTAVUS

284 600 356 691 m·
413 603 522 658 animae
534 603 738 672 characterem,
756 619 838 674 quem
857 619 907 657 nos
925 619 977 657 nec
995 600 1157 671 Scripturas
1174 599 1250 654 testi·
1279 600 1438 656 Alexander
1461 598 1574 654 Alensis
1598 605 1623 654 t.
1646 603 1716 652 sent.
1736 596 1800 654 dist.
1818 601 1842 652 d.
1860 594 1953 650 varias
1970 591 2113 663 opiniones

284 704 400 793 ssffi‘m'
413 689 512 744 moniis
538 706 590 744 nec
614 689 767 744 rationibus
788 687 963 743 evidentibus
981 687 1094 758 probari
1111 702 1193 757 posse
1210 685 1250 740 di·
1276 687 1382 750 recitat,
1402 687 1462 757 ipss
1478 702 1539 740 eam
1556 685 1747 755 amplectitur,
1771 682 1846 754 quod
1866 681 1904 736 sit
1923 680 2047 752 qualitas
2066 678 2113 735 ab·

412 775 507 832 cimus.
540 775 671 839 Quamvis
700 774 772 830 euim
803 781 825 830 1.
845 792 901 828 uon
917 791 1062 844 negemus,
1080 773 1248 842 baptismum
1275 773 1380 842 soluta,
1414 788 1496 844 quern
1524 778 1679 843 sequuntur
1702 770 1825 826 Thomas
1853 776 1882 825 et
1907 769 2113 824 Βοιιανοιιῐιιη

412 878 429 916 a
454 878 532 917 saera
553 877 640 915 coena
664 860 746 915 ctiam
774 877 824 930 per
847 860 898 915 hoc
924 861 1087 930 adjunctum
1106 860 1248 929 distingui,
1275 860 1370 914 Monet
1394 866 1487 913 autem
1507 858 1629 913 Thomas
1646 876 1674 929 p.
1695 864 1719 915 3.
1745 875 1772 928 q.
1792 863 1834 913 63.
1858 862 1911 912 art.
1931 861 1956 912 2.
1977 853 2113 925 quosdam

410 948 486 1018 quod
508 947 555 1002 ille
579 947 664 1002 semel
683 954 805 1012 tanturn,
829 945 899 1001 haec
917 952 1009 1001 autem
1028 946 1137 1015 saepius
1157 945 1247 999 eidem
1275 945 1413 1015 posuisse,
1438 944 1513 1017 quod
1531 943 1675 999 character
1694 944 1730 998 sit
1747 944 1776 997 iu
1794 949 1896 1015 quarta
1914 939 2008 1010 specie
2027 938 2113 1010 quali·

409 1031 513 1088 homiui
540 1033 726 1102 ministretur,
758 1040 851 1087 tamen
878 1049 989 1087 causam
1016 1032 1099 1102 hujus
1125 1032 1165 1085 rei
1191 1048 1247 1085 non
1273 1031 1347 1098 tatis,
1367 1030 1510 1101 quosdam,
1532 1031 1606 1102 quod
1626 1031 1662 1083 sit
1681 1030 1710 1083 in
1728 1028 1825 1099 prima.
1854 1027 1954 1081 Plures
1967 1023 2111 1096 opiniones

410 1119 568 1189 quaerimus
586 1119 615 1172 in
633 1119 684 1172 tali
704 1119 825 1189 quodam
839 1118 1009 1180 charactere,
1029 1118 1139 1189 qualem
1152 1118 1247 1172 Ponti·
1272 1123 1398 1171 recenset
1415 1116 1613 1170 Bouarcutura
1636 1115 1676 1169 sie
1694 1114 1767 1170 enim
1785 1113 1890 1167 scribit.
1909 1118 1935 1168 4.
1955 1117 2028 1166 sent.
2049 1109 2111 1164 dist

408 1202 465 1256 ficii
491 1209 631 1273 statuunt,
656 1204 705 1259 sed
733 1204 762 1257 in
780 1203 875 1257 divina
895 1204 1066 1257 institutione
1084 1221 1117 1257 ac
1135 1203 1248 1274 propria
1274 1207 1297 1255 6.
1311 1220 1337 1272 q.
1354 1208 1381 1256 1:
1402 1203 1544 1255 Dicemnt
1558 1201 1659 1269 aliqui,
1677 1201 1755 1269 quod
1771 1197 2111 1252 characteristicationsn

406 1289 505 1344 horum
525 1296 760 1345 sacramentorum
778 1297 879 1344 natura
897 1296 981 1360 atque
1000 1289 1062 1343 fine.
1101 1294 1125 1346 2.
1145 1289 1247 1353 Quam·
1273 1296 1314 1341 est
1344 1288 1428 1341 aliud
1452 1306 1536 1357 quam
1562 1287 1738 1356 censiqnatio
1766 1293 1792 1339 et
1817 1285 1965 1338 character
1981 1284 2059 1337 dem
2075 1289 2111 1335 ert

408 1376 450 1429 vis
475 1378 558 1430 etiam
582 1393 638 1429 non
661 1392 807 1445 negemus,
831 1375 967 1429 internam
991 1374 1094 1429 Christi
1119 1377 1247 1446 gratiam,
1273 1376 1350 1442 quod
1371 1374 1495 1441 siqnum,
1517 1381 1544 1427 ct
1563 1373 1615 1425 hoc
1633 1374 1741 1440 siqnum
1761 1371 1833 1424 nihil
1852 1371 1937 1424 addit
1956 1386 2048 1438 supra
2060 1384 2110 1436 pc·

409 1478 482 1532 quae
505 1462 615 1532 signum
631 1461 744 1532 aliquod
764 1460 909 1531 spirituale
928 1469 956 1516 et
976 1460 1120 1515 character
1139 1455 1375 1524 animaeitentias
1398 1461 1524 1525 animae,
1547 1459 1625 1528 quad
1647 1458 1684 1510 sit
1708 1457 1826 1525 quidam
1845 1456 2018 1522 ahsolutum,
2043 1455 2110 1507 sieut

409 1546 562 1616 impressus
585 1563 652 1600 sano
676 1564 760 1600 sensu
787 1547 842 1600 dici
868 1546 969 1616 possit,
997 1563 1048 1617 per
1074 1531 1323 1601 sacramenta'nec
1346 1554 1387 1599 est
1411 1547 1534 1614 ss'pnatio
1562 1547 1592 1598 in
1616 1545 1740 1612 circulo,
1764 1543 1840 1596 unde
1857 1551 1899 1596 est
1914 1559 1992 1611 pura
2010 1540 2109 1595 relatio

409 1631 539 1686 fidelibus
558 1632 675 1687 conferri
693 1639 721 1687 et
740 1632 895 1700 obsignari,
921 1638 1015 1686 tamen
1034 1649 1089 1686 non
1107 1632 1196 1703 magis
1214 1649 1247 1686 ex
1273 1631 1416 1702 (intelligit
1439 1637 1532 1687 autem
1555 1631 1753 1685 Bonareutura
1770 1628 1951 1692 Durandum,
1973 1626 2022 1698 qui
2040 1626 2070 1680 in
2085 1632 2107 1682 4.

410 1734 473 1782 uno,
492 1735 576 1787 quam
596 1734 630 1772 ex
649 1718 704 1772 allo
723 1718 821 1787 qaroris
839 1723 1019 1782 sacramento,
1039 1719 1179 1789 energiam
1197 1734 1247 1771 seu
1272 1724 1342 1773 sent.
1360 1718 1423 1773 dist.
1442 1725 1468 1773 4.
1489 1736 1516 1789 q.
1540 1723 1561 1773 l.
1581 1717 1660 1772 dicit:
1692 1718 1846 1770 Oliaracter
1864 1732 1920 1768 non
1938 1722 1980 1768 est
1999 1713 2109 1781 aliquid

410 1803 571 1873 qualitatem
593 1802 668 1857 illam
695 1803 868 1872 spiritualem
890 1804 1028 1873 proticisci
1051 1803 1350 1882 existimamus.,reule
1373 1805 1534 1857 distinctum
1557 1804 1593 1856 ab
1615 1804 1725 1868 anima,
1750 1803 1804 1855 aed
1825 1801 1903 1855 scius
1924 1799 2051 1853 rationis
2068 1813 2107 1851 re

409 1886 506 1943 Placet
529 1888 615 1959 igitur
637 1889 717 1942 nobis
742 1889 812 1944 illud
836 1889 922 1944 Bielis
939 1889 987 1943 lib.
1005 1895 1028 1944 l.
1048 1895 1118 1944 sent.
1137 1889 1199 1944 dist.
1220 1889 1389 1959 dispectus.
1430 1889 1529 1945 Scotus
1551 1889 1612 1944 vult
1634 1905 1695 1943 esse
1714 1888 1879 1942 relationem
1897 1886 2042 1953 realem),
2060 1885 2108 1938 sed

410 1991 437 2045 q.
458 1980 485 2028 l:
509 1975 619 2027 Nomen
637 1974 786 2027 character
803 1994 858 2029 nan
878 1983 918 2029 cst
936 1976 1052 2028 inultum
1063 1974 1198 2028 usitatum
1216 1975 1246 2027 in
1272 1978 1349 2031 iilud
1368 1994 1424 2029 non
1440 1985 1532 2045 potest
1548 1986 1632 2045 stare,
1651 1976 1718 2046 quia
1731 1975 1878 2028 character
1894 1973 1967 2027 dicit
1986 1970 2107 2040 aliqum

411 2061 563 2129 Scriptura
586 2078 635 2113 nec
661 2063 742 2128 optat
761 2062 916 2129 criqinales
940 2063 1106 2130 scriptores,
1134 2079 1167 2116 cx
1190 2079 1246 2133 quo
1273 2063 1505 2115 assimilationem
1523 2071 1549 2116 et
1566 2062 1815 2130 confiqurationem
1833 2060 1874 2112 acl
1891 2058 2044 2122 Christum,
2062 2057 2108 2111 sed

410 2154 507 2218 postea
525 2145 625 2200 format
640 2145 712 2200 banc
730 2146 948 2204 conclusionem:
968 2148 1166 2201 Characterem
1186 2164 1247 2201 esse
1258 2139 1261 2186 3
1273 2148 1328 2202 illa
1344 2149 1514 2203 assimilatio
1525 2150 1674 2215 fundatur
1690 2164 1775 2217 super
1787 2146 1952 2216 qualitatem
1965 2150 2019 2201 etc.
2042 2143 2108 2198 Prc

405 2235 581 2302 ponendum,
612 2249 661 2285 nec
685 2234 761 2285 ratio
789 2235 950 2287 necessaria
981 2236 1167 2302 demonstrat,
1196 2251 1247 2287 nec
1269 2242 1369 2302 pterea
1384 2235 1520 2288 dicerunt
1532 2235 1631 2303 aliqui,
1649 2235 1726 2302 quod
1743 2233 1796 2286 etsi
1813 2231 1959 2285 character
1975 2231 2054 2284 (licat
2069 2244 2108 2283 re·

410 2321 523 2373 euidens
542 2321 697 2373 auctoritas
711 2321 824 2389 prohat.
864 2322 965 2374 Omnes
984 2338 1103 2389 namque
1123 2321 1247 2374 auctori·
1258 2335 1261 2370 1
1272 2321 1415 2388 lationem,
1429 2320 1508 2373 diem
1520 2320 1870 2388 nihilominusqualitatem
1884 2318 2021 2387 aliqrsam,
2028 2332 2107 2386 super

410 2414 482 2460 tates
499 2423 535 2458 ea
544 2408 692 2473 Dionysio,
713 2407 880 2474 Anqustino,
900 2408 1088 2475 Damascene,
1103 2381 1356 2484 Maqistrolquam
1370 2407 1532 2474 fundatur,
1557 2407 1621 2459 ideo
1636 2412 1795 2474 posuerunt
1811 2404 2004 2458 characterem
2022 2403 2052 2458 in
2071 2417 2106 2455 rs·

410 2492 606 2561 (Lcmhardo)
623 2494 765 2546 adductae
782 2509 845 2545 cere
864 2500 891 2545 et
908 2494 999 2561 maqis
1015 2494 1187 2561 pertinenter
1207 2494 1368 2556 adicienda
1385 2493 1477 2561 specie
1496 2492 1650 2561 qualitatis.
1683 2490 1743 2544 Sed
1755 2491 1833 2544 illud
1848 2507 1904 2544 non
1919 2495 2106 2559 potestatam,

410 2586 527 2632 mentem
550 2578 714 2647 ponentium
740 2585 914 2646 exponantur
939 2579 975 2630 de
999 2579 1176 2647 baptismatis
1201 2594 1247 2630 aa·
1274 2579 1343 2646 quia
1360 2578 1416 2631 ista
1436 2585 1477 2631 est
1492 2578 1634 2630 naturalis
1646 2577 1779 2645 potentia
1793 2577 1837 2631 uel
1851 2576 2025 2645 impotentia,
2040 2590 2107 2645 quas

411 2672 553 2718 eramenta
570 2672 620 2717 aut
637 2666 736 2729 forma
753 2663 968 2726 sacramentali,
992 2681 1076 2731 quam
1097 2666 1133 2716 cle
1150 2664 1249 2732 aliquo
1275 2664 1452 2733 consequitur
1470 2670 1611 2717 naturam.
1634 2663 1792 2716 Praeterea
1813 2662 1866 2716 alii
1879 2663 2020 2730 dicerunt,
2038 2660 2109 2731 quad

411 2750 530 2804 realiter
556 2750 668 2801 animae
686 2749 831 2818 impresso.
867 2750 939 2803 Item
959 2749 1046 2815 illud,
1065 2751 1143 2818 quod
1158 2749 1250 2803 solum
1275 2751 1422 2803 character
1438 2766 1494 2802 non
1511 2756 1618 2802 tantum
1636 2749 1673 2802 sit
1684 2750 1726 2801 ad
1738 2748 1951 2817 disponendum,
1964 2748 2018 2801 sed
2029 2747 2107 2801 dian

413 2836 551 2904 dependet
578 2851 611 2887 ec
630 2835 772 2894 voluntate
796 2835 894 2887 diuina
913 2836 1099 2902 continpcnter
1118 2844 1145 2889 et
1162 2836 1250 2889 libere
1261 2849 1264 2898 Ι
1276 2833 1887 2904 addistinpuendum,ideoquesitpareihrlis
1894 2834 2037 2902 quaedam
2044 2849 2107 2902 qua·

412 2928 562 2986 causante,
586 2938 643 2972 non
661 2927 754 2988 potest
772 2921 895 2989 probari
915 2922 1026 2974 ratione
1042 2922 1173 2975 naturali
1191 2938 1250 2975 esse
1275 2924 1343 2977 litas
1360 2923 1390 2975 in
1408 2922 1494 2975 tertia
1513 2922 1604 2990 specie
1622 2921 1777 2990 qualitatis.
1810 2918 1868 2974 Sed
1883 2920 1961 2974 illud
1977 2936 2035 2973 non
2048 2924 2107 2988 pot·

411 3006 456 3060 rel
478 3022 533 3059 non
555 3022 613 3059 esse
630 3006 687 3058 nisi
705 3006 768 3059 ecla
786 3006 973 3074 asperientia5
996 3007 1079 3060 nulia
1096 3016 1187 3061 autem
1207 3024 1250 3060 ea·
1276 3016 1316 3062 est
1332 3018 1424 3078 stare,
1442 3008 1511 3077 qaia
1527 3025 1583 3060 non
1602 3008 1707 3060 dicitm
1718 3007 1866 3076 passibilis
1883 3006 2022 3075 qualitas,
2041 3020 2108 3075 quas

408 3091 552 3161 perientia
567 3091 673 3161 prohat
689 3091 877 3145 characterem
893 3108 962 3160 esec,
981 3094 1049 3161 quia
1067 3095 1162 3148 omnia
1178 3107 1264 3162 quaa·
1282 3096 1364 3160 'riseri
1379 3095 1540 3164 passionem
1556 3095 1653 3147 sensui
1662 3093 1795 3147 interiori
1804 3093 1848 3147 sei
1862 3092 2025 3147 intellectui.
2049 3090 2110 3147 Alii

413 3176 461 3230 illi
484 3177 687 3246 attribuuntur,
713 3194 800 3246 aeque
826 3179 973 3232 solvuntur
996 3180 1056 3233 sine
1078 3181 1250 3248 charactere,
1276 3182 1419 3250 dicerunt,
1450 3181 1528 3250 qued
1556 3181 1703 3233 character
1731 3179 1861 3248 importet
1883 3181 2030 3248 quandam
2049 3195 2107 3234 cca·

412 3264 485 3318 sicut
507 3281 568 3317 cum
588 3264 758 3320 charactere.
794 3264 864 3317 Item
886 3265 981 3318 omnia
999 3265 1054 3318 itia
1072 3266 1264 3338 inveniuntur¹
1274 3268 1485 3337 fiqurmicnm,
1510 3267 1629 3335 ideoque
1652 3267 1690 3319 sit
1708 3266 1740 3319 in
1758 3273 1860 3335 quarta
1878 3265 1972 3333 speeie
1989 3265 2107 3335 qualita-

412 3349 443 3404 in
461 3350 633 3404 eucharistia
650 3358 676 3403 et
693 3350 912 3406 circumcisione.
940 3350 1005 3405 Huc
1024 3351 1169 3406 reserenda
1185 3343 1325 3438 sortitis,
1352 3370 1424 3424 qaae
1444 3361 1484 3407 est
1504 3355 1608 3421 farma
1634 3360 1659 3406 et
1684 3353 1763 3406 circa
1781 3352 1832 3407 hcc
1848 3351 1963 3420 aliquid
1980 3360 2107 3406 cosmas

413 3452 447 3492 ea
474 3434 743 3507 quaeBellarminas
765 3436 812 3491 lib.
840 3442 864 3491 2.
890 3436 925 3491 ds
952 3453 1067 3492 sacram.
1090 3454 1113 3492 c.
1133 3443 1173 3493 19.
1186 3449 1315 3550 pro-lest
1332 3442 1432 3508 fiqura.
1470 3440 1530 3494 Sed
1545 3441 1623 3494 istud
1641 3458 1697 3494 non
1712 3440 1825 3493 ridetur
1836 3453 1923 3508 posse
1940 3445 2027 3504 stare,
2045 3437 2107 3507 quia

413 3540 471 3594 pos.
496 3528 521 3578 2.
547 3539 581 3577 ex
598 3521 734 3577 Durando
758 3522 867 3577 scribit:
893 3525 1053 3580 Derasidas
1077 3523 1137 3591 (ait)
1161 3527 1250 3592 docet,
1276 3528 1461 3596 confiqurctio
1487 3527 1517 3580 in
1540 3526 1736 3597 spiritualibus
1759 3543 1815 3579 non
1839 3524 2000 3579 estsimilis
2020 3523 2107 3580 terrai·

367 3622 370 3628 ’
413 3608 603 3661 characterem
621 3624 679 3660 esre
696 3624 745 3660 ens
763 3608 897 3676 rationes,
919 3609 952 3661 ici
972 3618 1012 3662 cst
1028 3617 1181 3679 respectum
1198 3612 1250 3664 ad·
1275 3631 1375 3667 aarum
1401 3613 1554 3678 clausmni,
1585 3613 1638 3665 sed
1663 3620 1704 3665 est
1728 3611 1922 3666 similitudinis
1953 3612 2107 3681 impressio.

412 3695 564 3747 venientem
582 3711 614 3746 ea
630 3694 811 3761 deputatione
829 3695 871 3747 ad
888 3697 1138 3764 certumofficium,
1155 3697 1250 3764 qualis
1276 3701 1342 3753 Alii
1360 3716 1426 3767 erqo
1450 3700 1594 3766 damnant,
1616 3699 1693 3766 quod
1708 3715 1764 3750 non
1781 3699 1863 3751 sitin
1878 3698 1969 3766 specie
1985 3700 2107 3767 quadan

413 3788 454 3833 est
470 3779 573 3833 relatio
591 3780 621 3833 in
636 3780 810 3847 doctoribus,
829 3782 1010 3848 praetoribus
1029 3787 1081 3838 etc.
1100 3799 1171 3850 quae
1189 3801 1250 3836 sen·
1276 3787 1437 3855 qualitates,
1463 3788 1514 3839 aed
1540 3785 1665 3854 qrealitas
1691 3782 1794 3849 infusa.
1841 3784 1899 3839 Sed
1923 3784 1975 3838 hoc
2000 3784 2108 3840 nanu
2138 3841 2141 3848 ,

413 3867 501 3920 untia
515 3866 562 3920 ria
580 3866 762 3934 distinquitur
778 3866 814 3919 ab
831 3867 943 3920 leemosi
953 3868 1037 3936 hujus
1050 3869 1181 3937 temporis
1197 3876 1249 3926 etc.
1276 3889 1411 3942 quaerere
1434 3874 1536 3940 fuqam
1553 3876 1604 3925 etc.
1643 3870 1803 3923 Dicendum
1826 3870 1927 3938 iqitur,
1950 3871 2031 3939 quod
2046 3871 2108 3925 cha·

414 3952 562 4007 Haeretici
579 3953 652 4006 enim
670 3970 727 4005 non
744 3961 853 4019 neqant,
873 3953 940 4022 quin
958 3956 995 4006 sit
1012 3955 1110 4023 aliqua
1129 3956 1250 4010 rationis
1275 3967 1369 4011 racter
1390 3960 1426 4011 sit
1445 3958 1557 4011 habitas
1573 3974 1629 4010 non
1646 3957 1760 4025 quidem
1773 3956 1894 4026 proprie
1906 3964 1996 4025 prout
2011 3958 2108 4012 dictis·

413 4040 524 4094 relatio
538 4041 569 4093 in
589 4039 741 4103 ministris,
763 4057 834 4108 quac
853 4058 908 4094 non
925 4041 1009 4094 sitin
1028 4042 1110 4110 aliis,
1128 4044 1178 4111 qui
1193 4062 1249 4097 non
1261 4085 1263 4098 .
1275 4046 1370 4114 quitur
1381 4034 1492 4099 'contra
1510 4043 1735 4112 dispositionem,
1759 4046 1812 4097 secl
1828 4045 2011 4099 communiter
2025 4052 2109 4115 prout

414 4134 477 4179 sunt
495 4128 623 4196 deputati
639 4128 681 4180 ad
700 4126 924 4179 ministrandum.
963 4125 1062 4182 Scotus
1083 4128 1112 4181 in
1132 4135 1154 4184 t.
1181 4134 1257 4184 sont.-
1275 4139 1420 4200 utrumque
1443 4130 1662 4199 comprehendit,
1689 4131 1796 4184 scilicet
1819 4146 1926 4185 omnem
1944 4131 2109 4199 qualitatem

416 4211 479 4268 dist.
498 4218 522 4269 6.
541 4231 567 4284 q.
581 4220 605 4268 9.
623 4211 757 4285 agnoscit,
772 4213 808 4265 de
829 4212 993 4265 charactere
1010 4214 1041 4266 in
1057 4215 1148 4267 sacris
1158 4214 1250 4268 literis
1276 4218 1388 4271 animae
1407 4216 1599 4285 disponente-m
1623 4216 1681 4269 sire
1694 4216 1791 4283 facile
1809 4216 1937 4270 mobilem
1954 4217 2013 4271 sice
2032 4216 2108 4281 diffi-

414 4300 497 4353 nulla
514 4307 621 4352 maara
640 4299 805 4363 testimonia,
826 4297 935 4353 interim
953 4306 1046 4355 tammr
1064 4300 1099 4354 ob
1117 4283 1402 4370 ecclcsiae'ciiemive
1409 4303 1568 4370 perfectam
1578 4302 1635 4354 sire
1646 4301 1851 4370 imperfectam.
1872 4301 2109 4357 Charactereniat

415 4385 608 4440 auctoritatem
623 4386 793 4441 credendum
810 4391 899 4454 putat.
1276 4389 1345 4457 quia
1363 4396 1403 4441 ert
1420 4396 1579 4458 perpetuus,
1597 4389 1661 4442 ideo
1678 4396 1718 4442 est
1734 4389 1862 4458 halam
1880 4389 1950 4457 quia
1962 4390 2109 4460 nonperfi·

288 4472 385 4514 ⁸⁰¹¹stst-
438 4476 492 4527 <96.
526 4471 656 4527 Ceterum
682 4473 716 4526 de
743 4472 903 4525 charactere
930 4470 970 4523 sio
998 4469 1141 4541 disputant
1167 4471 1321 4546 &ho-{cit
1337 4476 1389 4528 sed
1401 4475 1525 4542 disponit
1538 4476 1580 4528 acl
1589 4475 1751 4528 ulteriorem
1766 4475 1970 4544 perfectionem
1989 4475 2110 4545 pretias,

282 4525 403 4638 hhltlcthl’.
416 4555 522 4611 laetici:
546 4564 566 4614 1.
586 4557 666 4620 Quod
684 4557 720 4610 sit
737 4556 889 4627 spiritualis
907 4557 1044 4626 quaedam
1061 4557 1181 4627 qualitas
1193 4560 1251 4612 sni·
1277 4563 1341 4615 ideo
1361 4569 1401 4613 est
1419 4561 1575 4631 dispositio.
1613 4560 1692 4615 Haec
1711 4560 1803 4615 omnia
1820 4561 2034 4631 amavorum,
2053 4560 2111 4634 qui·

287 4627 382 4668 tuem-
417 4659 486 4699 mae.
530 4650 552 4699 2.
578 4642 660 4707 Quod
688 4643 718 4697 in
743 4641 833 4696 tribus
859 4649 967 4697 tantum
996 4645 1175 4699 sacramentis
1201 4645 1251 4699 im·
1276 4647 1329 4701 bus
1365 4656 1421 4701 non
1456 4646 1630 4701 obstantibus
1665 4646 1790 4716 disputat
1818 4646 1879 4702 Biel
1910 4647 1930 4703 l.
1963 4648 1991 4706 d.
2024 4663 2110 4717 aeque

288 4681 381 4771 ἱππέα
416 4729 568 4801 primatur,
599 4729 728 4784 videlicet
752 4730 781 4783 in
807 4728 963 4798 baptismo,
993 4728 1198 4786 confirmatione
1223 4740 1251 4787 et
1272 4734 1460 4804 probabiliter
1472 4734 1592 4798 defendi
1601 4749 1694 4802 posse,
1708 4735 1785 4802 meod
1796 4733 1944 4790 character
1954 4734 1992 4787 sit
2006 4732 2110 4788 relatis

286 4788 403 4877 illidere.
416 4817 526 4886 ordine3
552 4815 687 4871 rationem
719 4816 827 4870 addunt
848 4816 933 4884 banc,
964 4817 1031 4887 quis
1049 4816 1191 4873 character
1209 4827 1251 4874 est
1277 4822 1425 4891 quaedam,
1444 4837 1527 4888 qnam
1545 4821 1620 4888 quod
1635 4819 1964 4890 sitahsolutaquaedam
1977 4821 2109 4890 quadras.

416 4903 554 4974 quaedam
582 4901 733 4972 spiritualis
761 4908 884 4971 potestas
914 4903 951 4957 ad
981 4903 1120 4975 agendum
1144 4905 1250 4976 aliquid
1277 4913 1301 4961 2.
1320 4905 1495 4961 Dissentiunt
1522 4905 1605 4959 etiam
1629 4905 1665 4958 de
1683 4904 1809 4975 subjecto
1829 4904 2004 4963 characteris.
2044 4905 2110 4972 Qui·

415 4988 569 5043 secundum
593 4993 699 5042 certum
724 4993 839 5056 statum,
857 4990 917 5059 jam
937 5006 1002 5045 vcro
1021 4990 1118 5044 saltem
1137 4990 1192 5045 tria
1203 4987 1264 5084 ss¹⁸l
1277 4987 1341 5047 dam
1360 4992 1433 5047 enim
1445 4991 1579 5058 dixerunt,
1599 4989 1674 5060 quod
1688 4989 1833 5046 character
1844 4991 1879 5046 sit
1890 4992 1918 5045 in
1931 4997 1991 5047 tota
2002 4992 2107 5062 animm

415 5081 588 5130 sacramenta
611 5080 719 5144 ponunt
737 5073 875 5128 hominem
895 5075 931 5129 ad
952 5081 1058 5132 certum
1076 5082 1194 5144 statum,
1214 5078 1250 5132 ad
1261 5101 1264 5156 ἑ
1277 5079 1397 5150 quidam,
1411 5078 1485 5149 quod
1497 5077 1526 5130 in
1539 5076 1679 5148 cognitiva
1691 5081 1811 5147 propter.
1818 5078 1952 5133 rationem
1965 5078 2109 5149 signandi3

415 5160 529 5230 aliquod
558 5159 704 5230 spirituale
734 5159 903 5214 exercitium.
948 5167 972 5216 3.
999 5160 1080 5226 Quod
1108 5162 1188 5217 detur
1214 5165 1249 5219 ad
1276 5164 1405 5236 quidam,
1436 5162 1510 5234 quod
1540 5162 1577 5217 sit
1602 5162 1631 5217 in
1660 5163 1815 5233 voluntate,
1847 5163 1914 5236 quia
1933 5163 2058 5235 disponit
2074 5162 2110 5219 ad

415 5245 639 5317 significandum,
653 5264 717 5301 cum
737 5245 774 5298 sit
791 5245 902 5315 signum
922 5248 1122 5302 sacramentale
1141 5249 1177 5303 ad
1195 5250 1250 5303 dis·
1276 5250 1435 5315 caritatem
1462 5249 1589 5319 quidam,
1619 5250 1694 5320 quod
1727 5248 1756 5302 in
1778 5256 1838 5304 tota
1857 5249 1978 5320 imagine
1997 5255 2111 5320 proptu

414 5334 588 5403 ponendum,
618 5332 686 5404 quia
710 5331 833 5402 disponit
858 5332 894 5385 ad
923 5333 1042 5403 gratiam
1071 5339 1182 5405 gratum
1209 5335 1410 5391 fri-hattonem
1435 5334 1642 5405 configurandi,
1668 5334 1742 5404 quod
1768 5335 1944 5406 amplectitur
1967 5335 2110 5392 Bonaren

376 5470 379 5479 ,
414 5418 542 5486 cientem,
580 5419 617 5473 sd
650 5417 871 5485 assimilandum,
911 5418 977 5488 quia
1014 5420 1169 5491 configurat
1200 5440 1250 5477 nos
1276 5429 1340 5477 tura
1358 5422 1433 5476 dicto
1452 5421 1514 5475 loco
1533 5439 1560 5491 q.
1573 5426 1598 5476 3.
1628 5420 1683 5474 Sed
1702 5420 1822 5476 Thomas
1842 5439 1869 5493 p.
1883 5427 1907 5477 ³.
1921 5440 1948 5493 q.
1962 5428 2004 5479 63.
2017 5429 2069 5479 art.
2085 5429 2110 5479 t.

415 5503 526 5559 Christo
545 5511 573 5560 ct
589 5506 626 5560 ad
642 5504 878 5576 distinguendum,
896 5503 962 5574 quia
978 5504 1014 5558 ab
1033 5505 1094 5559 aliis
1111 5507 1250 5564 hominem
1276 5514 1374 5563 conns
1403 5507 1514 5575 statuit,
1543 5507 1695 5575 srrbjectam
1712 5508 1850 5576 recipiens
1865 5508 2039 5563 characteris
2056 5525 2111 5563 aare

415 5589 570 5661 distinguit.
614 5597 638 5646 t.
657 5590 739 5655 Quod
769 5589 913 5645 character
943 5588 991 5642 ille
1021 5590 1057 5644 sit
1085 5592 1250 5650 indelehihs.
1276 5612 1336 5649 esse
1363 5595 1474 5648 animae
1487 5593 1657 5663 potentiam,
1682 5596 1734 5647 red
1752 5595 1814 5662 ejus
1831 5595 1988 5650 essentiam.
2022 5600 2050 5653 3.
2066 5593 2112 5650 Dc

415 5672 592 5731 Dissentiunt
622 5683 715 5733 sutem
764 5684 785 5733 t.
822 5676 856 5731 de
886 5673 1043 5746 quidditats
1074 5677 1250 5738 characteris.
1277 5679 1369 5736 causis
1400 5679 1551 5751 excogitati
1577 5679 1745 5735 characteris
1772 5679 1832 5736 Biel
1855 5688 1879 5737 t.
1903 5687 1972 5739 sent
1997 5681 2062 5741 dist.
2085 5686 2110 5738 t.
