4800 6659
374 449 434 512 ise
961 444 1092 517 ‚meus
1110 443 1281 504 atomus
1298 445 1475 504 octavus
1576 474 1578 477 ⁴

374 601 449 655 noris
476 599 584 656 fructus
609 599 682 657 ieret
705 618 756 673 pro
780 601 887 659 radone
909 603 1027 660 ministri
1052 602 1095 659 vel
1119 602 1364 680 magislminister
1389 601 1510 657 intendit
1535 616 1598 656 esre
1625 601 1781 673 beptr'scre,
1811 599 1879 656 lieet
1906 598 1941 655 eb
1971 597 2077 655 melun

374 688 419 741 vel
449 686 540 759 minus
569 686 677 744 intenti.
723 695 747 744 7.
775 688 804 745 Si
831 690 951 745 essentia
975 693 1224 773 sacramentorum,
1236 691 1334 755 finem.
1369 689 1595 761 Respondemus:
1621 687 1738 743 intentio
1757 685 1940 743 concionandi
1958 685 2006 741 rel
2021 702 2078 741 non

375 772 509 842 penderet
526 772 562 827 ab
580 773 733 827 intentione
751 773 869 829 ministri
886 775 1117 843 administrantis,
1142 776 1421 864 pen-3concionandi
1458 775 1623 831 tantundem
1660 774 1777 845 derogat
1810 770 1953 829 efficaciae
1987 770 2075 840 verbi,

376 858 454 914 deret
473 859 555 913 etiam
574 860 611 914 ab
632 860 785 915 intentione
802 863 987 932 suscipientis,
1006 863 1072 932 qnia
1091 862 1211 917 essentia
1237 866 1372 932 quantum
1406 860 1523 915 intentio
1558 859 1739 915 concionandi
1774 857 1810 913 ob
1841 858 1947 912 malum
1979 857 2072 912 finem.

375 952 608 1001 sacramentorum
629 947 754 1001 consistit
773 948 802 1001 in
822 948 946 1014 acdona,
971 949 1043 1004 actio
1064 948 1114 1002 illa
1137 963 1210 1002 com·
1223 921 1420 1027 iEvangelium
1444 954 1486 1001 est
1512 953 1539 1001 et
1559 954 1652 1002 manet
1670 945 1795 1016 potentia
1816 944 1870 998 Dei
1887 943 1925 998 ad
1944 943 2074 1013 salumin,

375 1031 507 1101 plectitur
532 1050 587 1087 non
614 1033 703 1087 solum
723 1032 819 1101 dicer,
847 1036 895 1088 scd
915 1036 998 1090 etiam
1018 1037 1112 1104 λῆψιν.
1148 1031 1261 1089 Nonlsi
1279 1032 1322 1087 vel
1340 1033 1458 1087 maxime
1477 1033 1603 1087 minister
1621 1049 1676 1086 non
1695 1030 1823 1086 intendet
1838 1030 2007 1085 concionari
2044 1027 2073 1084 si
2089 1040 2116 1074 Ρ

374 1117 474 1174 abnuit
507 1118 642 1189 Thomas,
678 1120 718 1174 sic
745 1120 818 1175 enim
846 1121 970 1192 disputat
995 1141 1022 1193 p.
1049 1126 1074 1175 ³.
1099 1138 1144 1192 qu
1169 1089 1379 1188 titiiabvertss,
1398 1118 1581 1174 intentionem
1601 1117 1784 1174 concionandi
1801 1133 1835 1171 ex
1853 1116 1914 1187 ipso
1931 1123 1999 1171 actn
2018 1130 2074 1169 ma

375 1207 426 1256 art.
445 1211 475 1258 l:
506 1206 603 1258 Etiam
627 1222 659 1259 ea
677 1214 764 1273 parte
787 1207 921 1276 baptizati
944 1208 1041 1261 adulti
1057 1208 1212 1277 requiritur
1237 1203 1366 1259 nifastem
1402 1220 1479 1274 esse,
1514 1204 1588 1258 idem
1624 1204 1660 1259 de
1696 1203 1827 1274 baptismi
1860 1204 1969 1258 wtione
2002 1201 2074 1256 dico.

374 1290 489 1343 intentio
516 1292 574 1344 siae
602 1292 732 1345 coluntur
755 1294 931 1361 suembieadi
952 1293 1128 1363 baptismum.
1165 1291 1212 1347 Sic
1238 1295 1263 1343 4.
1281 1292 1348 1344 Nou
1369 1298 1409 1344 est
1429 1292 1527 1345 eedem
1549 1292 1624 1344 ratio
1643 1291 1721 1344 serbi
1739 1290 1913 1345 concionalis
1933 1297 1959 1343 et
1975 1306 2074 1343 sacra·

373 1374 531 1430 Richardue
557 1384 581 1431 t.
606 1384 674 1431 sent.
705 1377 768 1431 dist.
793 1385 817 1434 6.
845 1388 896 1433 art.
926 1385 950 1435 2.
979 1397 1026 1450 qu.
1054 1384 1078 1434 ³.
1105 1378 1211 1446 statuit,
1238 1377 1380 1440 mentalis,
1403 1395 1468 1430 nam
1483 1377 1567 1430 rerba
1584 1378 1747 1431 concionum
1764 1384 1827 1429 sant
1845 1376 1930 1430 verda
1946 1374 2075 1446 specule-

374 1462 478 1533 requiri
497 1462 527 1516 in
545 1463 648 1517 adultis
665 1464 846 1520 intentionem
858 1465 1029 1535 suscipiendi
1042 1455 1309 1535 baptismnmlts'va,
1338 1479 1410 1531 quae
1437 1479 1493 1516 non
1514 1463 1640 1532 pendent
1667 1463 1702 1515 ab
1730 1463 1896 1529 intentione,
1921 1463 1976 1515 sed
1992 1459 2076 1514 serbe

375 1547 419 1602 rel
435 1548 463 1600 in
483 1555 546 1602 actu
566 1549 610 1604 rel
628 1549 656 1603 in
674 1550 778 1605 habitu.
815 1551 856 1605 At
875 1551 978 1622 eirpari
996 1551 1078 1605 modo
1096 1548 1470 1623 requiri-,recrementalim
1503 1566 1575 1617 quae
1608 1550 1644 1601 ab
1672 1549 1824 1603 intentione
1847 1550 1987 1618 pendent,
2012 1552 2075 1599 eunt

375 1640 421 1685 tur
439 1634 558 1688 intentio
578 1634 606 1688 in
625 1636 793 1707 suscipiente
810 1644 841 1691 ut
858 1638 887 1691 in
906 1637 1124 1704 administrante
1146 1654 1210 1691 con·
1224 1632 1226 1699 j
1233 1635 1375 1703 practica.
1408 1634 1632 1704 Respondemus:
1658 1634 1710 1689 hac
1737 1635 1771 1690 de
1794 1651 1825 1690 re
1842 1642 1941 1706 postea
1958 1632 2074 1688 niune

375 1735 493 1789 sequens
514 1727 564 1784 est,
584 1720 705 1776 infantes
722 1739 778 1776 non
796 1740 856 1778 esee
873 1723 1063 1794 baptizandos,
1080 1706 1226 1784 cumaeni
1238 1737 1308 1774 mue.
1343 1725 1370 1773 5.
1396 1722 1509 1786 Inferri
1530 1729 1627 1790 posset
1652 1738 1685 1775 ee
1710 1722 1804 1775 eodem
1821 1721 1985 1790 principie,
2011 1717 2074 1772 sela

376 1804 495 1860 afferant
512 1806 701 1876 intentionem,
718 1809 792 1879 quod
809 1809 882 1863 enim
903 1810 1035 1865 asseritur
1052 1809 1082 1863 in
1099 1798 1320 1877 adalmssverba
1343 1808 1476 1872 sufficere
1500 1808 1561 1861 tiae
1589 1826 1673 1877 actm.
1708 1806 1933 1877 Respondemus:
1961 1803 2074 1860 minime

375 1891 479 1962 requiri
498 1892 677 1949 intentionem
703 1895 739 1949 ad
757 1896 924 1951 sacramenti
941 1896 1138 1968 integritatem,
1155 1911 1212 1949 non
1223 1877 1225 1910 ¹
1238 1907 1316 1959 vero,
1336 1892 1385 1947 sed
1403 1908 1477 1963 aqua
1494 1899 1537 1948 est
1554 1893 1709 1949 essentialis
1727 1909 1792 1963 pars
1812 1892 1945 1963 baptismi
1962 1890 2073 1946 disertis

376 1985 469 2031 autem
488 1977 517 2031 in
539 1978 708 2049 infantibus,
733 1979 764 2032 id
784 1982 871 2050 gratie
889 1982 997 2036 dicitur.
1033 1982 1111 2037 Haec
1129 1999 1211 2052 argu·
1222 1969 1225 1984 ’
1237 1969 1401 2033 Dbminicae
1420 1979 1600 2035 institutionis
1614 1980 1707 2036 verbis
1724 1997 1861 2052 expressa,
1878 1979 1986 2051 absque
2002 1993 2075 2050 equs

377 2069 471 2117 menta
490 2063 675 2120 Bellarminus
696 2083 752 2119 non
773 2067 899 2139 attingit,
923 2067 1025 2123 format
1042 2076 1135 2123 autem
1155 2067 1212 2122 alia
1237 2062 1324 2134 igitm
1340 2081 1395 2120 non
1418 2073 1509 2137 potest
1530 2066 1717 2121 administrari
1735 2066 1903 2138 baptism,
1931 2066 1989 2120 8¹1⁸
2007 2080 2073 2119 *0²⁰

376 2151 514 2221 quaedam
543 2169 595 2222 pro
620 2159 729 2208 noemae
754 2155 909 2209 sententiae
935 2154 1143 2211 confirmatione
1166 2149 1307 2225 saltatio
1326 2157 1369 2204 etl
1388 2150 1549 2206 intentionis
1567 2153 1597 2206 in
1613 2152 1747 2208 ministra
1783 2151 1865 2215 QU0d
1882 2153 1918 2206 de
1934 2150 2073 2221 baptimi>

375 2236 494 2309 demque
510 2238 616 2295 solvere
632 2247 762 2310 conatur;
784 2239 934 2309 videamus,
954 2240 1142 2312 quidafferat.
1167 2234 1306 2321 Sitlebrii
1332 2235 1517 2292 Bellarminus
1541 2238 1632 2306 addit,
1660 2238 1697 2292 ad
1725 2237 1796 2293 illnd
1819 2238 2020 2308 respondemus
2048 2253 2072 2289 e.

374 2339 441 2395 ergo
460 2332 663 2396 argumentum.
1237 2322 1316 2377 dedit
1334 2323 1502 2393 baptismum
1523 2330 1545 2381 1.
1564 2332 1670 2396 quaest
1692 2330 1715 2382 l.
1740 2332 1834 2378 ratam
1852 2326 1952 2378 deleri
1969 2323 2072 2393 baptis·

409 2415 451 2466 32.
485 2416 508 2467 8.
529 2410 560 2466 si
583 2419 786 2467 sacramentum
805 2412 909 2483 pendet
933 2412 969 2467 ab
989 2412 1141 2469 intentione
1158 2412 1208 2467 mi·
1236 2425 1317 2472 mum,
1334 2426 1413 2477 quem
1431 2412 1531 2480 ebriae,
1549 2411 1700 2477 homicida,
1718 2410 1963 2480 adtlltrtonlulit,
1977 2426 2071 2481 qum·

373 2496 467 2564 nistri,
495 2497 579 2552 etiam
607 2498 777 2569 praedicatio
802 2498 880 2554 verbi
905 2498 1041 2569 pendebit
1065 2497 1102 2553 ab
1120 2498 1208 2553 inten·
1235 2493 1277 2548 vis
1296 2494 1445 2566 legendum
1462 2497 1591 2552 videatur
1609 2498 1745 2564 edrioerse,
1764 2502 1796 2552 nt
1812 2502 1891 2567 patet
1906 2515 1940 2552 ex
1954 2502 2070 2551 tracti.

373 2581 449 2637 tione
466 2582 593 2652 ministri,
613 2584 679 2654 quia
698 2585 1080 2640 sacramentumestverbum
1092 2584 1209 2640 visibile.
1236 2581 1386 2652 Augustini
1412 2582 1441 2636 in
1462 2581 1627 2640 iohannem.
1664 2583 1746 2647 Quod
1772 2584 1806 2639 de
1829 2584 1895 2653 pica
1917 2582 2014 2653 addit,
2038 2582 2072 2637 ri·

372 2666 515 2723 Posterius
541 2675 583 2723 est
606 2668 725 2735 falsum,
753 2671 820 2741 quia
845 2670 1019 2741 evangelium
1042 2675 1085 2726 est
1101 2669 1209 2739 efficax,
1237 2666 1359 2721 diculum
1386 2676 1440 2738 est,
1475 2686 1539 2724 cum
1565 2669 1615 2725 illa
1638 2677 1758 2740 nequeat
1782 2686 1885 2741 squam
1910 2670 1940 2724 in
1961 2669 2072 2725 nomine

373 2770 539 2825 quacunque
557 2754 709 2810 intentione
728 2756 922 2826 annuntietur,
941 2763 973 2811 ut
993 2757 1209 2820 demonstratum
1235 2753 1342 2822 Patris,
1362 2754 1428 2809 Filii
1447 2762 1474 2811 ct
1491 2754 1612 2827 Spiritus
1631 2757 1721 2811 sancti
1742 2755 1892 2825 effundere,
1913 2756 2071 2827 quaerimus

372 2838 426 2893 fuit
448 2840 478 2893 in
501 2840 744 2909 praecedentibus.
780 2841 891 2913 Excipit
908 2842 1094 2898 Bellarminus
1114 2843 1164 2901 lib.
1186 2851 1208 2901 1.
1236 2839 1281 2895 hic
1303 2841 1341 2896 'de
1365 2842 1503 2912 baptismo
1522 2843 1552 2896 in
1570 2860 1623 2897 usu
1642 2842 1831 2897 ecclesiastico
1850 2842 1992 2907 instituto,
2017 2859 2072 2899 non

373 2925 409 2980 de
427 2931 590 2981 sacrament.
609 2943 632 2981 c.
652 2932 696 2983 28:
716 2932 741 2981 1.
755 2929 959 2997 Arpumentum
972 2931 1024 2985 icc
1038 2930 1129 2986 salum
1137 2950 1209 3001 pre-
1236 2927 1271 2983 de
1285 2927 1459 2997 jocularibus
1477 2936 1505 2983 et
1521 2928 1638 2983 mimicis
1657 2929 1822 2986 actionibus.

359 3012 440 3065 dure
463 3014 544 3081 apud
565 3029 624 3082 eos,
654 3015 704 3084 qui
724 3033 786 3070 cum
810 3018 933 3072 Lutlrera
950 3027 1088 3087 statuunt,
1112 3037 1209 3073 secra·
1270 3020 1312 3071 33.
1343 3021 1367 3071 9.
1389 3014 1559 3070 situnne
1582 3016 1705 3072 ministri
1726 3015 1880 3085 requiritur
1899 3017 1940 3068 ad
1957 3014 2071 3082 integri

373 3107 465 3152 menta
492 3116 550 3153 esee
575 3108 684 3155 tantum
712 3103 841 3158 instituta
866 3107 908 3160 nd
931 3108 1108 3161 excitandam
1124 3108 1209 3172 fidem
1235 3109 1321 3155 tatem
1333 3101 1472 3171 baptismi,
1491 3097 1658 3173 consequent
1662 3104 1767 3170 suerit,
1779 3103 1864 3155 everti
1877 3102 2073 3162 cenandum

374 3192 400 3238 et
428 3186 519 3240 solam
552 3188 637 3252 fidem
663 3190 843 3259 juete'Jicare,·
878 3201 908 3246 at
937 3195 1019 3262 apud
1048 3191 1210 3248 Catholicae
1235 3190 1312 3252 fidei
1335 3197 1361 3243 et
1385 3189 1600 3254 consolationis,
1627 3206 1711 3259 quam
1728 3206 1761 3242 ea
1778 3188 1916 3257 baptisma
1933 3188 2072 3251 labemus.

375 3271 599 3344 (Romaneneee)
618 3276 691 3329 nilril
708 3278 883 3335 concludere.
916 3277 1141 3349 Respondemus:
1162 3297 1209 3334 ne·
1234 3284 1371 3346 perpetue
1403 3277 1476 3329 enim
1502 3277 1688 3330 dubitandum
1717 3275 1828 3344 sumit,
1858 3293 1897 3328 an
1927 3276 1983 3329 sim
2010 3290 2072 3329 sere

375 3373 515 3429 quaquam
531 3358 665 3431 dicimus,
683 3369 858 3419 sacramenta
874 3380 934 3419 esse
954 3370 1064 3419 tantum
1083 3365 1211 3421 instituta
1237 3362 1411 3431 captantum
1430 3378 1599 3432 consequens
1617 3370 1657 3416 eet
1674 3362 1837 3416 absurdum.
1863 3364 1944 3429 Erqo
1958 3370 1985 3416 et
1996 3370 2071 3417 ante·

374 3442 411 3497 sd
429 3442 512 3500 fidem
536 3447 710 3503 excitandam
732 3466 783 3519 per
809 3450 950 3522 quandam
970 3450 1211 3523 significationem,
1236 3449 1343 3504 cedens.
1378 3447 1491 3518 Excipit
1508 3448 1708 3516 Bellarminus,
1729 3452 1753 3502 1.
1772 3450 1966 3504 certitudinem
1983 3449 2071 3517 insol·

376 3530 426 3585 sed
445 3532 608 3603 statuimus,
632 3543 805 3591 sacramenta
831 3552 891 3591 esse
914 3535 1041 3592 efficacia
1058 3538 1150 3593 media
1168 3555 1210 3593 re·
1237 3536 1342 3590 libilem
1359 3536 1395 3588 de
1414 3535 1627 3602 justificatione
1645 3551 1701 3588 nan
1719 3535 1863 3590 convenire
1882 3534 1971 3590 statui
1989 3536 2072 3606 ircim

374 3617 576 3687 generationis,
605 3621 793 3676 renovationis
818 3628 847 3677 et
869 3623 967 3677 salutis
989 3622 1072 3677 etiam
1095 3624 1124 3678 in
1147 3624 1211 3693 illis,
1236 3623 1325 3690 udae,
1351 3624 1403 3676 sed
1428 3622 1578 3674 humanam
1604 3630 1630 3674 et
1655 3622 1802 3692 moralem,
1829 3638 1885 3693 qua
1907 3622 1943 3677 de
1965 3638 1998 3678 xe
2021 3638 2071 3678 sno

374 3700 404 3755 in
427 3703 529 3774 quibus
555 3705 640 3761 amba
663 3708 874 3764 sacramentalia
896 3727 946 3780 per
971 3710 1083 3764 modum
1107 3708 1211 3781 signifi-
1237 3707 1297 3763 loco
1319 3707 1425 3762 dictum
1448 3707 1510 3763 snit
1547 3707 1653 3780 Negas-i
1678 3718 1751 3764 certe
1776 3710 1872 3781 nequit
1897 3715 1925 3765 et
1942 3726 1993 3764 sno
2010 3709 2071 3765 loco

374 3790 457 3843 candi
474 3792 581 3846 nullum
600 3792 704 3849 babent
722 3813 810 3860 usum,
830 3801 862 3851 ut
880 3803 959 3867 patet
977 3796 1103 3867 exemplo
1121 3797 1211 3852 infan-
1236 3794 1446 3865 comprobatum
1465 3793 1586 3865 dabitm,
1605 3804 1778 3851 sacramenta
1795 3795 1848 3850 hoc
1867 3794 1923 3851 fine
1942 3795 2069 3851 instituta

374 3885 434 3932 tum
451 3878 667 3949 baptisatorum,
692 3882 820 3952 quivere
839 3901 889 3953 per
909 3882 1077 3954 baptismum
1096 3900 1211 3955 regens·
1236 3898 1306 3950 esse,
1323 3888 1354 3935 ut
1362 3881 1570 3952 promissionem
1578 3883 1685 3956 gratiae
1695 3884 1874 3938 credentibus
1883 3883 2070 3954 obsignarent,

373 3972 484 4030 rantur,
520 3966 628 4021 etiamsi
665 3968 751 4024 verba
786 3967 918 4040 baptismi
955 3987 1011 4026 non
1041 3970 1208 4041 intelligant.
1236 3968 1310 4024 unde
1329 3969 1501 4023 circumcisio
1520 3969 1622 4023 dicitur
1641 3975 1763 4041 σφραγὶς
1779 3972 1824 4039 τῆς
1836 3969 2016 4038 δικαιοσύνης
2026 3972 2071 4038 τῆς

374 4051 401 4103 2.
429 4053 555 4107 Etiamsi
580 4056 766 4121 coucedatur,
797 4057 907 4108 verbum
933 4074 1096 4125 quacunque
1124 4058 1211 4111 interr·
1236 4062 1353 4117 πίστεως
1364 4054 1445 4113 Rom.
1456 4062 1480 4125 4,
1493 4074 1519 4112 v.
1534 4062 1573 4112 ll.
1593 4056 1658 4112 Jam
1670 4072 1735 4111 vero
1747 4074 1802 4111 non
1814 4056 1904 4112 solnm
1916 4056 2071 4113 infallibilis

373 4138 448 4192 tione
462 4140 610 4207 prolatum
624 4158 709 4212 posse
726 4140 848 4195 excitare
864 4142 963 4210 fidem,
983 4162 1039 4217 non
1058 4151 1151 4197 tamen
1168 4161 1210 4197 ee·
1237 4150 1265 4197 et
1281 4142 1417 4210 absoluta,
1435 4143 1484 4198 sed
1496 4142 1524 4196 in
1538 4159 1640 4214 genere
1651 4142 1739 4196 omnis
1755 4142 1891 4198 certitudo
1905 4143 2071 4214 receptionis

374 4224 476 4293 quitur,
501 4228 613 4282 nalum
638 4243 803 4298 quacunque
822 4227 974 4281 intentione
999 4230 1144 4297 prolatum
1160 4230 1210 4283 lra-
1235 4229 1266 4283 in
1290 4229 1388 4285 foedus
1412 4229 1521 4301 gratim
1537 4228 1657 4293 tollitur,
1684 4228 1708 4282 si
1725 4229 1761 4284 ab
1778 4229 1931 4285 intentione
1952 4229 2070 4285 ministri

374 4310 437 4364 bere
463 4314 588 4381 effectum
615 4314 866 4380 sacramentalem
894 4315 969 4367 ratio
995 4323 1048 4383 est,
1077 4316 1145 4385 quia
1169 4318 1211 4370 ad
1236 4316 1358 4370 interiori
1376 4316 1522 4388 integritas
1540 4315 1673 4386 baptismi
1688 4316 1810 4385 pendere
1824 4317 1965 4385 statuitur,
1986 4324 2071 4389 stqne

374 4398 550 4452 excitandam
573 4401 663 4467 fidem
692 4419 749 4454 non
775 4401 930 4470 requiritur
958 4401 1021 4455 ulla
1048 4403 1210 4471 efficientia,
1237 4404 1289 4458 hac
1311 4403 1417 4459 ratione
1440 4402 1504 4457 finis
1526 4401 1706 4457 institutionis
1729 4409 1965 4458 sacramentorum
1988 4403 2071 4473 plane

373 4487 424 4539 sed
446 4487 554 4553 sufficit
571 4487 749 4556 siqnificatie.
785 4486 1007 4558 Respondemus:
1035 4486 1088 4543 hoc
1112 4496 1153 4544 est
1177 4486 1208 4541 sd
1236 4489 1348 4546 tollitur.
1399 4488 1480 4555 Quod
1511 4497 1604 4545 autem
1636 4488 1822 4544 Bellarminus
1854 4489 1936 4556 dicit,
1968 4490 2070 4544 baben

374 4571 405 4625 ts
422 4571 492 4647 ἀρχῇ
511 4572 672 4646 λαμβάνειν,
690 4591 812 4630 asserem
832 4574 947 4643 scilicet,
967 4574 1043 4645 quod
1060 4573 1137 4629 Deus
1158 4590 1209 4645 per
1236 4576 1414 4631 intentionem
1440 4593 1499 4630 esse
1514 4576 1707 4644 facillimum,
1730 4578 1848 4646 ideoque
1877 4576 1985 4630 nullm
2013 4593 2071 4630 esse

373 4658 488 4712 verbum
506 4662 707 4717 sacramentale
722 4678 779 4716 non
797 4658 951 4726 siteificax,
968 4660 1022 4715 nisi
1039 4661 1155 4717 accedat
1168 4661 1208 4717 in·
1236 4681 1350 4717 caueam
1367 4663 1525 4727 dubitandi,
1544 4681 1581 4716 an
1598 4663 1726 4717 minister
1743 4663 1872 4717 labuerit
1885 4663 2071 4728 intentionenr,

372 4744 459 4799 tentio
476 4745 602 4804 ministri.
638 4746 668 4803 Si
687 4748 760 4803 enim
779 4747 856 4803 Deus
874 4747 1052 4819 perverbum
1070 4747 1209 4805 ἀκουστὸν
1236 4751 1295 4803 nisi
1313 4750 1447 4805 exteriori
1463 4750 1657 4819 aliquociens
1675 4749 1843 4818 idpradnt,
1870 4748 1899 4803 id
1924 4765 2009 4819 quam
2025 4747 2070 4804 fir

373 4830 473 4885 efficax
491 4839 532 4887 est
549 4834 585 4887 ad
602 4832 686 4889 tidem
706 4833 881 4889 excitandam
902 4834 932 4888 in
950 4834 1070 4900 adultis,
1099 4836 1209 4892 etiamsi
1236 4855 1311 4891 mum
1331 4838 1380 4901 sit,
1405 4836 1492 4891 cuivis
1509 4837 1593 4892 facile
1610 4843 1734 4908 apparet.
1771 4835 1911 4903 Quamdiu
1928 4836 2001 4890 enim
2021 4835 2069 4890 dn·

374 4934 430 4971 nan
451 4918 567 4973 accedat
589 4919 707 4975 intentio
730 4919 863 4987 ministri,
889 4921 985 4993 utique
1004 4922 1088 4976 etiam
1109 4921 1208 4977 eificu
1237 4924 1325 4979 bitare
1348 4941 1448 4995 cogor,
1475 4941 1512 4979 an
1535 4924 1659 4978 minister
1682 4923 1864 4978 intentionem
1882 4921 2070 5002 debitam&-

373 5004 474 5058 estad
496 5003 580 5059 fidem
602 5006 777 5061 excitandam
800 5007 830 5061 in
852 5006 1006 5063 infantibus
1023 5026 1075 5079 per
1092 5008 1208 5064 verbum
1236 5010 1340 5079 buerit,
1366 5010 1489 5065 nondum
1513 5028 1627 5081 possum
1650 5026 1709 5066 esse
1734 4997 1825 5065 certus
1848 5008 1884 5064 de
1903 5001 2021 5063 veritate
2042 5012 2070 5063 et

373 5088 474 5161 ὁρατὸν
498 5091 556 5146 sive
580 5100 783 5147 sacramentum
808 5093 951 5165 baptismi,
977 5093 1086 5149 etiamsi
1107 5094 1205 5150 itidem
1236 5095 1362 5151 efficacia
1379 5097 1517 5168 baptismi.
1552 5097 1679 5168 Cumque
1695 5100 1886 5150 consecratum
1903 5110 2005 5164 panem
2022 5110 2069 5151 en·

372 5193 427 5234 non
453 5178 570 5233 accedat
592 5178 709 5233 ministri
727 5178 851 5234 intentio.
887 5179 1017 5235 Ceterum
1037 5180 1072 5236 de
1090 5180 1139 5235 illa
1156 5180 1207 5251 by·
1235 5184 1414 5239 charisticum
1433 5183 1616 5239 Bellarminus
1635 5182 1752 5238 adorare
1767 5180 1876 5252 jubeat,
1896 5197 1999 5235 annon
2011 5182 2069 5237 ide

372 5263 494 5334 potbesi,
517 5283 574 5336 qua
591 5265 689 5320 nititur
706 5264 868 5320 bellarmini
886 5265 1041 5337 responsio,
1067 5267 1142 5337 quod
1161 5283 1205 5321 sa·
1234 5269 1345 5324 lolatris
1360 5269 1444 5324 facile
1463 5270 1596 5326 committi
1613 5276 1718 5341 potest,
1745 5270 1769 5323 si
1792 5285 1843 5339 per
1867 5267 2007 5322 defectum
2029 5268 2069 5323 in·

371 5358 513 5405 crementa
531 5353 636 5423 prosint
652 5368 686 5407 ex
701 5369 785 5423 opere
804 5358 930 5423 operato,
953 5358 1052 5422 postea
1068 5351 1204 5423 despicie-
1234 5356 1366 5411 tentionis
1388 5357 1468 5427 panis
1493 5356 1616 5413 nondum
1632 5356 1687 5412 init
1705 5343 1905 5411 transmutatus
1923 5356 1952 5408 in
1970 5372 2069 5427 eorpus

372 5440 426 5491 tur.
458 5440 487 5493 3.
508 5438 600 5492 Aliud
619 5446 661 5492 est
686 5439 830 5492 intendere
847 5456 903 5492 nau
920 5440 1097 5504 concionari,
1121 5440 1206 5494 aliud
1234 5440 1357 5497 Christi?
1390 5443 1523 5498 Moralem
1546 5451 1574 5498 et
1595 5442 1744 5497 humanam
1767 5441 1844 5495 illam
1868 5442 2068 5511 certitudinem,

370 5521 516 5576 intendere
535 5525 705 5593 concionari,
722 5526 774 5578 sed
790 5524 824 5577 ab
843 5525 947 5579 malum
964 5527 1055 5590 finem.
1095 5527 1206 5581 Pardus
1234 5545 1317 5599 quarn
1336 5527 1521 5585 Bellarminus
1539 5530 1580 5584 ita
1597 5538 1687 5598 vocat,
1704 5528 1763 5584 sale
1780 5528 1891 5583 nomine
1908 5545 1969 5583 esse
1989 5529 2068 5585 certi·

358 5609 408 5664 de
432 5609 484 5662 laec
504 5613 664 5678 posteriore
691 5611 817 5681 loquitur
841 5612 919 5667 Plril.
943 5617 967 5668 1.
994 5621 1020 5666 et
1044 5612 1096 5666 liae
1118 5615 1204 5668 modo
1232 5614 1371 5684 tudinem,
1397 5632 1426 5670 re
1449 5614 1511 5685 ipsa
1528 5632 1594 5670 sero
1611 5616 1715 5670 nndm
1734 5615 1923 5686 conjecturem
1943 5621 1972 5670 et
1988 5615 2068 5672 falls·

371 5696 556 5765 concedimus,
575 5697 741 5767 baptismum
759 5714 818 5754 esse
834 5716 928 5753 enum
940 5707 966 5753 et
977 5700 1130 5770 efficacem,
1142 5718 1203 5755 cum
1232 5717 1292 5756 cem
1316 5700 1487 5773 opinionem,
1508 5701 1678 5757 ostendimus
1696 5702 1726 5755 in
1745 5706 1853 5757 tractat
1873 5700 1907 5757 de
1928 5700 2069 5772 justitias·
