4800 6659
415 542 472 600 leo
752 486 754 489 ·
1004 535 1126 594 Locus
1146 531 1315 592 DECIMUS
1334 533 1511 594 OCTAVUS

410 704 581 760 consequens
603 689 701 756 fuerit,
730 706 791 746 sam
816 708 871 746 non
890 692 979 747 solum
995 709 1052 747 non
1065 691 1243 761 justificasse,
1269 689 1493 762 Respondemus:
1524 708 1579 763 quo
1607 708 1689 746 sensu
1717 696 1745 747 et
1770 697 1898 762 respectu
1928 696 2104 746 amaneum

284 790 333 832 ιιι
346 789 372 832 ι
411 775 461 828 sed
481 776 563 830 etiam
583 775 738 847 inutilem,
731 796 786 833 uno
802 785 831 833 et
847 778 959 835 noxiam
968 778 1062 836 fuisse
1097 782 1119 833 7.
1133 776 1192 831 θοι.
1208 779 1243 829 2.
1269 775 1303 833 V.
1321 776 1354 833 T.
1373 778 1410 833 sd
1429 778 1504 849 leges
1522 777 1718 833 ceremoniales
1737 778 1908 846 referantur,
1925 776 2104 847 exposuimus

284 843 364 934 m
414 862 515 915 Omnia
538 872 714 918 samancenta
735 873 828 918 vetem
847 866 980 919 dicuntur
999 866 1114 918 umbrae
1125 865 1242 931 scauro·
1268 862 1297 916 in
1315 869 1435 918 tractatu
1454 864 1488 918 do
1500 863 1609 937 legibus
1621 882 1717 920 cerem
1730 871 1758 918 et
1774 859 1971 936 forensibus}
1985 869 2024 918 ll
2037 861 2099 916 Bel-

283 944 374 1037 ΜΝ
411 967 489 1016 rum,
514 966 616 1019 corpus
641 958 733 1004 αιιιιι
754 951 868 1005 Christi.
902 951 1125 1024 Respondemus:
1147 947 1242 1003 reca's·
1267 948 1425 1004 larminus
1417 967 1476 1020 ipse
1494 968 1550 1006 non
1563 951 1667 1021 poterit
1685 950 1812 1005 absolute
1825 955 1854 1004 et
1870 947 2033 1018 simpliciter
2051 947 2101 1001 cir

284 1050 369 1089 umam
411 1035 495 1103 sime,
519 1034 568 1089 illa
592 1035 787 1106 significabant
803 1036 944 1092 Christum
962 1044 1122 1106 venturum,
1147 1040 1242 1090 nostra
1268 1036 1858 1092 oumcisionomsdmandataceremonialia
1872 1035 1982 1100 referre,
1998 1033 2103 1088 cumin

411 1120 542 1176 exhibent
558 1129 732 1192 praesentem
750 1127 778 1178 ιι
795 1124 959 1180 annuntiant
970 1124 1135 1187 exhibitum
1149 1115 1338 1223 manetlhoe
1331 1139 1391 1192 ipso
1402 1119 1532 1196 cap1te§
1546 1130 1571 1179 5.
1583 1121 1702 1177 scribat:
1722 1122 1902 1176 θιιιιιιιιιιιο
1914 1139 1969 1174 ιιι
1983 1129 2026 1173 ιιι
2031 1137 2101 1189 pro·

411 1207 519 1262 interim
550 1207 660 1263 firmum
687 1208 788 1275 fixum,
815 1217 989 1267 sacramenta
1016 1217 1112 1267 vetera
1135 1208 1242 1264 ratione
1266 1213 1329 1277 pric
1346 1217 1551 1262 sacramentum
1570 1208 1740 1278 Massicum,
1758 1210 1811 1262 sed
1828 1209 1899 1278 lepis
1915 1215 2050 1270 amarae,
2069 1222 2102 1261 ex

411 1294 474 1347 finis
495 1294 590 1350 itidem
602 1296 688 1351 ιιιιιι
707 1295 832 1353 efficacia
849 1297 941 1354 media
959 1298 1065 1354 salutis.
1099 1296 1151 1352 Est
1169 1295 1242 1351 enim
1268 1310 1323 1363 quo
1339 1293 1379 1348 ita
1396 1294 1550 1349 inferimus:
1572 1294 1705 1349 Mandata
1721 1293 1915 1349 ceremonialia
1930 1292 2044 1364 proprie
2062 1297 2103 1346 sic

412 1381 516 1451 duplex
540 1382 670 1453 analogia
687 1383 908 1439 sacramentalis:
935 1400 992 1438 una
1012 1382 1178 1438 sacramenti
1201 1380 1241 1434 in·
1268 1380 1344 1434 dicta
1360 1385 1426 1435 sunt
1442 1381 1573 1446 Mosaios,
1589 1381 1642 1436 hoo
1661 1387 1704 1436 est
1722 1398 1772 1451 per
1788 1381 1905 1451 Moysen
1915 1378 2102 1450 promulgata

411 1467 482 1539 tegri
506 1468 543 1521 ad
561 1466 645 1524 finem
663 1476 692 1525 et
709 1469 854 1536 effectum,
872 1470 960 1525 altera
978 1486 1043 1525 vero
1060 1468 1181 1541 partium
1199 1484 1242 1522 sa·
1267 1466 1446 1522 circumcisio
1463 1486 1519 1524 non
1538 1473 1581 1521 est
1598 1468 1755 1522 institutum
1774 1484 1807 1521 ac
1821 1472 2026 1522 sacramentum
2043 1464 2103 1518 llo-
2115 1472 2148 1514 Vt

410 1553 542 1608 crementi
567 1554 639 1611 inter
665 1571 734 1612 sese.
776 1556 831 1611 llls
856 1563 900 1611 est
925 1556 1067 1628 proportio
1095 1572 1144 1610 seu
1171 1554 1242 1610 ratio
1268 1554 1381 1610 ssieum.
1416 1554 1492 1626 Ergo
1514 1561 1635 1610 nonest
1658 1554 1819 1609 mandatum
1838 1552 2021 1609 ceremoniale
2039 1568 2103 1622 pro

410 1640 575 1695 sacramenti
604 1643 689 1696 totius
717 1643 753 1697 ad
782 1660 862 1697 usum
893 1641 1074 1715 spiritualem.
1118 1640 1165 1698 Sic
1190 1640 1242 1695 eir·
1268 1641 1328 1711 prie
1347 1640 1387 1695 ιιι
1406 1641 1519 1696 (ιιιιιιι
1556 1643 1724 1696 9..:Hel›r6
1743 1640 1922 1695 Ceremoniue
1940 1647 2047 1692 ueteres
2060 1639 2104 1691 di·
2117 1644 2149 1684 fl·

411 1725 541 1781 cumcisio
559 1729 766 1784 sacramentalis
786 1729 933 1827 significat,
953 1728 1052 1794 efficit,
1071 1728 1197 1801 applicat
1215 1733 1244 1782 ιι
1269 1735 1368 1781 curam
1380 1728 1472 1793 fuisse
1485 1727 1617 1796 justitiae
1637 1729 1733 1781 carnis
1748 1736 1774 1781 et
1785 1728 1977 1792 sanctificasse
1990 1697 2148 1822 putidam&
2117 1750 2149 1788 nu

410 1811 541 1882 obsignat
562 1810 618 1868 fide
634 1814 776 1870 utentibus
801 1814 1037 1872 circumcisionem
1055 1814 1242 1885 spiritualem,
1269 1813 1444 1882 inquinatos,
1474 1816 1526 1868 sed
1554 1813 1644 1866 solum
1675 1815 1716 1866 ad
1744 1814 1970 1867 emundationem
1997 1807 2149 1864 cerritis.m
2117 1852 2149 1891 tu·

411 1896 479 1953 haee
499 1906 540 1954 est
562 1901 703 1972 proportio
729 1901 787 1956 sive
812 1906 904 1972 σχέσις
927 1902 1056 1959 elementi
1080 1901 1187 1958 externi
1206 1900 1243 1953 sd
1269 1900 1496 1972 Respondemus:
1516 1899 1744 1970 distinguendum
1764 1901 1836 1954 mter
1846 1914 2017 1955 ceremomas
2028 1911 2104 1951 mere
2114 1903 2149 1952 ts·

410 2001 468 2039 rem
496 1984 657 2051 ιιιιιιιιιι,
687 2005 760 2058 quae
788 1993 880 2058 σχέσις
907 1989 964 2044 sive
993 1988 1092 2044 relatio
1126 1995 1155 2044 et
1181 2004 1244 2059 pro·
1269 1987 1374 2057 legales
1398 1992 1427 2042 et
1448 1986 1519 2041 inter
1537 1986 1623 2050 ritus,
1650 1986 1751 2056 quibus
1770 1986 1866 2041 addita
1885 1985 1940 2039 ιιιι
1959 1967 2149 2055 promissio⁶⁸¹

410 2070 576 2140 perticalis
602 2078 644 2128 ιιι
672 2073 701 2127 ιι
728 2076 907 2131 sacramentis
933 2075 968 2131 V.
995 2081 1024 2130 et
1046 2076 1081 2132 N.
1108 2074 1141 2128 T.
1169 2074 1244 2130 unde
1270 2074 1384 2143 gratiae.
1427 2072 1537 2128 Deinde
1562 2072 1631 2127 ritus
1652 2072 1693 2126 illi
1717 2071 1865 2144 dupliciter
1886 2070 2105 2134 considerantur,

411 2163 506 2211 natum
545 2158 691 2214 discrimen
727 2160 799 2216 inter
835 2161 916 2233 signa
949 2161 1007 2216 sive
1037 2160 1164 2232 symbola
1197 2177 1243 2229 ση-
1271 2160 1316 2213 ιιι
1342 2158 1528 2215 antechristi
1552 2159 1719 2228 adventum,
1744 2157 1789 2213 vel
1813 2162 1876 2229 post
1897 2157 1994 2225 illum,
2020 2154 2106 2226 prion'

410 2243 540 2318 μανιιιι,
571 2262 643 2316 quae
672 2253 800 2318 spectant
828 2248 865 2302 ad
895 2247 929 2304 V.
960 2248 993 2304 T.
1027 2255 1055 2303 ιι
1079 2248 1161 2319 signa
1185 2248 1244 2303 sive
1272 2245 1491 2301 consideratione
1517 2263 1535 2300 a
1551 2245 1613 2301 Deo
1636 2246 1697 2317 ipso
1721 2244 1863 2316 praecepti
1880 2251 1909 2299 et
1926 2243 2009 2298 utiles
2026 2247 2105 2295 sunt:

411 2330 539 2401 symbols
573 2332 791 2406 npoauspdpsua
820 2338 866 2388 καὶ
897 2334 1064 2405 peractorum
1094 2333 1245 2390 exhibitiva
1270 2331 1414 2403 posteriori
1436 2332 1667 2401 consideratione,
1696 2348 1759 2386 cnm
1784 2333 1844 2401 jam
1869 2346 1970 2400 corpus
1986 2328 2105 2396 adesset,

412 2425 441 2473 et
475 2418 658 2484 conferentis,
698 2438 770 2491 quas
805 2427 934 2493 spectant
961 2422 997 2476 ad
1031 2421 1066 2478 N.
1096 2420 1129 2477 T.
1162 2422 1245 2491 juxta
1269 2417 1383 2473 fuerunt
1400 2418 1522 2473 inutiles.
1554 2418 1681 2490 Denique
1697 2418 1774 2489 prior
1793 2415 1976 2472 consideratio
1994 2414 2105 2468 illorum

411 2505 519 2559 axioma
537 2505 741 2578 theologicum:
766 2508 813 2560 De
831 2508 955 2576 quolibet
973 2516 1149 2562 sacramento
1160 2509 1244 2577 judi·
1269 2505 1372 2559 rituum
1397 2506 1519 2561 vicissim
1543 2506 1646 2575 duplex
1671 2510 1728 2573 est,
1754 2505 1850 2577 quales
1875 2503 1981 2557 seilicet
2002 2501 2107 2556 inerint

410 2593 474 2645 cari
490 2593 570 2646 debet
586 2611 619 2646 cc
633 2594 757 2662 propriu
776 2594 961 2647 institutionis
979 2596 1052 2648 sede.
1088 2594 1136 2662 Aa,
1153 2593 1245 2664 inquit
1271 2591 1300 2645 in
1319 2609 1350 2646 se
1368 2597 1397 2646 et
1416 2592 1512 2662 quales
1528 2592 1632 2647 inerint
1643 2590 1749 2646 ratione
1760 2590 1873 2661 typicae
1884 2586 2105 2659 significationis.

410 2678 609 2747 Bellarminus,
638 2680 783 2747 apostolus
810 2680 915 2732 ibidem
938 2680 1175 2735 circumcisionem
1196 2697 1243 2732 uo·
1270 2677 1402 2744 Quamvis
1422 2679 1495 2733 enim
1519 2696 1553 2735 ex
1579 2695 1630 2733 sua
1654 2684 1755 2733 natura
1780 2684 1810 2732 et
1832 2693 1865 2731 ιι
1890 2692 1973 2746 opere
1991 2682 2105 2745 operato

409 2772 455 2818 cat
476 2782 562 2818 manu
587 2766 696 2829 factam
718 2772 744 2818 ct
760 2765 884 2834 proinde
903 2766 1070 2835 baptismum
1084 2784 1140 2820 non
1158 2784 1244 2819 manu
1269 2765 1329 2821 sine
1362 2763 1418 2820 fide
1450 2765 1586 2821 utentium
1610 2782 1666 2819 non
1692 2763 1840 2820 habuerint
1868 2761 2000 2817 effectum
2025 2759 2104 2831 spiri·

403 2853 529 2919 factum,
549 2852 618 2920 qnia
631 2853 805 2921 principalis
825 2854 970 2923 bapticcms
988 2862 1030 2908 est
1046 2856 1135 2908 Deua
1170 2855 1244 2909 Item
1268 2853 1387 2922 tualem3
1416 2858 1510 2908 tamen
1535 2852 1711 2907 credentibus
1742 2838 1856 2905 fuerunt
1883 2847 2047 2904 exercitium
2077 2853 2105 2901 et

411 2938 485 3004 nibil
504 2938 602 2991 tribuit
619 2939 830 2994 circumcisioni
845 2941 905 2994 nisi
921 2958 1033 2996 carnem
1052 2943 1197 3013 apellare
1216 2950 1242 2996 et
1268 2939 1425 3011 obsignatio
1449 2939 1544 2995 fidei
1536 2939 1707 2994 infuturum
1727 2936 1870 3003 Messinm,
1894 2952 1978 3008 quem
1996 2935 2103 2989 ratione

411 3040 473 3078 sam
498 3025 636 3094 baptismo
660 3026 784 3094 apponit
825 3026 1050 3098 Respondemus.
1073 3047 1129 3085 non
1153 3029 1242 3084 solum
1268 3026 1381 3096 typicae
1398 3026 1608 3097 significationis
1625 3022 1859 3096 praefigurabant
1895 3025 1938 3075 10
1955 3021 2149 3077 Hetr.16:no

410 3109 570 3181 principalis
588 3109 734 3181 baptizans
753 3111 828 3169 inN.
848 3112 891 3182 T.,
910 3115 959 3169 sed
978 3116 1063 3171 etiam
1080 3116 1242 3188 principalis
1269 3116 1328 3167 Les
1357 3113 1463 3167 dicitur
1488 3114 1615 3166 umbram
1639 3113 1782 3178 ισιιιιιι,
1814 3127 1868 3163 noa
1894 3110 1988 3177 ipsam
2011 3125 2149 3171 rerum...

410 3197 642 3253 circumcidens
634 3216 662 3252 ιι
680 3197 714 3254 V.
732 3198 765 3254 T.
784 3205 826 3254 est
842 3200 933 3271 Deus,
951 3208 983 3256 ut
1001 3208 1079 3274 patet
1095 3202 1179 3258 Dent.
1199 3208 1242 3267 30,
1268 3199 1428 3268 imaqinem,
1446 3216 1496 3253 noc
1511 3199 1639 3268 potuim
1657 3199 1819 3250 accedent&
1833 3196 1978 3264 Ptrfoem
1996 3183 2147 3262 simenem

409 3302 436 3340 v.
459 3290 482 3339 6.
510 3284 728 3339 instrumentalis
755 3291 812 3341 tam
838 3286 997 3358 baptizans,
1021 3306 1104 3360 qnam
1127 3289 1242 3343 circum·
1268 3304 1324 3338 non
1336 3286 1465 3354 potuisse
1483 3287 1602 3351 aufem
1622 3292 1742 3353 peccata
1761 3290 1788 3336 et
1807 3283 1945 3336 mundare
1964 3282 2103 3334 conscias

409 3371 505 3427 cidens
524 3378 567 3427 est
584 3388 681 3426 manus
700 3370 832 3441 hominis;
856 3375 967 3445 quando
990 3373 1144 3445 baptismus
1162 3392 1242 3431 voca·
1268 3372 1338 3425 tiam
1361 3379 1389 3425 et
1413 3373 1507 3425 Deum
1531 3369 1639 3423 hostias
1664 3377 1691 3422 et
1715 3369 1871 3423 oblationes
1889 3369 2028 3437 noluisse,
2055 3384 2103 3421 noc

410 3462 456 3511 tur
482 3456 616 3532 περιτομὴ
646 3456 866 3531 ἀχειροποίηιος,
893 3465 1036 3531 respectus
1062 3461 1180 3516 habetur
1206 3462 1243 3515 ad
1269 3458 1296 3510 ei
1310 3458 1464 3526 placuisse,
1483 3459 1560 3526 quod
1576 3455 1700 3525 intellipi
1717 3457 1797 3509 debet
1813 3457 1843 3509 in
1861 3457 1961 3508 ardiae
1972 3455 2103 3523 acljuni·

411 3549 552 3598 externam
570 3550 678 3599 tantum
696 3545 835 3615 praeputii
854 3547 1084 3616 amputationem,
1110 3564 1166 3602 non
1187 3565 1243 3618 quo
1267 3546 1427 3609 ficatiorssm
1453 3562 1486 3598 ea
1514 3561 1598 3614 cpere
1623 3552 1754 3613 operato,
1783 3562 1848 3597 narn
1871 3544 1984 3612 alioqui
2004 3542 2105 3612 nepari

412 3629 584 3684 circumcisio
611 3631 640 3684 in
668 3630 703 3686 V.
728 3631 762 3685 T.
786 3632 870 3701 juxta
893 3632 946 3687 Dei
969 3633 1171 3688 ordinationem
1194 3634 1243 3688 ad·
1269 3649 1325 3685 non
1336 3639 1442 3700 potest,
1467 3632 1536 3700 pisia
1554 3633 1582 3685 ei
1603 3632 1767 3701 placuerint
1787 3649 1820 3684 cu
1838 3630 1994 3685 obedientia
2013 3637 2038 3681 ct
2056 3630 2102 3682 dc·

411 3714 567 3770 ministrata
584 3715 669 3770 fixerit
687 3722 800 3771 externa
817 3723 926 3772 tantum
937 3720 1077 3792 praeputii
1090 3721 1243 3790 amputatio
1269 3720 1377 3771 votione
1401 3718 1555 3787 afferentis,
1581 3737 1647 3771 nam
1670 3726 1806 3772 uocantur
1825 3719 1896 3771 ocior
1914 3716 2102 3770 mavcssimus.

413 3802 472 3857 sins
495 3802 567 3855 omni
595 3801 697 3857 effectu
723 3809 751 3858 et
772 3802 865 3858 huotu
890 3805 1039 3876 spirituali,
1064 3807 1113 3862 sed
1131 3806 1197 3877 quis
1215 3806 1244 3861 in
1269 3806 1356 3860 Ιιιιι.
1377 3807 1400 3857 1.
1433 3804 1658 3875 Respondemus:
1688 3804 1723 3860 de
1749 3804 1792 3857 his
1819 3803 1945 3858 omnibus
1967 3802 2104 3871 judicium

414 3888 448 3943 N.
466 3887 500 3944 T.
519 3887 579 3941 sine
597 3886 690 3957 verbo,
710 3889 840 3944 mandato
858 3898 887 3946 et
903 3892 1083 3961 promissione
1095 3893 1148 3949 Dei
1166 3910 1243 3947 usur
1269 3890 1328 3945 fiori
1345 3896 1437 3960 potest
1455 3907 1488 3944 ιι
1507 3890 1570 3959 illis,
1590 3907 1663 3961 quae
1682 3896 1766 3946 antea
1782 3891 1812 3944 in
1832 3889 1953 3944 medium
1964 3889 2102 3958 products

413 3979 480 4045 pata
494 3973 558 4028 talis
576 3980 626 4031 est.
653 3973 734 4037 Quod
745 3975 928 4031 Bellarminus
941 3978 1017 4047 dicit,
1037 3980 1246 4034 circumcisioni
1269 3985 1342 4032 sunt.
1366 3978 1425 4034 Noc
1437 3976 1473 4032 V.
1490 3993 1543 4032 neo
1555 3977 1591 4034 N.
1603 3977 1637 4033 T.
1650 3994 1684 4032 ex
1697 3994 1780 4048 opere
1793 3983 1905 4047 operato
1916 3982 2041 4046 prosunt,
2055 3974 2103 4030 sed

412 4061 484 4114 nitu
493 4060 582 4113 tribui
592 4061 651 4113 ιιιιι
661 4062 889 4131 exspoliationem
902 4066 1005 4133 aarum,
1023 4065 1052 4118 id
1066 4083 1099 4121 ex
1114 4074 1244 4137 corrupta
1269 4069 1379 4162 oportet
1396 4063 1527 4118 accedere
1545 4061 1638 4132 fidem,
1658 4080 1730 4133 quae
1748 4070 1791 4118 est
1812 4063 1974 4117 correlatum
1987 4060 2103 4133 promis-

413 4147 593 4202 translatione
617 4148 703 4202 latina
720 4148 854 4220 originem
872 4149 1001 4216 trahit,'
993 4169 1022 4206 m
1042 4145 1150 4208 Graeco
1170 4154 1243 4209 enim
1269 4150 1354 4204 sionis
1372 4150 1569 4221 evangelicae
1562 4168 1590 4204 ιι
1605 4150 1691 4205 verbo
1707 4159 1735 4205 et
1752 4149 1930 4205 sacramentis
1948 4149 2067 4204 oblatae.

411 4241 467 4302 est,
493 4234 522 4288 ir
538 4238 604 4308 τῇ
589 4232 736 4289 ιιιπειιισιι
754 4238 805 4289 τοῦ
823 4235 950 4310 σώματος
966 4239 1022 4291 τῶν
1040 4238 1189 4315 ἁμιριιιιν,
1213 4242 1244 4294 in
1305 4244 1345 4292 75.
1381 4235 1466 4292 Hisce
1482 4236 1709 4308 responsionibus
1721 4237 1823 4292 nostris
1835 4237 2010 4307 exceptiones
2023 4228 2149 4322 φωνῇ*

338 4318 340 4324 ”
411 4319 615 4389 exspoliatione
629 4324 953 4391 corperispeccatorum.
977 4323 1164 4380 Invertimus
1156 4326 1242 4397 igitur
1269 4323 1334 4377 dum
1366 4323 1482 4395 opponit
1509 4324 1702 4379 Bellarminus.
1759 4329 1781 4379 1.
1811 4322 1927 4379 Dixerat
1955 4322 2148 4391 Lutherus,ur

412 4412 615 4477 argumentum.
651 4406 680 4463 si
697 4408 898 4463 circumcisioni
923 4408 1055 4464 tribuitur
1079 4413 1242 4482 exspoliatio
1270 4410 1448 4480 Scripturas,
1466 4429 1528 4464 cum
1548 4419 1663 4480 crepant,
1689 4420 1867 4464 sacramenta
1890 4418 1983 4463 uetera
1997 4410 2104 4478 justisi-

413 4491 536 4562 oorporis
558 4500 734 4563 peccatorum
752 4496 855 4560 carnis,
880 4495 977 4566 utique
997 4496 1127 4552 effectum
1145 4498 1244 4555 habuit
1268 4515 1355 4566 casse,
1374 4499 1473 4551 debere
1492 4497 1617 4567 intellipi
1634 4500 1670 4551 de
1688 4498 1757 4566 illis,
1778 4514 1850 4566 pesae
1867 4514 1923 4549 non
1943 4497 2044 4548 latent
2056 4513 2104 4548 aa·

411 4578 598 4649 spiritualem
621 4579 687 4649 quia
711 4597 761 4651 per
784 4598 884 4652 eorpus
901 4590 1077 4652 peccatorum
1096 4585 1185 4639 earnis
1204 4586 1243 4639 in·
1268 4602 1367 4638 necem
1380 4584 1606 4653 promissionem.
1635 4582 1821 4638 Bellarminus
1841 4580 1968 4646 obvenit,
1987 4583 2104 4635 circum·

412 4665 550 4737 telligitur
571 4671 652 4719 vetus
676 4666 771 4736 homo,
794 4673 827 4722 ut
848 4675 958 4724 constat
983 4688 1015 4726 ex
1040 4669 1098 4725 Col.
1118 4678 1142 4741 3,
1168 4691 1195 4727 v.
1217 4681 1241 4728 5.
1268 4672 1413 4739 ιὶιιοιιιιι,
1441 4672 1584 4739 sacrificia
1607 4677 1634 4723 et
1656 4671 1811 4724 ablutiones
1839 4669 1968 4723 leviticas
1993 4670 2105 4722 ommno

415 4752 486 4807 vidit
512 4751 565 4806 hoo
591 4750 792 4824 Bellarminus,
821 4755 884 4810 ideo
909 4756 1002 4811 statim
1029 4756 1187 4830 subjungit:
1214 4760 1244 4813 in
1269 4759 1546 4812 laeuuscaunccan
1559 4758 1777 4826 promissionem
1791 4766 1817 4810 ct
1830 4765 1920 4810 tamen
1933 4756 2105 4824 impossibile

415 4847 489 4893 testu
508 4837 619 4892 Graeco
642 4839 741 4893 tabat
763 4843 794 4894 in
816 4843 1019 4912 exspoliatione
1037 4847 1165 4915 corperis
1180 4864 1244 4917 pec·
1270 4846 1377 4898 dicitur
1411 4844 1498 4899 Hebr.
1523 4847 1559 4896 10
1593 4842 1743 4913 sacrificiis
1777 4851 1803 4896 et
1839 4843 2026 4896 ablutionibus
2051 4842 2104 4895 Ju-

412 4934 536 4979 cuorum
559 4925 668 4993 cuna,
692 4926 741 4979 ssd
764 4921 827 4981 mox
846 4928 940 4996 addit,
963 4930 1036 4983 banc
1049 4939 1163 5000 purtem
1181 4951 1244 4988 can·
1270 4932 1363 4984 deicis
1392 4931 1500 4985 remitti
1525 4938 1654 4999 peccata.
1701 4929 1929 5001 Respondemus:
1966 4928 2108 4983 distinctio

410 5012 584 5080 inspersam
608 5029 668 5064 ιιιιι
689 5012 757 5078 illa,
785 5014 944 5068 circurncisi
967 5017 1034 5069 estis
1060 5018 1192 5072 uidelicet
1215 5020 1244 5071 in
1270 5016 1386 5072 Lutberi
1404 5018 1433 5072 in
1450 5016 1619 5071 ceremonias
1639 5034 1714 5073 mere
1732 5018 1838 5089 legales
1857 5022 1885 5072 et
1904 5017 1983 5086 ritus,
2002 5015 2105 5087 quibus

413 5100 567 5168 baptismo,
590 5116 647 5151 non
667 5105 761 5152 autem
779 5116 840 5152 cum
866 5102 933 5170 illa,
960 5104 1171 5158 circumcisione
1190 5124 1245 5159 non
1270 5121 1378 5158 annexa
1403 5112 1445 5159 est
1469 5104 1614 5174 promissio
1641 5105 1763 5174 gratiae,
1791 5104 1874 5158 valde
1897 5103 1975 5157 utilis
2002 5109 2045 5157 est
2070 5103 2106 5157 sd

412 5203 498 5238 manu
516 5187 596 5250 sacta
613 5191 665 5240 eto.
696 5182 754 5240 Cur
771 5202 837 5256 ergo
851 5187 977 5256 (malum)
991 5188 1051 5259 ipse
1063 5197 1245 5261 praecedente
1271 5192 1408 5262 quaedam
1443 5190 1612 5262 sophismata
1643 5189 1864 5246 adversariorum
1894 5190 2039 5256 diluenda,
2074 5206 2107 5245 ea

412 5271 486 5326 linea
504 5288 567 5325 oum
586 5270 793 5326 circumcisions
809 5287 892 5325 manu
903 5271 979 5328 facta
990 5274 1065 5329 illam
1078 5276 1245 5346 particulam
1271 5277 1377 5332 scilicet
1400 5295 1472 5350 quae
1497 5284 1597 5348 petunt
1621 5294 1654 5331 ex
1681 5278 1844 5334 ceremoniis
1863 5292 1936 5331 mere
1953 5276 2107 5349 legalibus;

414 5358 576 5427 conjunxit?
600 5364 728 5431 torquere
752 5356 804 5412 hoc
829 5363 884 5427 est,
909 5376 964 5413 non
982 5360 1156 5433 interpretari
1174 5364 1246 5419 Scri·
1272 5380 1448 5435 nequaquam
1466 5382 1532 5419 vero
1553 5382 1585 5420 eo
1605 5365 1661 5419 fine
1677 5382 1695 5419 a
1706 5364 1830 5420 Luthero
1842 5364 1946 5419 hadita
1964 5372 2013 5435 est,
2032 5366 2107 5438 quod

413 5450 517 5514 pturas.
558 5444 603 5499 De
627 5461 658 5500 re
681 5444 743 5515 ipsa
765 5443 884 5498 diximus
906 5445 1081 5522 superius§.
1102 5455 1143 5504 65.
1162 5466 1245 5505 mem·
1273 5449 1399 5504 omnibus
1416 5452 1636 5507 adversariorum
1654 5452 1834 5523 argumentis,
1853 5451 1935 5506 etiam
1955 5452 2017 5522 illis,
2036 5469 2107 5524 quae

284 5537 392 5584 ussum
417 5529 509 5585 brot.
528 5528 605 5605 et§.
620 5537 661 5588 68.
678 5531 844 5588 membrot.
879 5536 902 5585 6
922 5534 1008 5586 Heer.
1024 5538 1053 5586 7.
1071 5537 1245 5604 Reprobatia
1272 5538 1308 5591 de
1338 5537 1546 5594 circumcisione
1569 5546 1597 5594 et
1616 5537 1758 5593 sacrificiis
1778 5538 1935 5608 proferunt,
1953 5555 2107 5594 accommo·

285 5595 390 5689 ffssffi,
416 5620 445 5677 a
459 5619 656 5686 praecedentis
675 5619 806 5672 mundati
818 5625 938 5687 propter
958 5620 1147 5683 infirmitatem
1165 5631 1191 5675 et
1204 5624 1245 5677 in·
1271 5623 1331 5676 dari
1356 5623 1400 5677 vel
1423 5624 1511 5695 possit
1534 5625 1579 5680 vel
1598 5625 1712 5691 debeat,
1737 5625 1806 5696 quid
1826 5626 1898 5680 enim
1917 5626 2035 5696 argutiis
2054 5626 2106 5681 illis

284 5709 379 5749 prasci·
414 5704 576 5767 mitialem,
602 5706 729 5773 leptitur
756 5714 845 5761 autem
872 5705 1015 5777 apostolus
1042 5709 1078 5759 (ιι
1100 5711 1244 5764 mandam
1270 5711 1494 5781 respondendum
1513 5713 1557 5780 sit,
1579 5731 1611 5767 ex
1624 5713 1813 5785 superioribus
1826 5713 1921 5785 liquet
1951 5722 1973 5767 2.
1993 5714 2108 5769 Dixerat

285 5751 395 5842 mitt.
414 5790 652 5860 ceremonialiter,
661 5808 778 5860 pacorum
784 5809 971 5863 praecipuum
983 5801 1045 5847 erut
1056 5799 1242 5854 cucumerum.
1270 5798 1459 5868 Chemnicius,
1484 5801 1681 5868 Scripturum,
1705 5803 1820 5870 pacando
1844 5802 2024 5871 reprehendit
2047 5808 2107 5853 tan·
