4800 6659
936 508 990 566 Du
1006 506 1337 567 commutamus
1919 521 1975 578 ιιι

287 679 351 717 ram
368 662 430 720 Deo
448 663 643 720 considentem
659 663 753 734 parari
769 680 851 736 posse
868 663 1058 733 somniabant3
1076 661 1123 717 sed
1151 667 1225 718 trata
1249 662 1336 719 debiti
1357 664 1559 721 condonatione
1577 670 1677 737 postas
1696 682 1824 738 egressus
1841 664 1980 721 retuittsre

288 747 416 804 Christus
434 750 507 805 hanc
524 749 714 820 imperfectam
733 756 761 805 st
773 749 974 821 hypocriticam
988 748 1125 820 justitiam
1151 765 1283 805 conservo
1300 751 1398 820 noluit,
1415 751 1564 818 isamittit,
1576 770 1670 807 rursus
1687 751 1917 807 condonationem
1933 752 1979 832 qe·

289 836 472 905 repudiatae
492 836 723 891 abundantiorem
742 835 777 891 ab
789 835 955 908 ingressuris
967 836 997 890 in
1009 850 1124 905 reguum
1151 835 1211 890 biti.
1248 841 1274 892 3.
1294 837 1362 894 Luc.
1380 843 1424 905 ll,
1443 854 1469 891 v.
1492 844 1539 893 ll:
1566 841 1643 893 Date
1658 840 1858 906 elemosynam
1876 846 1903 891 et
1918 855 1979 892 cccc
1991 843 2070 885 aure
2078 841 2113 885 1¹:

289 922 430 978 coelorum
453 923 580 993 requirit.
614 922 685 976 Eam
703 939 767 978 vero
785 940 840 976 non
858 921 910 976 nisi
929 920 984 978 lide
1002 921 1125 976 obtinere
1150 922 1244 975 omnm
1269 926 1376 977 mum
1401 932 1482 978 eruat
1502 925 1587 979 eodm.
1621 924 1696 996 Fago
1715 924 1905 993 eleemosynae
1923 941 1979 980 me·
1992 896 2118 997 3:23¹&

291 1014 420 1080 possunt,
452 1026 503 1079 per
531 1024 615 1080 quam
642 1009 795 1063 redduntur
822 1008 972 1078 participes
998 1006 1125 1078 justitiae
1149 1014 1246 1063 rentur
1262 1009 1450 1066 remissionem
1467 1017 1650 1082 peccatorum.
1686 1010 1904 1080 Respondemus:
1923 1009 1978 1066 Ve-
1992 1003 2083 1090 22:22⁶

290 1094 394 1150 Christi
413 1095 536 1149 numeris
554 1093 681 1149 omnibus
698 1094 836 1164 periectas
859 1101 888 1149 et
907 1093 1066 1159 absolutam
1091 1108 1124 1146 ex
1149 1095 1208 1150 riae
1235 1102 1345 1151 exstant
1371 1095 1454 1166 hujus
1480 1098 1535 1152 loci
1559 1097 1749 1168 expositiones.
1793 1096 1979 1166 Hieronymus
1993 1102 2077 1141 munes

289 1182 344 1236 aas
373 1180 430 1235 sss
462 1181 549 1236 oritur
575 1180 724 1252 meseum
754 1180 839 1235 susm
865 1197 979 1251 speum
1007 1178 1125 1249 jusum,
1150 1183 1253 1254 accipit
1274 1183 1438 1239 euenum
1462 1183 1579 1253 ironice,
1606 1184 1685 1256 quse
1708 1183 1872 1238 essaeos
1892 1182 1979 1236 uere-
1992 1154 2068 1198 ’Μ’

289 1284 375 1339 quam
394 1266 607 1322 Pharisaeorum
625 1266 692 1334 fuit,
716 1266 804 1321 renati
828 1266 900 1321 enim
918 1283 952 1321 ex
970 1265 1053 1320 corde
1070 1264 1125 1318 siu·
1152 1271 1245 1339 pando
1263 1269 1390 1324 Christus
1408 1270 1523 1325 diceret:
1546 1270 1605 1325 Vos
1625 1287 1687 1324 cum
1706 1269 1766 1323 sitis
1784 1268 1859 1339 pleni
1881 1267 1980 1338 iniqui·

290 1371 363 1423 cem,
379 1369 437 1409 nou
453 1353 595 1421 simulate3
614 1371 647 1407 ex
662 1352 761 1424 spiritu
774 1359 934 1422 spontaneo,
952 1369 1009 1406 non
1022 1357 1127 1418 coacte,
1151 1359 1210 1408 tate
1228 1360 1256 1409 et
1273 1355 1384 1424 rapina,
1410 1355 1571 1413 exteriorem
1588 1356 1755 1410 mundiciam
1773 1361 1881 1410 tantmn
1898 1371 1979 1409 cura-

289 1457 342 1495 nec
359 1445 476 1511 propter
492 1440 666 1494 commodum
683 1438 744 1492 Deo
763 1438 905 1507 obediunt,
925 1438 966 1492 uti
983 1437 1052 1492 baec
1070 1437 1126 1490 late
1151 1440 1187 1494 tis
1212 1446 1241 1494 et
1264 1441 1294 1495 in
1316 1442 1517 1512 eleemosynam
1543 1442 1677 1514 erogetis,
1700 1458 1771 1512 quaa
1793 1440 1855 1494 aliis
1878 1441 1980 1511 injuste
2000 1469 2002 1471 >

289 1545 307 1582 s
331 1526 412 1581 nobis
437 1526 564 1596 exposita
586 1526 615 1579 iu
644 1532 713 1596 post
734 1525 832 1580 eccles.
854 1526 925 1579 dom.
945 1530 968 1580 6.
987 1531 1051 1594 post
1066 1523 1127 1578 Txi-
1152 1526 1306 1597 eripuistis,
1331 1528 1430 1582 stolide
1447 1527 1587 1598 persensi,
1606 1528 1700 1583 omnis
1718 1535 1785 1582 ωηο
1802 1543 1861 1580 esse
1878 1525 1982 1580 munda

245 1613 371 1668 anius
392 1612 584 1681 attauhu,
608 1630 633 1668 v.
654 1618 698 1669 14:
730 1611 764 1665 ss·
783 1612 950 1666 remiseritis
972 1612 1127 1665 homiuibus
1152 1619 1181 1669 et
1203 1631 1280 1684 pura
1316 1615 1447 1670 Erasmm
1467 1615 1497 1670 in
1520 1621 1614 1670 annot.
1639 1614 1773 1668 hocloco
1798 1613 1860 1667 δότε
1882 1611 1983 1682 accipit

245 1685 414 1772 ffi'offerssua
428 1699 552 1767 illorum,
572 1700 655 1752 etiam
665 1699 1021 1753 Patercoclestisremittst
1035 1699 1127 1766 vobim
1152 1700 1182 1753 iu
1205 1699 1294 1754 forma
1316 1700 1469 1766 indicativi,
1495 1706 1526 1755 ut
1543 1699 1789 1771 Hieronymianam
1805 1699 1882 1753 illam
1900 1699 1982 1754 iuter

245 1778 265 1868 ζ
290 1805 316 1842 r.
339 1794 384 1842 15:
403 1784 1001 1852 siccaremiseritie,servolus-emittetur.
1024 1782 1127 1848 Luci,
1153 1786 1334 1855 pretationem
1358 1786 1494 1853 stabiliat,
1518 1786 1598 1841 affert
1622 1786 1708 1841 etiam
1730 1791 1923 1856 argumentum
1948 1800 1981 1839 ex

291 1893 317 1929 v.
337 1880 385 1929 37:
409 1874 554 1928 Remittite
574 1881 600 1926 et
617 1873 772 1926 remittetur
791 1872 876 1926 ochis.
911 1871 988 1942 Ergo
1005 1871 1128 1925 remissio
1154 1877 1295 1927 contextu:
1322 1872 1505 1942 Existimatio,
1524 1887 1573 1927 vos
1592 1872 1659 1926 data
1676 1872 1852 1942 eleemosyna
1868 1869 1980 1924 liberari

291 1967 386 2015 nostra
404 1966 448 2016 est
465 1975 551 2014 causa
569 1964 598 2012 et
614 1958 742 2013 meritum
761 1957 928 2014 remissionis
944 1964 1128 2028 peccatorum,
1154 1957 1190 2013 ab
1216 1958 1291 2013 omni
1313 1959 1424 2028 rapina,
1448 1959 1472 2012 si
1495 1959 1639 2029 paululum
1660 1976 1694 2013 ex
1716 1975 1750 2013 ea
1765 1957 1936 2023 contuleritis
1954 1955 1984 2010 in

288 2047 414 2120 justitiae
436 2053 465 2101 et
482 2047 703 2101 vitasseternae.
739 2044 960 2114 Respondemus:
980 2044 1012 2097 Si
1027 2045 1128 2099 condo·
1154 2060 1304 2115 pauperem
1334 2061 1367 2100 eu
1390 2061 1462 2115 quae
1485 2046 1656 2115 praecedunt
1677 2051 1706 2100 et
1723 2048 1876 2115 sequuntur
1893 2042 1983 2113 magis

291 2134 364 2188 natio
383 2132 550 2202 injuriarum
574 2137 646 2186 esset
663 2147 749 2186 causa
768 2135 797 2186 et
815 2130 943 2185 meritum
962 2130 1128 2185 remissionis
1155 2130 1408 2201 exprobrationem,
1427 2149 1511 2201 quam
1528 2131 1743 2204 admonitionem
1762 2130 1912 2194 confluent,
1932 2145 1984 2183 nec
2009 2133 2011 2138 ’

291 2226 449 2275 uestrorum
475 2223 670 2288 peccatorum,
703 2223 769 2271 tunc
793 2216 917 2271 remissio
934 2234 990 2271 non
1009 2215 1128 2286 amplius
1154 2218 1264 2271 videtur
1282 2218 1455 2285 conveniens,
1474 2224 1512 2284 ut,
1529 2235 1598 2289 quos
1617 2218 1697 2273 modo
1715 2217 1811 2272 secent
1828 2222 1885 2271 tam
1900 2216 1983 2270 scele

292 2312 363 2362 esset
378 2304 513 2367 remissio,
530 2304 580 2358 sed
596 2302 684 2358 meriti
699 2302 787 2358 nostri
800 2303 895 2358 debita
909 2303 1045 2374 quaedam
1058 2318 1127 2356 mer·
1154 2320 1245 2369 rosos,
1270 2303 1362 2357 subito
1388 2304 1454 2358 data
1470 2304 1646 2374 eleemosyna
1662 2303 1729 2358 velit
1746 2301 1925 2372 undiquaque
1945 2302 1984 2355 vi-

293 2409 352 2458 ces;
371 2398 521 2462 postquam
540 2390 624 2446 semel
643 2389 749 2444 solvisti
761 2390 888 2460 pretium,
907 2390 977 2444 nihil
994 2389 1127 2459 estquod
1155 2389 1214 2444 deri
1238 2390 1363 2468 mundos.
1400 2389 1497 2445 Stante
1525 2389 1577 2443 hac
1600 2388 1825 2459 interpretatione
1852 2388 1985 2443 evertitur

294 2477 394 2532 remitti
403 2477 580 2546 possitqtunc
591 2477 700 2530 demum
710 2476 862 2531 remissioni
871 2477 948 2530 locus
958 2481 1008 2544 est,
1017 2475 1128 2546 quando
1154 2477 1246 2547 potius
1266 2475 1358 2546 opinio
1376 2475 1466 2558 meriti
1482 2474 1533 2530 hoc
1553 2474 1654 2530 Christi
1674 2475 1757 2542 dicto,
1776 2491 1859 2546 quam
1878 2473 1983 2528 stabili-

295 2565 412 2634 pretium
430 2581 488 2618 non
501 2562 675 2634 persolvitur,
694 2579 746 2618 nec
758 2563 827 2617 solvi
837 2567 936 2632 potest
962 2563 1003 2616 At
1014 2567 1129 2633 peccata
1153 2571 1206 2618 tur.
1247 2560 1303 2620 Sed
1326 2562 1350 2616 si
1375 2563 1419 2617 vel
1437 2561 1555 2617 maxims
1575 2560 1727 2632 accipietur
1744 2561 1772 2615 in
1792 2561 1881 2615 forma
1897 2560 1982 2631 impe-

295 2658 388 2705 nostra
405 2667 471 2705 vere
489 2649 570 2705 nobis
590 2649 780 2719 remittuntur,
800 2651 875 2720 quod
894 2667 951 2704 non
969 2650 1057 2704 solum
1075 2666 1127 2703 vox
1153 2649 1248 2719 rativi,
1275 2655 1307 2704 ut
1333 2647 1369 2703 sit
1393 2647 1546 2703 exhortatio
1568 2647 1605 2702 ad
1628 2647 1749 2701 dandam
1773 2647 1982 2716 eleemosynam,

296 2737 436 2809 ἀφέσεως,
456 2736 504 2792 sed
524 2744 553 2791 et
571 2736 728 2806 cumprimis
747 2736 895 2806 parabolae
913 2735 1016 2791 Christi
1029 2735 1127 2790 Matth.
1154 2736 1224 2791 nihil
1246 2743 1339 2791 tamen
1361 2735 1431 2790 lucri
1456 2752 1490 2789 ex
1511 2751 1545 2790 eo
1570 2733 1678 2789 accedit
1696 2750 1795 2788 causae
1816 2732 1981 2805 pontificiae.

300 2832 341 2889 ts,
362 2842 388 2877 v.
413 2829 454 2878 23.
480 2827 508 2877 et
532 2822 600 2877 Luc.
621 2829 651 2886 7,
677 2840 702 2877 v.
721 2827 762 2877 41.
790 2822 945 2876 luculenter
963 2823 1127 2891 ostendunt3
1153 2822 1321 2892 Proponitur
1345 2821 1418 2876 enim
1437 2821 1564 2876 docmina
1582 2820 1617 2876 de
1635 2825 1747 2875 externo
1765 2820 1898 2875 bonorum
1914 2819 1982 2874 tem·

297 2912 332 2965 ibi
352 2909 426 2964 enim
446 2908 515 2965 haec
533 2910 588 2963 duo
606 2926 734 2980 expresse
747 2908 933 2965 continentur:
952 2909 1041 2979 primo
1054 2909 1127 2980 quod
1155 2909 1292 2978 puralium
1317 2925 1384 2972 usu,
1407 2907 1546 2979 quomodo
1563 2906 1643 2962 nobis
1661 2905 1841 2977 purificentur
1859 2912 1887 2961 et
1904 2905 1984 2976 quasi

296 2996 374 3051 nobis
392 2996 501 3051 miseris
521 2995 695 3051 debitoribus
718 2995 796 3050 Deus
821 3012 854 3050 ex
874 3010 948 3050 mera
968 2995 1060 3066 gratia
1082 2996 1128 3049 de·
1155 2995 1233 3050 licita
1249 2995 1410 3064 reddantur,
1428 2992 1566 3065 particula
1583 2994 1656 3049 enim
1673 2992 1765 3048 πάντα
1781 2994 1818 3047 ad
1837 2993 1893 3057 ills,
1913 3008 1984 3064 quae

298 3083 383 3138 bisam
400 3088 526 3137 nostrum
546 3082 681 3150 remittat3
708 3081 810 3135 deiude
828 3081 903 3151 quod
922 3086 1017 3135 nostra
1034 3081 1128 3136 remis·
1155 3081 1306 3137 lorinsecus
1324 3087 1402 3151 sunt,
1427 3078 1573 3135 referenda
1596 3085 1653 3148 est;
1687 3095 1720 3134 ea
1743 3079 1937 3149 purificantur,
1960 3079 1985 3134 si

298 3171 335 3224 sio
353 3169 390 3223 sit
409 3167 527 3225 effectus
546 3174 575 3223 et
590 3169 712 3238 siguum,
736 3184 792 3221 non
814 3172 907 3221 autem
925 3183 1009 3221 causa
1027 3172 1055 3222 et
1072 3183 1128 3222 me·
1156 3168 1331 3238 eleemosyna
1349 3167 1384 3222 de
1401 3167 1456 3221 iilis
1473 3166 1568 3230 detur,
1593 3166 1630 3220 ad
1647 3165 1696 3220 ille
1712 3182 1790 3233 vero,
1819 3182 1891 3235 quae
1910 3165 1984 3219 intus

298 3256 379 3309 ritum
390 3254 622 3310 reconciliationis
635 3272 697 3308 cum
708 3254 769 3308 Deo
783 3252 936 3307 faciendae.
959 3254 1042 3308 Adde
1055 3255 1130 3325 quod
1156 3262 1235 3317 sunt,
1254 3253 1323 3325 πρὸς
1339 3252 1373 3307 τὰ
1391 3253 1505 3316 ἔσωθεν,
1526 3252 1581 3307 alia
1598 3252 1709 3306 omnino
1726 3251 1874 3321 requiritur
1890 3249 1984 3321 purili-

299 3342 401 3397 incerta
421 3339 501 3396 lieret
511 3340 699 3396 reconciliatio
718 3356 780 3397 cum
799 3339 860 3394 Dso
878 3346 907 3394 et
922 3340 1047 3395 remissio
1066 3357 1129 3411 pec·
1155 3343 1243 3406 catio,
1269 3341 1398 3396 videlicet
1417 3357 1472 3411 per
1496 3341 1662 3408 sanquinem
1686 3340 1803 3402 Christi,
1834 3345 1855 3393 l.
1877 3337 1941 3393 Joh.
1962 3343 1983 3405 l,

300 3437 420 3484 catorum
438 3431 608 3496 nostrorum,
637 3427 660 3481 si
683 3427 817 3497 penderet
846 3444 879 3481 ex
906 3425 1064 3481 conditione
1082 3444 1128 3481 uo·
1154 3448 1179 3484 v.
1196 3437 1219 3484 7.
1236 3431 1299 3494 fids
1318 3429 1398 3482 nobis
1417 3430 1590 3496 adspersam
1608 3427 1673 3482 Act
1692 3433 1732 3494 15,
1748 3444 1774 3479 v.
1787 3431 1810 3482 9.
1835 3433 1857 3483 1.
1871 3426 1946 3480 Pstr.
1963 3433 1984 3491 l,

300 3521 414 3570 strmum
435 3514 608 3581 meritorum3
633 3530 774 3583 uunquam
792 3518 849 3566 tam
868 3511 990 3582 perfecte
1008 3512 1129 3581 proximo
1154 3535 1181 3570 v.
1199 3522 1225 3571 2.
1258 3515 1333 3571 Vide
1349 3515 1445 3569 Herm.
1466 3514 1589 3585 evangel
1614 3514 1648 3568 D.
1663 3512 1759 3583 Polyc.
1777 3513 1876 3584 Lyseri
1890 3529 1915 3569 ο.
1928 3519 1985 3571 109.

300 3603 500 3669 condonamus,
527 3598 594 3671 quin
621 3597 649 3653 in
673 3616 756 3654 earne
779 3605 873 3653 nostra
898 3597 1026 3653 residuae
1046 3617 1127 3669 quae·
1156 3621 1182 3673 p.
1202 3608 1261 3658 297.
1297 3588 1422 3656 Christus
1443 3601 1529 3671 igitur
1553 3599 1757 3670 reprehendens
1774 3599 1986 3653 Pharisaeorum

301 3689 361 3743 darn
391 3686 530 3743 scintillae
559 3685 732 3740 simultatum
758 3687 915 3756 perdurent,
943 3690 1040 3739 conus
1059 3702 1128 3757 quas
1156 3686 1378 3758 superstitionem
1402 3688 1432 3741 in
1459 3692 1572 3742 externa
1596 3687 1700 3741 lotione
1717 3686 1892 3755 poculorum,
1915 3686 1986 3756 pati·

301 3775 396 3845 spiritu
415 3773 608 3844 pugnandum.
647 3772 739 3836 Quare
762 3776 856 3826 autem
880 3770 1005 3826 Christus
1031 3771 1071 3826 sic
1090 3772 1128 3824 lo·
1155 3793 1254 3830 narum
1278 3780 1329 3829 ete
1353 3778 1516 3844 occupatam
1539 3772 1654 3843 opponit
1676 3773 1702 3827 ei
1721 3771 1859 3842 duplicem
1879 3772 1986 3826 mundi-

245 3861 404 3932 tttquitur:
421 3859 575 3927 Remittitc,
594 3867 620 3912 ct
636 3859 791 3912 remittetur
809 3858 905 3912 oolu'e.²
932 3856 1016 3912 Item:
1036 3857 1070 3911 ss·
1086 3874 1129 3911 re·
1156 3861 1227 3916 οὶοηι
1245 3860 1380 3915 internam
1397 3866 1426 3914 et
1441 3866 1590 3926 externam,
1605 3858 1763 3922 admonem,
1776 3875 1824 3912 cor
1835 3859 1910 3912 intus
1921 3876 1986 3929 pur·

302 3948 445 4014 mmeritis,
480 3946 564 3998 etiam
589 3946 666 3998 vodis
691 3945 870 3998 remittetur!
906 3943 1128 4014 Respondemus:
1156 3948 1280 4018 gendum
1310 3952 1339 4001 et
1368 3944 1434 4000 ioris
1461 3946 1583 4016 proximo
1611 3962 1644 3998 ex
1671 3945 1786 4001 caritate
1812 3946 1985 4000 serviendum

303 4033 434 4088 Remissio
450 4037 546 4086 nostra
563 4046 619 4083 non
637 4036 679 4085 est
696 4046 793 4097 causa,
812 4030 861 4084 sed
878 4036 945 4084 nota
962 4030 1129 4085 remissionis
1156 4050 1226 4096 esse,
1243 4040 1275 4087 ut
1293 4032 1346 4086 hec
1363 4033 1469 4087 ratione
1489 4032 1582 4087 omnia
1598 4031 1654 4084 sint
1671 4031 1781 4087 munda
1816 4031 1860 4086 De
1878 4032 1986 4087 interna

302 4138 387 4175 coram
407 4119 478 4173 Deo.
514 4116 545 4172 si
564 4115 685 4170 offensas
703 4115 835 4169 fratribus
852 4116 1029 4182 remittimus,
1046 4135 1080 4171 ex
1097 4134 1129 4172 ec
1157 4119 1297 4173 mundicia
1315 4119 1437 4190 loquitur
1455 4119 1483 4172 in
1502 4117 1645 4184 antithesi,
1668 4116 1780 4187 quando
1798 4117 1879 4172 dicit:
1910 4121 1986 4187 quod

302 4208 332 4262 de
350 4205 512 4262 remissione
530 4208 706 4273 peccatorum
725 4220 817 4257 coram
832 4204 891 4258 Deo
909 4203 978 4258 certi
995 4220 1054 4258 esse
1066 4220 1127 4272 pos·
1156 4207 1233 4258 intra
1250 4223 1299 4260 vos
1317 4214 1366 4272 eat,
1382 4206 1497 4275 plenum
1517 4213 1557 4257 est
1573 4205 1677 4272 rapina
1693 4211 1718 4256 et
1731 4204 1888 4272 iniquitate,
1908 4205 1986 4274 quasi

304 4311 405 4362 sumus3
434 4291 573 4363 siquidem
598 4289 721 4344 remissio
746 4289 795 4343 illa
819 4296 861 4344 est
878 4306 948 4359 opus
966 4289 1128 4353 dilectionis,
1157 4292 1241 4358 dicat,
1258 4291 1357 4345 stolide
1375 4289 1523 4345 mundiciei
1538 4297 1667 4344 externae
1681 4289 1806 4358 studetis,
1826 4291 1987 4345 cumcorde
2095 4359 2098 4365 Ι

303 4382 410 4437 dilectio
429 4382 472 4433 est
489 4377 594 4432 fructus
613 4375 692 4440 fidei,
718 4374 789 4431 fides
814 4375 843 4430 iu
861 4375 970 4430 Christo
993 4376 1128 4432 remissio·
1156 4377 1271 4432 interius
1298 4394 1354 4431 non
1381 4377 1437 4430 sint
1463 4374 1518 4429 lide
1542 4374 1702 4444 purificata3
1733 4375 1770 4429 ab
1794 4375 1916 4430 interiori
1938 4376 1988 4430 illa

303 4485 358 4522 nem
383 4471 563 4537 peccatorum
592 4462 699 4532 quaerit
725 4466 753 4516 et
777 4460 890 4516 invenit
931 4461 1040 4516 Deinde
1066 4480 1128 4533 pro·
1156 4463 1322 4534 purgatione
1334 4462 1491 4517 faciendum
1509 4468 1569 4517 erat
1587 4460 1711 4531 initium3
1732 4462 1767 4517 de
1784 4469 1897 4518 externa
1909 4480 1987 4517 mun-
2044 4497 2046 4502 ·

302 4533 388 4608 missio
413 4551 451 4605 de
473 4550 634 4605 remissione
657 4553 833 4619 peccatorum
851 4554 894 4602 est
913 4548 1025 4619 quidem
1044 4550 1127 4619 plane
1157 4550 1230 4604 dicie
1249 4548 1325 4617 dicit,
1343 4549 1410 4618 quin
1428 4549 1485 4602 imo
1502 4565 1544 4612 eu,
1564 4566 1637 4618 quac
1654 4551 1767 4616 adserat,
1788 4551 1853 4603 dulc
1871 4550 1902 4603 s‘a
1916 4550 1986 4604 elee-

302 4640 435 4711 gratuita,
463 4636 572 4692 interim
590 4641 682 4690 tamen
702 4653 757 4690 non
774 4639 816 4690 est
834 4633 910 4689 facts
927 4635 1129 4705 impoenitenti·
1157 4654 1302 4704 mosymem
1323 4643 1350 4688 et
1373 4651 1434 4688 ecce
1456 4635 1548 4688 omnia
1568 4643 1648 4687 aaut
1668 4637 1775 4688 munda
1790 4636 1881 4705 ochas,
1906 4637 1986 4707 quasi

302 4727 356 4793 bus,
372 4722 599 4794 implacabilibus
620 4727 648 4776 et
667 4721 779 4788 securis,
799 4721 849 4774 sed
867 4720 931 4788 illis,
952 4722 999 4792 qui
1016 4728 1131 4790 peccata
1159 4724 1246 4791 dicat,
1278 4723 1301 4776 si
1331 4722 1405 4776 intus
1428 4739 1477 4776 vos
1500 4720 1684 4792 purgaveritis
1708 4738 1774 4777 vera
1795 4720 1850 4776 lide
1872 4726 1901 4777 et
1920 4722 1987 4777 ioris

302 4817 467 4883 agnoscunt,
498 4808 552 4862 fids
578 4807 717 4862 Christum
741 4807 945 4876 amplectuntur
967 4812 996 4861 et
1020 4823 1053 4860 ex
1076 4806 1133 4863 lide
1159 4809 1361 4879 eleemosynam
1381 4807 1524 4874 dederitis,
1541 4815 1608 4864 tuuc
1628 4808 1721 4862 omnia
1738 4813 1819 4863 sumt
1836 4809 1946 4875 munda
1964 4809 1987 4863 si

302 4898 367 4954 bene
385 4902 534 4968 operantes
551 4894 675 4965 proximo
692 4895 807 4964 injurias
828 4893 993 4948 condonant.
1027 4894 1131 4948 Remit-
1158 4896 1203 4950 vel
1226 4895 1342 4949 maxime
1367 4894 1416 4948 illa
1441 4894 1615 4965 poculorum,
1638 4895 1795 4965 patinarum
1812 4899 1862 4949 etc.
1880 4895 1988 4949 mundi-

302 4984 423 5040 tantibus
446 4982 533 5052 igitur
557 4981 681 5050 proximo
705 4981 881 5035 remissurum
907 4996 968 5034 sese
986 4980 1133 5050 pollicetur
1159 4982 1214 5036 cies
1232 4999 1288 5035 nou
1305 4979 1420 5035 aceedit.
1453 4979 1576 5034 Rcvocat
1595 4979 1668 5034 enim
1685 4980 1811 5036 Christus
1824 4979 1988 5035 Pharisaeos

302 5070 393 5138 Deus,
431 5085 486 5122 ηοη
521 5073 615 5122 tamen
646 5073 759 5138 propter
790 5066 978 5121 remissionem
1009 5067 1132 5137 proximo
1159 5067 1355 5123 aceremouiis
1372 5067 1409 5121 ad
1428 5083 1512 5136 opera
1529 5067 1658 5135 moralia,
1683 5067 1712 5120 in
1733 5066 1788 5132 his,
1812 5085 1867 5122 uon
1886 5067 1987 5122 inillis

303 5158 414 5225 iactam,
442 5155 491 5209 sed
518 5171 550 5209 ex
577 5161 667 5225 gratia
697 5153 819 5209 remittit
864 5153 985 5207 Proinde
1019 5154 1130 5222 quando
1160 5154 1325 5208 mundiciam
1351 5152 1412 5208 Deo
1430 5152 1584 5224 placentem
1605 5153 1755 5208 consistere
1775 5154 1883 5208 docens.
1921 5154 1986 5219 Qui-

303 5243 423 5313 proximo
455 5239 634 5306 remittimus,
667 5246 734 5293 tuuc
763 5246 918 5295 removetur
950 5238 1132 5310 obstaculum,
1159 5242 1223 5295 dam
1251 5238 1282 5293 τὸ
1307 5248 1388 5293 erunt
1416 5246 1557 5309 exponunt
1579 5255 1629 5309 pro
1652 5244 1853 5310 agnoscentur,
1869 5245 1911 5307 ,ut
1935 5240 1988 5296 hac

304 5331 372 5400 quod
389 5327 526 5398 plurimos
543 5327 672 5397 impedit,
701 5327 846 5398 quominus
864 5326 1050 5381 remissionem
1068 5344 1131 5397 pec·
1158 5327 1264 5381 ratione
1289 5343 1343 5380 nou
1368 5343 1465 5395 causa,
1490 5326 1539 5381 sed
1565 5325 1716 5380 declaratio
1740 5324 1888 5380 mundiciei
1905 5326 1987 5387 inter-

303 5424 423 5472 cetorum
450 5431 561 5470 suorum
592 5420 802 5486 consequantur.
848 5412 976 5484 Denique
1003 5413 1051 5483 qui
1077 5430 1211 5473 non.nae
1241 5413 1420 5484 exprimatur,
1449 5415 1516 5467 dete
1536 5414 1751 5480 eleemosynam,
1776 5421 1802 5465 et
1825 5428 1886 5465 ecce
1906 5425 1987 5468 eant

305 5503 414 5559 remittit
429 5501 568 5572 proximo,
597 5501 619 5555 is
639 5519 671 5557 eo
690 5500 751 5571 ipso
770 5506 902 5560 testatur,
931 5515 961 5552 se
978 5499 1023 5554 vel
1039 5517 1132 5555 veram
1156 5502 1233 5554 vohis
1251 5502 1345 5553 omnia
1362 5503 1476 5567 muodo,
1493 5499 1547 5554 hoc
1563 5505 1606 5554 est
1618 5504 1685 5552 tunc
1696 5497 1850 5567 apparebit,
1862 5516 1912 5554 vos
1924 5517 1985 5558 esse

305 5588 380 5646 iidem
399 5606 544 5660 nunquam
564 5587 707 5656 habuisse,
731 5586 776 5641 vel
801 5604 862 5642 eam
881 5587 979 5640 iterum
995 5587 1131 5656 amisisse;
1152 5587 1288 5655 mundos3
1308 5605 1372 5641 nam
1390 5604 1424 5642 ex
1442 5587 1497 5641 illis
1514 5585 1643 5657 operibus
1661 5583 1797 5651 caritatis,
1816 5601 1871 5639 non
1891 5592 1984 5641 autem

304 5693 364 5732 vera
387 5677 464 5733 euim
485 5677 561 5744 fides
586 5683 625 5727 cst
642 5676 745 5738 efficax
758 5691 813 5744 per
831 5674 1007 5727 dilectionem
1027 5672 1089 5728 Gal.
1107 5680 1131 5739 5,
1157 5690 1190 5727 ex
1216 5673 1366 5729 lotionibus
1382 5674 1499 5729 extemis
1517 5681 1545 5728 et
1562 5669 1789 5726 ceremonialibus
1812 5671 1848 5725 de
1872 5671 1927 5726 fids
1953 5680 1982 5726 et

303 5770 365 5821 ut.
389 5765 466 5819 idem
487 5762 642 5817 ostenditur
660 5762 688 5816 in
705 5761 840 5833 parabola
865 5760 950 5829 servi,
976 5760 1023 5831 qui
1046 5760 1130 5831 impe·
1156 5760 1294 5815 mundicia
1317 5760 1425 5815 interna
1443 5759 1574 5830 judicari⁴
1587 5763 1686 5828 potest.
1722 5756 1783 5821 Quo
1800 5758 1922 5830 pertinet
1939 5775 1981 5815 re·
