4800 6659
375 519 380 530 ¹
469 445 531 505 su
1123 433 1490 497 ‘menenensnrns

355 2842 393 2884 11.
407 2841 452 2884 116.

335 2900 356 2944 1.
373 2903 439 2954 Quod

337 2954 436 3002 Spiritus

336 3009 429 3045 sanstus

335 3056 450 3097 1011110-

335 3112 408 3150 mur.

467 610 542 649 mum
563 605 627 649 enm
644 591 756 651 Christo
777 596 966 666 mum'sipr'tur,
989 596 1086 650 interit
1105 614 1140 650 aa
1158 596 1302 665 sepelitur,
1328 589 1480 659 Spiritus.
1516 598 1542 647 4.
1560 590 1643 655 Quod
1662 590 1693 644 in
1711 587 1851 660 baptismo
1864 588 2006 645 Cierium
2023 589 2197 690 s'nsisriususg·¹

467 689 498 733 ut
518 687 649 748 resurgat
670 697 758 735 nouus
775 682 870 751 tomo,
896 681 991 752 quiin
1008 681 1082 737 vitae
1100 682 1225 737 novitate
1241 680 1303 737 Dea
1326 675 1420 733 Galat.
1440 683 1463 741 3,
1483 683 1565 733 121.
1589 676 1623 731 Id
1642 676 1716 730 enim
1737 674 1770 730 lit
1786 692 1843 730 non
1860 674 1950 730 solnm
1970 676 2008 730 ad
2020 692 2197 747 regenernr..

466 768 574 821 serviat.
611 766 689 822 Rom.
708 773 737 835 6,
761 773 836 823 131
864 768 1025 837 Quicunque
1049 769 1185 837 baptisati
1209 784 1303 821 summ
1326 764 1442 832 tionem,
1470 769 1606 833 <quatenus
1631 762 1688 817 fide
1715 763 1745 815 in
1767 761 1907 817 Christum
1932 762 2058 817 omnium
2085 764 2166 819 bene·

466 854 496 906 in
519 851 632 907 Christo
655 854 740 922 Jesu,
769 855 800 907 in
824 865 940 908 mortem
959 859 1021 924 ejus
1040 856 1175 923 baptisati
1191 871 1303 917 sumus;
1327 849 1451 903 liciorum
1468 848 1557 920 ipsius
1576 848 1727 917 participes
1746 847 1895 915 reddimur,
1911 848 2024 917 justitia
2045 850 2107 917 ejus
2126 849 2166 903 in-

466 956 491 992 v.
508 947 538 995 t:
556 941 712 1010 consepulti
729 942 801 993 enim
818 959 913 993 sumere
930 959 991 994 cum
1004 941 1055 995 illo
1069 958 1124 1010 per
1136 940 1301 1009 baptismum
1329 935 1439 990 duimur
1473 941 1502 989 et
1533 934 1650 988 heredes
1674 933 1749 990 ,vitae
1774 937 1904 987 aeternae
1927 934 2093 1002 scribimur3
2118 936 2166 989 sed

467 1026 496 1078 in
523 1033 651 1093 mortem,
674 1033 704 1079 ut
725 1029 959 1095 quemadmodum
983 1027 1111 1081 Christus
1133 1043 1166 1081 ee
1184 1026 1302 1079 mortuis
1330 1021 1413 1077 etiam
1442 1022 1479 1076 ad
1505 1022 1712 1077 renovationem
1736 1020 1816 1074 Rom.
1843 1026 1889 1084 13,
1917 1038 1943 1074 v.
1965 1027 2006 1077 14.
2031 1028 2168 1092 qnatenus

465 1112 587 1164 surrexit
608 1127 662 1180 per
680 1112 802 1179 pluriam
820 1114 934 1180 Patris,
960 1114 1002 1167 ita
1019 1119 1047 1166 et
1064 1130 1115 1167 nos
1131 1114 1161 1165 in
1178 1112 1301 1165 nouitate
1329 1108 1455 1163 Christus
1468 1125 1524 1177 per
1540 1109 1624 1172 tidem
1644 1107 1675 1159 in
1695 1109 1828 1161 cordibus
1841 1108 1946 1161 nostris
1964 1108 2077 1161 habiat
2097 1108 2167 1178 Eph.

464 1198 538 1251 uitae
562 1197 753 1265 ambulemus,·
778 1201 1004 1264 metacismos,
1030 1202 1107 1268 quod
1125 1199 1301 1253 vetus'homo
1329 1202 1358 1262 3,
1382 1212 1408 1248 r.
1431 1201 1470 1250 tt.
1498 1196 1528 1247 in
1556 1195 1645 1262 nobis}
1661 1194 1729 1247 sivit
1755 1192 1819 1247 Gal
1837 1199 1868 1260 2,
1888 1212 1915 1247 v.
1934 1198 1975 1249 26.
2006 1200 2037 1248 et
2061 1194 2167 1249 fructus

466 1291 560 1335 nomer
584 1284 669 1335 simul
694 1284 843 1353 cnuijtmrs
871 1293 928 1353 est,
957 1293 988 1338 ut
1011 1288 1175 1338 destruatur
1201 1299 1302 1352 corpus
1329 1280 1447 1350 Spiritus
1465 1281 1495 1334 in
1512 1279 1592 1334 nobis
1610 1286 1741 1350 operatur
1759 1278 1823 1333 Gal.
1843 1286 1867 1343 5,
1887 1297 1913 1333 r.
1934 1284 1978 1335 22.
2006 1280 2104 1352 Atque
2121 1281 2166 1335 hic

463 1371 587 1439 peceati,
615 1377 646 1423 ut
668 1370 786 1423 ulteriru
811 1389 866 1425 non
884 1373 1038 1425 serviamus
1051 1380 1177 1441 peecata.
1198 1369 1258 1424 Col.
1278 1375 1301 1437 2,
1329 1375 1370 1421 est
1393 1384 1480 1421 novus
1497 1366 1544 1421 ille
1561 1365 1655 1431 home,
1674 1381 1756 1435 quem
1773 1365 1888 1421 induere
1904 1366 2040 1435 jubemur
2059 1366 2119 1423 Col.
2141 1373 2165 1431 3,

1314 1425 1316 1435 t

466 1475 490 1509 v.
510 1462 558 1511 12:
577 1455 742 1524 Consepulti
760 1458 825 1509 estis
843 1474 904 1509 eum
925 1459 1037 1511 Christo
1055 1459 1085 1510 in
1105 1456 1252 1526 baptismo,
1271 1455 1302 1507 in
1327 1470 1353 1506 v.
1375 1459 1413 1509 10.
1443 1452 1573 1506 nimirum
1589 1453 1699 1506 1111111
1712 1452 1940 1520 misericordias,
1959 1454 2166 1519 benipnitatem,

467 1561 521 1611 qus
539 1551 565 1598 et
584 1544 777 1595 resurrexistis
790 1545 948 1610 perfidem,
966 1561 1048 1611 quarn
1064 1551 1199 1611 operatur
1213 1544 1301 1608 Deus,
1327 1539 1519 1602 bumilitatem,
1539 1540 1713 1606 modestiam,
1730 1541 1904 1609 patientiam,
1923 1545 1957 1593 ut
1967 1539 2073 1595 ibidem
2086 1559 2112 1596 1.
2128 1547 2165 1596 12.

467 1630 517 1697 qui
535 1630 665 1681 excitauit
683 1629 764 1681 iilum
784 1631 940 1682 amortuis.
967 1628 1185 1698 *tergestinus
1204 1633 1301 1681 eontra
1327 1624 1481 1694 exponitur.
1524 1632 1548 1680 5.
1568 1625 1650 1689 Quod
1672 1641 1723 1694 per
1745 1624 1916 1695 baptismum
1940 1625 1970 1679 in
1990 1626 2093 1680 foedus
2112 1617 2197 1708 111ἰῇΙ

465 1714 626 1769 Julianlib.
640 1722 664 1782 6,
676 1731 699 1768 e.
714 1721 742 1769 1:
755 1715 839 1776 Quid
851 1723 891 1767 est
903 1716 932 1768 in
944 1723 1031 1767 morte
1045 1713 1152 1769 Christi
1164 1713 1303 1782 baptisari
1327 1710 1475 1779 recipimur
1492 1718 1514 1766 1.
1532 1710 1608 1765 Ρ111.
1626 1716 1651 1776 3,
1671 1727 1696 1762 v.
1716 1715 1758 1766 21.
1799 1709 1862 1764 Ηο1
1878 1710 1952 1764 enim
1969 1711 2072 1766 foedus
2091 1729 2162 1767 com·
2174 1722 2197 1762 n

465 1802 749 1869 nr'sipeccatomorit
771 1800 808 1855 Et
821 1807 929 1869 postea:
945 1800 1088 1862 Quomodo
1102 1798 1231 1852 Obristus
1242 1815 1300 1850 mo·
1326 1796 1458 1866 plectitur
1477 1814 1533 1851 non
1561 1799 1649 1852 solum
1672 1798 1909 1868 regenerationem
1934 1805 1963 1852 et
1985 1784 2195 1868 peccatornm⁹

465 1888 566 1940 rienda
583 1886 766 1940 similitudini
779 1888 891 1955 peceati
904 1894 1023 1954 peceato
1044 1893 1168 1940 mortuus
1181 1885 1300 1953 praedi·
1327 1883 1531 1951 remissionem,
1550 1884 1600 1937 sed
1621 1883 1705 1938 etiam
1724 1883 1931 1939 renovationem
1949 1900 1983 1938 ae
2002 1884 2124 1955 Spiritus
2141 1904 2162 1939 s.

465 1981 553 2038 catur,
570 1973 612 2026 ita
629 1974 784 2042 quicunque
805 1975 834 2026 in
853 1974 906 2027 illo
917 1973 1014 2041 suerit
1031 1973 1200 2041 baptizatus,
1226 1971 1300 2023 idem
1327 1968 1512 2033 donationem,
1535 1970 1637 2025 ierem.
1662 1975 1708 2033 31,
1727 1988 1754 2023 v.
1777 1975 1825 2025 ³1:
1851 1971 1967 2024 Feriam
1993 1987 2057 2025 aum
2081 1974 2163 2025 domo

459 2068 592 2128 peccato,
619 2061 701 2127 eujus
726 2062 756 2112 in
783 2059 893 2113 Christo
919 2059 1075 2112 similitudo
1104 2076 1160 2111 non
1187 2057 1300 2123 ueritas,
1326 2057 1421 2108 Israil
1440 2057 1545 2121 foedus
1568 2074 1683 2121 aarum·
1706 2061 1799 2111 1331
1827 2057 1915 2124 legem
1932 2074 2025 2110 meam
2042 2059 2162 2113 scribam

464 2145 555 2197 eidem
584 2146 640 2212 rei,
670 2147 751 2214 cujus
782 2147 835 2199 iiia
864 2145 952 2209 fuerit
982 2145 1140 2198 similitudo
1171 2143 1299 2198 moritur.
1326 2143 1356 2195 in
1380 2143 1469 2195 corda
1494 2143 1620 2211 ipsorum
1645 2140 1724 2207 (haee
1748 2146 1791 2194 est
1815 2141 1984 2212 renovatio);
2011 2160 2039 2197 v,
2066 2150 2113 2199 et:
2138 2154 2163 2198 et

463 2246 487 2283 c.
507 2235 536 2284 2:
558 2230 592 2284 Si
608 2249 665 2284 non
678 2249 736 2301 pro
748 2231 880 2299 paruulis
892 2230 1019 2284 Christum
1030 2238 1163 2296 mortuus,
1181 2237 1211 2281 ut
1230 2229 1301 2297 quid
1325 2235 1503 2296 peecatorum
1527 2227 1653 2296 ipsorum
1675 2244 1732 2279 non
1749 2229 1922 2282 recordabor
1939 2228 2067 2298 amplius
2083 2230 2163 2296 (haec

464 2317 662 2385 baptisanturt
699 2317 860 2384 Quicunque
888 2318 961 2370 enim
987 2316 1120 2384 baptisati
1146 2333 1243 2368 sumus
1269 2316 1300 2367 in
1327 2318 1369 2367 est
1385 2313 1558 2384 regeneratio
1570 2312 1600 2365 in
1612 2317 1791 2382 peccatorum
1803 2312 1983 2381 remissione).
2005 2315 2161 2383 1111011311,

465 2403 575 2456 Christo
592 2403 678 2469 Just,
698 2403 728 2457 in
746 2411 834 2457 morte
853 2404 934 2456 iliius
955 2404 1090 2471 baptisati
1108 2419 1210 2455 sumtu.
1248 2402 1299 2455 Sin
1325 2405 1418 2455 1251
1453 2398 1630 2466 Adsperpam
1657 2415 1742 2467 super
1768 2417 1817 2453 uos
1844 2417 1949 2469 aquam
1974 2404 2112 2455 mundam
2136 2408 2161 2455 et

463 2496 555 2540 autem
583 2490 668 2541 etiam
688 2507 746 2557 pro
774 2490 815 2542 cis
840 2497 965 2542 mortuus
991 2496 1044 2553 est,
1073 2489 1124 2556 qui
1145 2506 1219 2541 unus
1240 2505 1298 2556 pro
1326 2485 1532 2538 mundabimini
1552 2485 1588 2536 ab
1606 2484 1732 2539 omnibus
1752 2486 1943 2539 immundiciis
1961 2487 2160 2556 1111111111111

464 2574 590 2627 omnibus
611 2582 735 2627 mortuus
761 2582 814 2638 est,
840 2592 907 2644 erpo
930 2591 1023 2628 omnes
1048 2575 1153 2628 mortui
1182 2583 1248 2627 sunt
1274 2583 1300 2627 et
1325 2577 1367 2626 est
1392 2570 1592 2642 regeneratio);
1621 2572 1811 2625 1261111110
1836 2572 1914 2624 robes
1939 2590 1989 2627 eor
2011 2591 2113 2627 aarum
2136 2583 2161 2628 et

464 2660 513 2712 isti
535 2677 597 2712 cum
614 2659 747 2713 omnibus.
784 2662 824 2713 Et
840 2661 909 2729 quia
928 2661 956 2713 in
972 2668 1089 2730 peceato
1107 2662 1212 2713 mortui
1227 2667 1299 2729 sunt,
1327 2657 1464 2726 Spiritum
1486 2674 1601 2723 nouum,
1627 2658 1760 2719 auferam
1783 2674 1833 2710 eor
1850 2657 1999 2725 lapideum
2017 2676 2053 2713 erc
2071 2663 2161 2714 medio

465 2745 623 2798 moriuntur
640 2753 803 2814 etpotamo,
829 2754 859 2800 ut
876 2748 972 2801 uiuant
989 2748 1064 2810 Deo,
1084 2748 1197 2816 quando
1216 2764 1299 2800 rena·
1325 2744 1412 2797 vestri
1439 2752 1465 2796 et
1490 2744 1565 2797 dabo
1586 2743 1663 2796 uobis
1688 2760 1738 2796 eor
1757 2760 1888 2797 aarnmm
1915 2743 1996 2811 (haee
2022 2752 2065 2801 est
2086 2763 2161 2800 reno·

464 2841 579 2885 semum
598 2848 631 2885 ea
648 2834 753 2886 Deo.**
789 2839 813 2889 3.
833 2833 915 2899 Quod
933 2832 1052 2904 Spiritus
1072 2839 1184 2888 sanctus
1204 2834 1232 2888 in
1250 2833 1299 2888 ba·
1325 2830 1419 2897 vatio).
1444 2830 1478 2883 ln
1488 2828 1627 2898 baptismo
1642 2835 1684 2883 est
1696 2814 1830 2901 obligatio
1841 2829 1993 2899 reciproca,
2001 2830 2068 2888 ideo
2080 2833 2160 2888 111111

464 2914 566 2985 ptismo
587 2917 667 2973 nobis
694 2919 825 2985 donatur,
854 2922 914 2990 ejus
940 2921 1013 2974 enim
1039 2921 1163 2990 operatio
1191 2927 1235 2975 est
1251 2920 1300 2975 illa
1326 2915 1480 2987 baptismus
1497 2916 1598 2970 dicitur
1616 2916 1777 2988 ἐπερώτημα
1789 2920 1834 2983 τῆς
1845 2914 1953 2983 ἀγαθῆς
1967 2917 2160 2987 συνειδήσεως.

464 3003 637 3072 regeneratio
660 3011 689 3059 et
712 3007 867 3070 renovatio,
894 3022 966 3075 quae
991 3006 1019 3059 in
1038 3004 1174 3075 baptismo
1192 3005 1298 3061 contin·
1328 3009 1351 3060 1.
1368 3004 1445 3061 Petr.
1463 3008 1493 3069 3,
1521 3008 1610 3059 121.
1634 3018 1689 3057 non
1715 3002 1805 3056 solum
1829 3002 1896 3074 quia
1919 3004 2093 3060 conscientia
2114 3023 2159 3060 no

463 3089 514 3158 git,
526 3087 590 3144 Joh.
604 3096 629 3152 3,
641 3095 707 3144 161
732 3090 922 3153 Quadratum
935 3095 1023 3144 11111
1037 3092 1158 3160 Spiritu,
1172 3091 1299 3160 Spiritus
1326 3096 1384 3144 stra
1408 3088 1534 3143 redditur
1558 3095 1637 3143 certa
1663 3089 1698 3143 de
1723 3089 1778 3144 Dei
1804 3088 1895 3160 grafia
1921 3093 1950 3144 et
1973 3089 2084 3157 favore,
2113 3092 2160 3147 sed

463 3183 511 3240 ert,
530 3173 583 3227 hoc
602 3180 645 3229 est
662 3175 751 3229 renati
766 3193 816 3244 per
827 3175 996 3245 baptismum
1008 3176 1130 3231 sentiunt
1141 3193 1228 3231 novos
1240 3193 1296 3231 mo·
1326 3177 1409 3231 111111
1427 3175 1493 3249 quia
1511 3176 1668 3248 obligamur
1684 3175 1754 3241 Deo,
1772 3183 1805 3230 ut
1821 3192 1871 3245 pro
1891 3175 2005 3231 summis
2019 3177 2159 3234 beneficiis

462 3265 507 3314 tue
526 3258 660 3330 Spiritus,
680 3260 861 3330 impelluntur
878 3261 1002 3315 advitae
1020 3262 1179 3318 novitatem.
1197 3264 1252 3317 Tit.
1273 3269 1297 3331 3,
1323 3263 1352 3316 in
1369 3280 1420 3318 nos
1438 3262 1546 3318 cadatis
1565 3267 1659 3333 gratos
1677 3276 1727 3317 nos
1739 3261 1793 3332 ipsi
1806 3269 1977 3331 praestemus
1989 3280 2042 3333 per
2054 3281 2160 3319 omnem

460 3363 485 3399 v.
505 3352 535 3400 5:
567 3345 671 3400 Salvos
687 3364 738 3398 nos
759 3348 833 3409 facit
844 3364 899 3416 per
916 3348 1061 3401 lavacrum
1077 3351 1297 3418 regenerationis
1322 3348 1408 3403 vitam
1425 3346 1575 3402 militanda
1592 3349 1693 3401 bonam
1709 3347 1850 3416 militiam,
1867 3348 2021 3403 retinentes
2032 3352 2158 3417 fidcmst

461 3440 488 3485 et
512 3432 701 3485 renovationis
726 3432 852 3501 Spiritus
874 3451 897 3487 s.
904 3456 916 3498 ,·
945 3452 970 3487 r.
990 3441 1024 3489 6:
1049 3452 1129 3503 quem
1148 3438 1249 3505 effudit
1266 3438 1295 3489 in
1323 3437 1424 3489 bonam
1447 3435 1658 3502 conscientiam,
1683 3433 1794 3490 12111.
1818 3440 1845 3504 1,
1866 3452 1892 3487 v.
1916 3440 1956 3490 19.
1981 3436 2094 3508 ipsique
2110 3436 2155 3492 ob·

461 3535 512 3570 nos
535 3518 690 3586 opulenter.
713 3518 794 3573 Idem
818 3525 861 3573 est
883 3519 1001 3590 Spiritus
1028 3522 1294 3590 11031111111114,
1322 3528 1469 3591 sequentes
1498 3521 1584 3575 simus
1612 3522 1641 3574 in
1670 3521 1742 3584 vita,
1769 3519 1797 3572 in
1825 3520 1984 3589 vocatione,
2011 3522 2042 3576 in
2067 3533 2197 3585 crucatt

460 3620 486 3655 r.
511 3607 539 3658 6:
574 3602 648 3665 Quia
675 3605 741 3656 estis
764 3605 822 3667 filii
845 3607 916 3669 Dei,
950 3607 1026 3659 misit
1049 3608 1129 3660 Deus
1156 3607 1345 3676 Spiritum‘o.
1363 3607 1493 3677 Denique
1518 3606 1572 3660 huc
1596 3604 1693 3659 referri
1719 3610 1836 3676 possunt
1860 3607 1954 3660 omnia
1973 3607 2059 3677 dicta,
2087 3593 2197 3682 quaeum.¹

460 3690 534 3743 Filii
551 3690 597 3741 sui
614 3690 645 3741 in
662 3692 752 3743 corda
770 3699 881 3758 vestra,·
896 3691 969 3745 idem
989 3697 1032 3745 est
1050 3692 1168 3747 arrhabo
1188 3693 1295 3750 heredi·
1322 3694 1356 3747 de
1376 3692 1584 3762 regeneratione
1603 3697 1631 3745 et
1648 3691 1786 3746 fructibus
1805 3692 1840 3745 ad
1857 3691 1935 3746 illam
1953 3694 2152 3763 pertinentibus
2160 3700 2197 3750 nt

459 3773 525 3829 tatis
548 3779 672 3841 nostrae,
696 3775 818 3845 sigillum
841 3783 869 3831 et
893 3775 1050 3848 obsignatio
1071 3779 1295 3849 regenerationis,
1321 3785 1423 3849 agimt,
1454 3776 1591 3848 siquidem
1621 3778 1762 3832 renovatio
1791 3795 1855 3833 eum
1881 3780 2092 3848 regeneratione
2117 3781 2167 3835 ire·

458 3858 577 3915 foederis
599 3866 629 3915 et
651 3861 839 3930 promissionis
863 3862 898 3917 de
923 3864 981 3916 rita
1003 3869 1117 3919 aeterna
1144 3873 1167 3920 2.
1188 3865 1250 3920 Cor.
1271 3872 1294 3929 1,
1321 3864 1434 3918 dividuo
1459 3880 1533 3918 nexu
1556 3863 1708 3931 conjuncta
1727 3868 1784 3928 est,
1818 3864 1872 3918 Tit
1892 3869 1923 3928 3,
1941 3881 1968 3921 s.
1989 3871 2014 3922 5.
2040 3867 2085 3921 Ao
2096 3869 2153 3935 fids

458 3964 484 3998 v.
503 3952 545 4001 21.
563 3952 611 4001 22.
642 3946 713 4018 Eph.
736 3953 764 4016 1,
790 3953 877 4002 113.
904 3953 994 4003 1114.
1029 3966 1052 4003 e.
1071 3956 1100 4019 4,
1126 3967 1151 4004 v.
1171 3958 1213 4006 30.
1248 3951 1294 4005 Sic
1316 3951 1508 4019 purificantur
1543 3951 1634 4002 corda
1667 3949 1762 4005 Actor.
1795 3957 1840 4017 15,
1872 3968 1898 4003 r.
1931 3957 1957 4008 9.
1991 3968 2060 4008 sara
2088 3952 2153 4008 lidae

462 4030 563 4085 1.(101.
585 4039 628 4101 12,
653 4050 679 4090 r.
702 4040 741 4089 13.
766 4035 797 4087 in
821 4051 875 4086 uno
895 4034 1005 4101 Spiritu
1029 4036 1059 4087 in
1084 4053 1169 4088 unum
1191 4055 1294 4105 eorpus
1321 4045 1362 4090 111
1386 4037 1490 4105 effisos
1508 4051 1564 4103 per
1583 4035 1744 4102 caritatem,
1779 4034 1873 4090 Galat
1893 4043 1923 4104 5,
1941 4053 1967 4091 s.
1986 4043 2011 4093 6.
2032 4056 2098 4093 cum
2115 4056 2153 4094 re

459 4115 595 4184 baptisati
622 4118 752 4182 dicimur,
779 4119 831 4173 hoc
856 4124 899 4172 est
924 4117 1074 4187 accipimus
1100 4120 1129 4172 in
1155 4120 1293 4191 baptismo
1320 4122 1654 4192 missione-peccatorum
1681 4121 1831 4191 conjuncta
1857 4128 1900 4176 est
1927 4122 2043 4179 donatio
2073 4124 2155 4196 Spiri-

460 4200 593 4271 Spiritum
614 4222 635 4256 s.
655 4205 704 4272 qui
726 4221 776 4257 nos
800 4202 888 4257 efficit
906 4203 1029 4256 membra
1048 4204 1171 4273 eorporis
1191 4206 1293 4263 Christi
1320 4215 1364 4263 tus
1382 4226 1404 4262 s.
1441 4214 1464 4263 1.
1480 4208 1542 4262 Cor.
1561 4212 1587 4272 6,
1604 4224 1629 4263 r.
1650 4213 1690 4262 11.
1715 4207 1770 4268 Qui
1787 4217 1828 4262 est
1843 4208 1873 4262 in
1896 4208 2008 4263 Christo
2028 4219 2070 4265 est
2088 4230 2157 4267 noro

459 4286 577 4356 mystici.
613 4287 677 4342 Hue
695 4288 878 4356 referendum,
898 4289 972 4359 quod
991 4288 1019 4342 in
1036 4288 1175 4360 baptismo
1192 4291 1294 4347 Christi
1321 4302 1461 4349 creatura,
1495 4294 1550 4357 Qui
1568 4293 1676 4349 Christi
1691 4301 1764 4359 sunt,
1781 4294 1948 4361 crucifigunt
1965 4313 2080 4351 carnem
2098 4316 2157 4353 cnm

459 4372 579 4442 Spiritus
610 4393 631 4427 s.
669 4375 698 4428 in
734 4374 826 4444 specie
864 4373 1010 4431 columbae
1041 4394 1124 4446 super
1153 4376 1294 4435 Christum
1321 4380 1466 4449 affectibus
1496 4387 1522 4433 et
1548 4378 1780 4447 concupiscentiis
1818 4378 1881 4435 Gal.
1914 4386 1948 4447 5,
1977 4396 2003 4435 v.
2031 4388 2075 4440 24.
2111 4387 2158 4453 qui

459 4459 603 4513 descendit
627 4459 777 4524 11111113,
801 4479 826 4516 v.
852 4467 890 4516 16.
932 4461 994 4524 Quo
1021 4462 1209 4533 significatum
1232 4421 1433 4535 fnitldpiritu
1461 4466 1521 4519 Dei
1544 4473 1667 4531 spuatur
1692 4465 1844 4529 radamus
1861 4481 1931 4535 opus
1949 4465 2075 4536 bonum),
2095 4479 2157 4524 sust

458 4544 609 4614 baptisatis
632 4547 728 4602 datum
747 4548 782 4601 iri
801 4547 934 4618 Spiritum
952 4564 974 4600 1.
993 4548 1059 4604 licet
1077 4566 1132 4607 non
1149 4568 1182 4605 eo
1201 4553 1291 4621 modo,
1313 4552 1375 4619 filii
1391 4552 1451 4605 Dei
1472 4550 1551 4605 Rom.
1569 4558 1597 4618 6,
1616 4569 1641 4604 v.
1661 4557 1701 4606 14.
1737 4559 1764 4604 11
1787 4553 1848 4606 sins
1870 4553 2060 4609 sanctimonia
2078 4573 2156 4611 nemo

459 4646 511 4686 nee
533 4631 562 4683 in
584 4631 634 4685 tali
653 4649 795 4702 mensura,
820 4634 849 4687 in
872 4648 928 4704 qua
945 4631 1055 4688 Christo
1074 4637 1227 4691 secundum
1244 4639 1293 4693 hu·
1319 4639 1423 4692 uidebit
1441 4641 1534 4692 Deum
1553 4637 1640 4693 Hebr.
1661 4643 1706 4701 12,
1725 4655 1750 4690 v.
1774 4644 1813 4693 14.
1832 4705 1837 4709 ,

459 4732 569 4771 manam
592 4723 719 4771 naturam
741 4719 797 4773 fuit
818 4720 908 4774 datus.
944 4719 1009 4776 Aet.
1029 4726 1059 4784 2,
1078 4738 1104 4776 v.
1124 4726 1170 4777 38:
1190 4724 1293 4795 Bapti·
1357 4730 1413 4779 114.
1450 4723 1539 4795 Atqui
1564 4723 1594 4777 hi
1622 4729 1687 4777 sunt
1710 4723 1846 4778 salutares
1872 4724 2007 4795 baptismi
2030 4725 2197 4796 effectuum

458 4810 536 4856 auur
558 4804 745 4872 unusquisque
768 4813 888 4858 vernum
911 4806 941 4858 in
963 4806 1075 4859 nomine
1096 4808 1168 4861 Jesu
1188 4811 1296 4865 Christi
1319 4827 1388 4881 quos
1406 4811 1493 4881 aliqui
1510 4810 1562 4864 hoc
1583 4809 1679 4864 ordine
1698 4816 1874 4878 enumerant,
1892 4818 1924 4865 ut
1942 4811 2052 4881 dicant,
2073 4785 2197 4883 finemiii

458 4898 484 4942 et
508 4889 654 4957 accipietis
676 4891 779 4943 donum
799 4891 925 4958 Spiritus
944 4910 967 4945 s.
1003 4891 1162 4963 “cyrillus
1183 4894 1213 4949 in
1229 4895 1293 4952 doh.
1319 4897 1449 4967 baptismi
1467 4913 1527 4951 esse
1546 4896 1701 4965 duplicem,
1727 4896 1908 4967 principalem
1926 4903 1954 4953 et
1971 4898 2064 4955 minua
2082 4888 2197 4978 prin-,⁸2¹

458 4991 482 5027 o.
501 4980 548 5030 42:
574 4978 620 5029 Ee
646 4975 697 5029 itae
725 4976 788 5040 (uiri
814 4977 876 5046 quis
902 4984 1014 5031 renatus
1045 4977 1130 5033 fuerit
1151 4998 1184 5035 ex
1208 4981 1443 5058 aqua)5oipalem.
1483 4982 1667 5050 Principalem
1691 4980 1774 5035 finem
1800 4988 1925 5038 statuunt
1949 5000 2011 5040 esse
2030 4987 2077 5041 111
2094 4994 2197 5058 pro-¹⁸¹

457 5061 608 5129 dussimus,
627 5063 735 5115 idcirco
748 5079 801 5113 nos
815 5064 874 5115 Dei
888 5064 952 5126 fieri
965 5064 1139 5133 participes,
1161 5070 1293 5135 quoniam
1304 5061 1307 5076 ’
1318 5068 1438 5139 piorem,
1458 5068 1502 5122 vel
1519 5068 1701 5121 remotiorem.
1737 5067 1897 5137 Propiorem
1916 5084 1978 5125 esse
1996 5071 2098 5127 dicunt
2112 5088 2150 5128 re

458 5146 605 5215 Spiritum,
630 5148 681 5216 qai
697 5147 921 5201 substantialiter
937 5167 969 5201 ee
988 5152 1051 5202 Deo
1068 5154 1214 5221 procedit,
1237 5172 1293 5223 per
1318 5152 1524 5224 generationem
1541 5152 1678 5206 vocabulo
1697 5154 1864 5223 generaliter
1878 5162 2002 5224 accepto,
2021 5166 2054 5213 ut
2067 5159 2150 5229 ipsam

456 5234 624 5301 bapstismum
653 5233 831 5301 acquirimus,
860 5251 914 5300 quo
940 5236 970 5287 in
988 5237 1143 5303 prr'stinam
1164 5241 1292 5307 pulchri·
1319 5255 1429 5310 quoque
1455 5237 1662 5292 renovationem
1686 5239 1792 5294 ambitu
1818 5256 1868 5294 suo
1885 5242 2095 5312 complectitur3
2111 5260 2146 5299 re

456 5321 580 5372 tudinem
598 5319 751 5387 reformati
767 5326 792 5371 et
810 5320 851 5371 aa
868 5338 967 5373 nouom
987 5322 1073 5375 uitam
1091 5326 1214 5377 renutia
1228 5328 1292 5379 Deo
1319 5325 1462 5379 mutierem
1481 5340 1541 5379 esee
1560 5324 1807 5394 apprehensionem
1826 5325 1924 5381 salutis
1936 5332 2076 5384 aeternae.
2100 5328 2144 5383 Mi·

457 5406 486 5459 in
507 5407 589 5474 filios
616 5407 795 5474 adoptamur.
804 5406 836 5439 *⁸
870 5403 1011 5460 Lutherus
1038 5408 1067 5462 in
1096 5417 1168 5480 post.
1194 5390 1370 5491 eoelestnus
1404 5408 1586 5479 principalem
1617 5410 1748 5481 baptismi
1777 5411 1859 5467 finem
1890 5401 1985 5470 itidem
2013 5414 2141 5486 geminum

456 5492 537 5562 epist.
553 5492 628 5546 Fest.
650 5492 756 5546 natalit.
775 5491 822 5546 fol.
842 5496 888 5547 65:
906 5491 942 5544 In
964 5493 1100 5561 baptismo
1119 5498 1207 5550 datur
1228 5496 1505 5566 ὅρι’-1011111111,
1534 5497 1692 5566 generalem
1723 5504 1752 5552 et
1780 5498 1936 5569 specialem.
1985 5499 2138 5556 Genuum

455 5578 527 5631 ritus
544 5595 566 5630 s.
584 5580 652 5647 quia
668 5579 779 5632 Paulus
797 5594 858 5631 eum
876 5586 957 5631 vocat
975 5579 1120 5634 lavacrum
1136 5585 1293 5639 renotatio·
1304 5542 1307 5650 Ι
1317 5582 1401 5637 finem
1418 5587 1521 5636 vocant
1539 5598 1615 5652 eum,
1634 5583 1710 5653 quod
1727 5582 1880 5654 baptismus
1902 5586 1937 5640 sit
1956 5587 2060 5656 partim
2075 5583 2135 5641 1111

455 5665 500 5717 nes
523 5682 576 5734 per
595 5665 732 5732 Spiritum
750 5683 772 5719 s.
800 5667 855 5719 imo
882 5665 912 5719 in
935 5666 1072 5734 baptismo
1097 5670 1240 5724 nascimur
1259 5690 1292 5726 eu
1305 5707 1306 5712 =
1320 5668 1442 5725 monium
1468 5668 1659 5738 professionis,
1682 5671 1782 5739 partim
1804 5689 1904 5726 nervus
1928 5668 2133 5744 congregationis
