4800 6659
931 654 983 711 nn
1003 612 1129 712 ascito
1144 652 1347 712 amaena.
1922 664 1982 723 θοι

289 824 389 883 aquam
416 807 549 882 baptismi
576 827 633 867 non
662 826 721 867 ease
750 809 966 883 regenerationis
994 811 1125 867 medium.
1150 818 1208 865 tum
1232 819 1368 869 sanctum.
1410 815 1435 867 2.
1455 810 1567 867 Diserte
1588 810 1617 867 in
1640 809 1751 868 nomine
1775 810 1860 866 trium
1887 810 1985 868 distin-

289 896 350 954 vid
370 896 454 968 Apol.
474 895 565 956 Torm.
584 914 659 954 conc.
679 916 706 969 p.
726 902 781 954 115.
809 896 861 955 Tb.
880 897 961 954 Wirt
978 897 1008 953 in
1024 897 1122 969 colloq.
1150 903 1257 953 ctarum
1276 912 1456 969 personarum
1485 898 1638 970 baptismus
1665 898 1854 954 administrari
1878 898 1986 970 praeci·

288 981 371 1040 biom.
391 989 453 1041 445.
472 990 530 1040 tto,
1150 985 1234 1055 pitur.
1273 990 1298 1043 3.
1324 984 1563 1050 Quemadmodum
1587 985 1710 1042 officium
1732 985 1850 1042 docendi
1867 1002 1923 1040 non
1941 991 1985 1043 sss

218 1089 249 1120 ss
323 1075 365 1126 et.
399 1068 495 1142 Atque
519 1068 588 1126 haec
611 1070 647 1127 de
670 1069 787 1125 materia
808 1068 940 1141 baptismi
970 1069 1124 1126 dictasint
1149 1078 1272 1142 mutum,
1300 1071 1341 1126 sic
1366 1088 1417 1128 nec
1442 1072 1516 1128 actio
1541 1073 1571 1128 in
1594 1072 1704 1128 nomine
1730 1072 1835 1142 Patris,
1868 1071 1933 1127 Filii
1955 1077 1986 1129 et

218 1132 277 1172 m
288 1153 390 1212 Forma
413 1155 545 1228 baptismi
569 1156 598 1210 in
622 1156 731 1212 actione
765 1156 905 1227 consistit,
935 1156 1065 1213 videlicet
1094 1155 1124 1209 in
1150 1158 1268 1229 Spiritus
1296 1159 1386 1213 sancti
1412 1159 1495 1214 debet
1518 1167 1568 1214 aut
1590 1166 1683 1232 potest
1705 1177 1766 1216 esse
1784 1166 1871 1216 muta
1915 1158 1985 1223 Quis

287 1243 423 1299 mersione
447 1242 566 1306 bominis
592 1242 754 1315 baptizandi
780 1242 808 1297 in
827 1259 941 1315 aquam,
965 1243 1024 1299 sive
1048 1242 1124 1312 quod
1151 1245 1223 1300 enim
1242 1245 1312 1301 alias
1330 1263 1364 1300 ex
1383 1245 1513 1317 gentibus
1530 1246 1627 1312 sciret,
1653 1248 1790 1318 quomodo
1809 1254 1838 1302 st
1854 1246 1884 1300 in
1902 1246 1985 1316 cujus

287 1330 403 1403 perinde
420 1336 476 1401 est,
504 1330 533 1385 in
551 1329 688 1386 effusione
705 1346 809 1402 aquae3
833 1346 866 1385 ac
885 1329 986 1386 deinde
1008 1329 1036 1383 in
1054 1327 1123 1383 reei-
1149 1348 1249 1387 nomen
1266 1332 1453 1403 baptizandae
1471 1333 1585 1388 essent?
1607 1340 1657 1388 aut
1673 1334 1748 1388 undo
1766 1333 1901 1388 ecclesias
1918 1349 1983 1388 con·

287 1418 391 1474 uticus
411 1417 558 1474 verborum
581 1417 776 1473 institutionis:
807 1420 872 1486 Epo
903 1426 930 1471 ts
954 1417 1062 1486 baptiro
1092 1416 1123 1468 in
1148 1419 1332 1486 staretbunc
1351 1418 1492 1474 velillum
1511 1426 1586 1475 certe
1604 1436 1665 1476 esse
1680 1418 1872 1491 baptizatum?
1890 1419 1983 1477 aas·

288 1506 398 1560 namins
416 1506 530 1569 Putris,
552 1505 627 1559 liiii
646 1513 672 1559 st
692 1505 817 1576 &arina
833 1503 940 1568 sancti,
965 1511 997 1558 ut
1014 1503 1043 1559 in
1062 1502 1122 1557 uni·
1149 1505 1267 1576 ptismus
1290 1524 1308 1561 a
1332 1505 1443 1578 vulgari
1469 1504 1612 1562 ablutione
1633 1523 1724 1578 aquae
1750 1508 1803 1563 hoc
1819 1508 1881 1579 ipso
1897 1505 1984 1563 verbo

286 1609 396 1648 versum
418 1597 475 1648 tres
498 1589 696 1646 substantiales
723 1589 855 1661 baptismi
877 1595 972 1662 partes
994 1590 1050 1645 sint
1067 1594 1122 1644 sta-
1148 1599 1177 1647 et
1194 1593 1276 1649 modo
1294 1593 1488 1666 distinguitur,
1513 1599 1546 1647 nt
1566 1593 1596 1648 in
1613 1593 1724 1649 nomine
1739 1592 1844 1664 Patris,
1871 1594 1937 1650 Filii
1955 1599 1985 1650 et

287 1678 419 1748 tuendae,
437 1695 575 1750 quaenon
585 1685 702 1750 possunt
714 1678 809 1734 divelli
827 1677 997 1746 autmutari,
1017 1677 1123 1732 scilicet
1150 1676 1270 1748 Spiritus
1288 1680 1377 1736 sancti
1394 1680 1610 1736 administretur.
1644 1680 1710 1736 Janr
1727 1697 1793 1736 sero
1805 1682 1881 1753 qnod
1893 1697 1984 1737 ewra·

289 1785 373 1838 aqua,
389 1768 502 1821 uerbum
515 1776 541 1822 et
559 1768 641 1832 actio,
660 1784 732 1839 quse
749 1766 942 1838 complectitur
959 1764 1121 1821 mersionem
1148 1771 1273 1820 mentum
1293 1766 1425 1837 baptismi
1449 1784 1467 1821 a
1485 1766 1594 1838 vulgari
1612 1766 1755 1823 ablutione
1775 1784 1865 1840 aquae
1885 1770 1983 1825 distin·

286 1852 405 1908 hominis
423 1853 452 1908 in
467 1869 568 1925 aquam
579 1854 624 1908 rel
642 1869 732 1925 aquae
750 1852 956 1925 adspersionem
975 1857 1004 1908 et
1022 1850 1120 1908 recita-
1148 1850 1218 1921 guit,
1235 1851 1306 1905 illud
1319 1869 1375 1907 nna
1389 1868 1452 1907 cnm
1464 1859 1579 1908 externa
1596 1858 1625 1909 et
1642 1853 1745 1910 risibili
1764 1854 1908 1911 ablutione
1926 1871 1983 1911 om·

287 1939 391 1996 tionem
408 1939 568 1995 verborum:
590 1942 654 2007 Epa
673 1948 699 1994 ts
717 1941 826 2010 baptiso
845 1940 875 1994 in
891 1941 1002 1995 nomino
1015 1938 1121 2007 Patris,
1148 1936 1231 1991 nibus
1249 1936 1406 1994 innotescat
1424 1954 1536 1994 necesse
1554 1944 1611 2005 est,
1639 1938 1743 2011 alioqui
1763 1941 1787 1994 si
1805 1948 1919 1997 externa
1934 1940 1983 1999 sb·
2098 1953 2100 1960 '

218 2021 275 2067 lm
287 2027 361 2082 liiii
378 2035 405 2083 st
425 2028 553 2098 Spiritus
571 2027 671 2082 sancti.
703 2026 784 2091 Quod
804 2026 936 2098 baptismi
952 2026 1042 2081 forma
1059 2041 1122 2079 con-
1148 2022 1218 2078 latio
1236 2024 1335 2080 saltem
1358 2024 1514 2091 videretur,
1536 2025 1651 2080 serbmn
1674 2043 1739 2081 sero
1756 2044 1813 2082 non
1831 2027 1984 2098 audiretur,

287 2114 367 2170 sistat
392 2114 423 2170 in
449 2114 574 2184 actione,
598 2120 677 2186 patet
694 2132 727 2170 ex
745 2114 868 2186 generali
888 2113 936 2168 illo
954 2112 1122 2169 theoremate
1148 2126 1229 2165 nemo
1259 2111 1295 2168 de
1325 2128 1390 2167 sero
1420 2129 1454 2167 ac
1483 2110 1609 2185 legitimo
1638 2112 1776 2183 baptismo
1803 2120 1896 2169 certus
1923 2129 1984 2171 esse

288 2201 412 2274 sumnus
448 2202 639 2274 comprobato,
676 2206 911 2257 numeratum
946 2199 1062 2255 formam
1092 2197 1122 2252 in
1147 2203 1249 2268 posset
1305 2205 1329 2255 5.
1362 2198 1504 2271 Quicquid
1541 2197 1728 2255 CHRISTUS
1761 2200 1902 2271 apostolos
1939 2218 1984 2258 eo·

288 2289 396 2344 satione
423 2288 581 2345 consistere.
602 2289 688 2345 *lam
712 2306 777 2345 sero
801 2288 940 2359 baptisma
963 2292 1006 2343 est
1031 2302 1121 2341 sacra·
1148 2300 1266 2355 rumque
1305 2302 1477 2342 succusores
1517 2284 1547 2339 in
1590 2285 1828 2343 administratione
1869 2286 1985 2359 publiea

286 2381 418 2431 mentum.
444 2374 525 2440 Quod
542 2376 571 2430 in
586 2374 639 2431 hac
658 2381 735 2431 certa
751 2392 785 2430 ac
803 2374 987 2431 determinata
1004 2374 1121 2443 actione,
1148 2370 1279 2443 baptismi
1298 2371 1371 2427 inter
1388 2371 1511 2428 ludaeos
1531 2379 1560 2428 et
1576 2379 1674 2443 gentes
1691 2373 1783 2429 iacere
1800 2374 1895 2445 jussit,
1913 2374 1984 2430 illud
2012 2424 2015 2429 .

286 2460 416 2518 videlicet
441 2461 472 2517 in
498 2462 633 2519 mersione
658 2461 777 2518 hominis
804 2462 833 2516 in
851 2478 954 2533 aquam
978 2460 1037 2515 siro
1052 2459 1121 2514 atiu-
1148 2475 1204 2514 non
1229 2458 1340 2515 occulta
1361 2460 1461 2515 mentis
1479 2459 1647 2530 intentione,
1671 2460 1721 2516 sed
1740 2460 1855 2534 publica
1872 2461 1984 2517 actions

286 2549 364 2603 sione
388 2564 479 2619 aquae
508 2555 537 2605 et
565 2548 726 2605 recitatione
753 2549 900 2605 verborum
932 2547 1121 2609 institutionis,
1147 2552 1176 2601 et
1199 2545 1386 2603 declaratione
1412 2563 1504 2603 coram
1523 2553 1583 2604 tata
1600 2546 1719 2603 eodonis
1735 2547 1897 2607 absolvitur.
1931 2546 1984 2604 At·

285 2633 417 2706 baptismi
435 2633 524 2690 iorma
542 2635 683 2705 consistat,
700 2634 835 2707 probatur
853 2651 886 2690 ex
904 2633 996 2690 serbis
1013 2633 1122 2690 institu-
1147 2632 1195 2703 qui
1213 2631 1350 2705 baptisari
1370 2634 1457 2705 jussit
1478 2634 1592 2706 publiea
1612 2650 1669 2689 non
1686 2634 1804 2707 simplici
1822 2650 1912 2707 aquae
1931 2634 1982 2691 ad·

285 2721 381 2777 tionis:
404 2721 513 2776 Eunias
542 2724 637 2778 doceto
654 2739 747 2778 amnes
765 2730 860 2793 pentes
877 2729 904 2776 et
922 2722 1058 2792 baptisate
1075 2739 1121 2777 sos
1147 2720 1301 2791 sparsione,
1324 2721 1374 2777 sed
1398 2720 1427 2776 in
1455 2722 1566 2778 nornine
1588 2720 1696 2788 Patris,
1720 2720 1788 2777 Filii
1810 2727 1838 2778 et
1862 2720 1982 2794 Spiritus

285 2810 315 2862 in
335 2807 446 2864 nontins
463 2810 582 2879 Patris,
607 2810 683 2864 iiiiii
699 2817 725 2865 st
743 2810 871 2882 Spiritus
888 2810 993 2873 sancti,
1010 2825 1044 2863 ex
1059 2808 1120 2880 qui·
1147 2807 1245 2864 sancti.
1281 2814 1308 2864 6.
1326 2808 1431 2864 Paulus
1450 2809 1542 2881 inquit
1562 2814 1583 2865 l.
1603 2807 1664 2865 Cor.
1689 2813 1716 2878 1,
1736 2827 1763 2864 v.
1784 2814 1829 2865 te:
1857 2810 1933 2863 Num
1951 2809 1982 2863 in

284 2894 337 2950 bus
365 2901 497 2966 apparet,
525 2895 669 2967 baptisare
695 2896 753 2953 sive
770 2903 971 2952 sacramentum
989 2894 1119 2966 baptismi
1146 2896 1256 2948 nomine
1274 2896 1362 2949 Ponti
1385 2897 1522 2966 baptisati
1539 2896 1624 2950 estis!
1651 2911 1724 2968 qnae
1742 2895 1924 2968 interrogatio
1940 2895 1982 2952 lu·

284 2980 486 3047 administrare,
504 2982 573 3038 nibil
586 3000 646 3040 esse
658 2983 735 3039 alind
755 3001 838 3057 qnam
857 2985 886 3038 in
898 2983 1007 3038 nomine
1019 2981 1118 3048 Patris,
1146 2980 1271 3035 eulenter
1297 2981 1432 3050 ostendit,
1460 2981 1629 3052 baptismum
1658 2982 1736 3054 apud
1762 2982 1920 3040 Corinthios
1943 2984 1984 3039 ita

282 3068 350 3124 Filii
367 3074 396 3125 et
411 3068 531 3141 Spiritus
552 3070 642 3124 sancti
659 3069 798 3126 hominem
825 3070 854 3125 in
875 3087 976 3143 aquarn
995 3085 1119 3141 mergere
1144 3066 1230 3121 fuisse
1255 3066 1491 3136 administratum,
1516 3072 1549 3121 ut
1574 3074 1649 3122 certo
1669 3068 1814 3139 sciverint,
1838 3085 1868 3123 ss
1887 3069 1917 3123 in
1934 3085 1983 3123 no·

283 3155 329 3211 vel
353 3171 428 3226 aqua
449 3154 630 3227 perfunder03
656 3173 690 3211 ac
707 3156 824 3228 proinde
841 3162 990 3230 utrumque
1008 3155 1119 3228 requiri,
1145 3154 1219 3208 mine
1239 3151 1341 3208 Christi
1359 3153 1418 3222 vel,
1440 3159 1472 3208 ut
1489 3152 1575 3209 ruba
1594 3152 1726 3223 baptismi
1744 3153 1866 3223 habent,
1885 3156 1915 3208 in
1933 3172 1982 3210 no·

282 3242 416 3299 videlicet
441 3241 558 3297 bominis
583 3242 611 3296 in
637 3259 740 3315 aquam
764 3244 929 3299 mersionem
954 3244 1011 3299 sire
1029 3260 1118 3314 aquae
1145 3241 1217 3294 mins
1231 3240 1381 3293 Trinitatis
1399 3238 1555 3310 baptizatos
1574 3257 1641 3296 esse.
1667 3240 1750 3297 Unde
1763 3240 1895 3297 rero'hos
1909 3240 1981 3297 scire

282 3329 447 3386 effusionem
473 3337 502 3385 et
524 3335 716 3386 sacrosanctae
739 3330 883 3387 Trinitatis
909 3330 1117 3399 invocationem,
1144 3326 1306 3397 potuissent,
1323 3326 1346 3381 si
1359 3326 1476 3381 nominis
1491 3326 1571 3383 istius
1582 3327 1611 3382 in
1622 3327 1761 3399 baptismo
1775 3326 1889 3399 publice
1900 3327 1978 3383 nulls

280 3417 336 3472 hoo
364 3423 408 3473 est
432 3415 579 3471 verborum
604 3416 783 3472 institutionis
808 3416 1007 3473 recitationem.
1054 3416 1118 3473 Non
1143 3413 1458 3470 iactaiuissetmentio?
1477 3413 1646 3472 Gualtherus
1657 3415 1980 3486 oont.Beoan.p,228.”

282 3502 404 3570 sufficit,
433 3502 556 3557 invocari
583 3520 683 3558 nomen
712 3502 819 3572 Patris,
845 3502 911 3557 Filii
938 3510 968 3560 et
999 3502 1118 3574 Spiritus
1143 3501 1329 3558 Bellarminm
1355 3501 1403 3558 lib.
1432 3507 1454 3558 l.
1480 3502 1515 3557 de
1538 3518 1655 3559 sacram.
1680 3519 1704 3560 c.
1724 3508 1765 3559 ie.
1789 3508 1817 3557 et
1833 3501 1882 3559 lib.
1904 3509 1925 3558 t.
1943 3501 2110 3562 damnine

282 3589 375 3646 sancti
393 3606 595 3663 superaquam
613 3589 760 3661 baptismi,
789 3590 838 3646 sed
856 3589 1008 3662 requiritur
1025 3589 1118 3657 etiam,
1144 3588 1221 3659 bapt
1247 3605 1271 3643 c.
1298 3595 1324 3646 3.
1351 3588 1449 3645 itidem
1475 3593 1573 3660 negat,
1603 3589 1768 3658 formulam
1792 3588 1926 3659 baptismi
1948 3588 1980 3642 iss
1991 3567 2107 3664 m&-

281 3677 408 3733 uthomo
428 3676 457 3731 in
474 3693 576 3749 aquam
594 3681 736 3749 mergatur
753 3676 811 3732 sive
828 3694 903 3749 aqua
918 3676 1117 3748 perfundatur3
1144 3676 1269 3730 eccloeis's
1286 3676 1392 3730 nonnis
1410 3676 1562 3730 usitatam
1580 3676 1644 3745 Epa
1662 3683 1688 3731 te
1705 3671 2121 3764 baptisainnonsineffllss·
2152 3668 2160 3679 ’

279 3764 405 3819 vicissim
428 3782 483 3819 non
506 3763 610 3820 sufficit
633 3764 770 3820 hominem
802 3764 832 3819 in
858 3781 960 3836 aquam
984 3780 1118 3835 mergere,
1143 3762 1256 3831 Patris,
1281 3762 1356 3817 Filii
1381 3769 1408 3815 st
1426 3763 1552 3832 Spiritus
1575 3762 1669 3817 sancti
1690 3779 1724 3817 sa
1748 3763 1810 3819 sale
1833 3763 2113 3833 ssanpsliotsresns't

281 3852 327 3907 rel
345 3867 421 3922 aqua
439 3849 620 3917 perfundere,
644 3851 693 3907 sed
712 3850 876 3923 requiritur,
904 3857 936 3907 ut
952 3851 1004 3907 hoc
1021 3850 1072 3906 flat
1088 3851 1118 3905 in
1145 3849 1335 3904 ‹ismarutrari
1353 3865 1455 3918 posse,
1480 3850 1534 3903 ssd
1557 3850 1719 3904 necessario
1747 3852 1789 3904 ad
1810 3851 1980 3905 traditiones
1993 3828 2089 3877 'mm‘

281 3937 394 3992 nomine
411 3937 517 4004 Patris,
541 3936 607 3992 Filii
631 3942 660 3992 et
677 3936 796 4008 Spiritus
820 3938 917 4004 sancti
958 3938 1039 4003 Quod
1061 3955 1117 3993 non
1143 3936 1356 4004 recurrendum.
1378 3933 1605 4005 Respondemus:
1624 3940 1715 3991 exstat
1729 3936 1861 3991 ᾱὶωήυω
1876 3935 1979 3992 Christi

281 4025 419 4080 mersione
443 4024 546 4094 solum,
570 4023 619 4078 sed
644 4029 672 4079 et
694 4023 831 4080 effusione
855 4042 944 4096 aquae
961 4025 1117 4097 baptismus
1145 4023 1320 4079 mandatum:
1349 4022 1489 4091 baptisate
1518 4022 1550 4075 in
1575 4022 1686 4076 namins
1709 4023 1822 4091 Patris,
1852 4022 1928 4076 Bilis·
1953 4029 1980 4077 st

281 4109 406 4183 legitime
423 4109 608 4165 administrari
627 4110 724 4182 possit,
742 4115 840 4183 postea
858 4112 1100 4172 demonstrabitur.
1147 4110 1274 4180 Spiritus
1291 4110 1396 4178 sancti,
1422 4107 1497 4179 quod
1516 4108 1599 4163 simul
1618 4107 1736 4165 formam
1755 4108 1872 4163 actionis
1889 4108 1980 4181 expri·
1991 4124 2031 4170 rx.
2044 4123 2090 4172 m.

317 4202 358 4254 88.
376 4196 492 4252 ”idem
503 4196 1116 4271 cumBellarminostatuitBecanusdejudic.
1144 4197 1211 4265 mit,
1236 4212 1309 4267 quae
1331 4212 1394 4249 curn
1418 4211 1474 4249 non
1497 4194 1600 4266 possit,
1624 4211 1676 4249 nec
1693 4194 1798 4251 debeat
1816 4212 1877 4252 esse
1892 4202 1979 4269 muta,

281 4289 402 4340 controv.
410 4281 524 4360 p.81.§.
532 4282 959 4341 53:80nsusrorbornn0insn·
965 4287 1116 4354 Mattls.28,
1144 4284 1207 4338 ideo
1236 4283 1362 4338 minister
1390 4280 1516 4353 exponit,
1545 4286 1606 4336 tum
1632 4281 1700 4353 qnid
1727 4288 1807 4355 agat,
1835 4292 1895 4340 tum
1922 4298 1980 4357 qua

280 4371 635 4442 s.19.ssrusstlspitimus
649 4379 696 4441 set,
710 4373 788 4442 quod
799 4373 828 4425 in
843 4373 981 4442 baptismo
990 4390 1118 4443 pronun·
1144 4370 1318 4426 auctoritate.
1353 4370 1481 4442 Itemque
1505 4385 1562 4440 qua
1587 4385 1663 4442 aqua
1679 4367 1854 4442 baptizatum
1872 4372 1979 4432 abluat.

281 4459 353 4512 tiari
369 4459 489 4513 debeam
504 4460 573 4513 baec
590 4460 692 4514 verba.-
709 4460 774 4530 Epa
792 4470 820 4515 ts
839 4461 946 4531 baptiso
965 4461 994 4515 in
1008 4462 1119 4515 nornine
1144 4458 1182 4513 Et
1200 4474 1265 4512 cum
1283 4457 1318 4513 de
1333 4474 1363 4514 se
1380 4473 1414 4514 aa
1434 4472 1485 4513 suo
1502 4455 1653 4513 ministerio
1670 4455 1809 4530 loquatur,
1828 4458 1891 4516 ideo
1904 4466 1981 4517 rests

280 4546 381 4601 Patris
397 4545 509 4600 sthiii
523 4555 548 4600 st
564 4546 688 4615 Spiritus
704 4548 812 4617 sanoti;
830 4556 856 4603 st
873 4550 951 4619 qaod
965 4548 1118 4618 baptismus
1143 4545 1235 4617 prima
1259 4561 1379 4616 persona
1402 4545 1503 4601 utitur:
1529 4561 1579 4616 epa
1595 4552 1622 4599 te
1638 4545 1756 4616 baptiso.
1791 4544 1980 4603 Sacramenta·

281 4635 342 4688 sins
353 4633 410 4688 tati
418 4633 565 4687 rabonem
571 4634 805 4702 pronuntiatione
816 4653 873 4690 non
884 4635 921 4689 sit
932 4635 1054 4689 salidus.
1079 4635 1118 4689 At
1143 4650 1205 4687 rum
1223 4650 1288 4687 usus
1309 4631 1525 4704 applicationem
1542 4631 1660 4704 requirit
1677 4631 1707 4686 in
1719 4632 1844 4705 singulis,
1862 4633 1910 4705 qni
1923 4632 1979 4687 illis

282 4723 309 4775 si
321 4721 425 4790 aliquis
439 4726 562 4789 nsparst,
580 4720 653 4773 hunc
672 4736 730 4774 esse
747 4737 866 4789 ameum,
885 4729 912 4775 st
930 4722 1045 4789 diceret,
1061 4739 1118 4775 non
1144 4726 1260 4775 utuntur
1283 4717 1380 4775 Actor.
1405 4725 1436 4789 2,
1460 4737 1487 4775 r.
1513 4723 1561 4776 38:
1599 4719 1766 4788 Baptizatur
1790 4720 1980 4788 unmwisqsss

281 4825 340 4862 esse
356 4825 427 4877 optes
436 4806 626 4875 pronuntiare
647 4805 716 4861 lass
734 4808 820 4862 rerba
838 4808 869 4861 in
886 4808 996 4864 nomine
1014 4807 1117 4878 Patris,
1143 4815 1272 4861 restrum.
1307 4805 1398 4877 Igitur
1424 4805 1510 4862 verba
1527 4804 1612 4874 baec,
1636 4805 1773 4875 baptisate
1790 4822 1851 4874 sos,
1875 4819 1930 4858 non
1947 4802 1976 4858 in

281 4894 347 4950 Filii
366 4900 394 4949 et
412 4892 532 4964 Spiritus
551 4892 654 4962 smcti,
680 4896 733 4949 ssd
749 4896 901 4964 sufficere,
920 4896 948 4948 si
966 4896 1027 4965 qais
1045 4896 1117 4950 inter
1143 4910 1245 4966 genere
1268 4890 1434 4962 eruuntur,
1458 4892 1507 4947 sed
1533 4890 1571 4946 ad
1591 4907 1815 4964 unumquemque
1830 4889 1977 4961 baptisan-

282 4982 483 5051 baptizandam
506 4981 608 5035 habam
634 4978 774 5034 internam
796 4982 968 5035 voluntatem
988 4990 1013 5035 st
1030 4983 1115 5036 intsn·
1144 4982 1210 5036 dum
1229 4981 1388 5052 diriguntur
1407 4975 1620 5048 compellatione
1631 4977 1766 5051 singulari
1784 4984 1812 5033 et
1823 4976 1977 5047 individua,

280 5070 383 5122 nonem
402 5067 565 5136 baptizandi
582 5068 612 5120 in
626 5067 943 5122 nominaranctissimae
958 5069 1116 5134 Trinitatis,
1143 5068 1272 5123 videlieet
1299 5084 1349 5134 spo
1374 5066 1483 5136 baptiso
1509 5072 1543 5121 ts.
1583 5063 1727 5121 Ecclesiae
1749 5062 1874 5120 Graecae
1899 5065 1977 5132 “(ut

281 5171 337 5224 qao
364 5154 446 5207 illuns
467 5155 708 5223 cmsutarsmusi
728 5171 766 5207 on
796 5170 829 5207 sa
854 5154 925 5208 solis
952 5157 1116 5226 Scripturas
1143 5163 1170 5210 et
1187 5153 1397 5221 Moscositicae,
1432 5151 1563 5223 inopere
1581 5150 1716 5206 devanis
1734 5147 1973 5209 reahioscoritit.

280 5241 393 5296 verbm
414 5241 487 5295 uitii
510 5244 611 5297 minus.
651 5243 728 5296 Nam
747 5241 803 5296 itta
821 5242 919 5311 verba,
943 5241 1117 5313 baptizantes
1143 5240 1304 5297 auctoribus
1323 5258 1349 5312 p.
1373 5242 1474 5308 ¹3⁶·)¹”
1504 5242 1622 5293 utuntur
1643 5238 1726 5294 tertia
1747 5253 1878 5308 persona:
1915 5238 1976 5293 Ba·

281 5346 329 5384 eos
352 5328 381 5383 in
397 5329 509 5387 nomine
525 5328 631 5399 Patris,
660 5328 726 5384 Filii
753 5333 783 5384 et
800 5326 920 5399 Spiritus
936 5329 1037 5399 sancti,
1061 5347 1117 5384 non
1138 5330 1261 5398 ptisetur
1284 5343 1380 5381 sessus
1400 5325 1520 5380 Domini
1543 5324 1573 5379 in
1595 5325 1706 5379 namins
1725 5324 1838 5394 Patris,
1859 5324 1933 5378 [tilii
1944 5332 1978 5380 st

282 5417 389 5484 dicunt,
400 5417 525 5471 vocalem
540 5416 690 5472 Trinitatis
703 5415 904 5472 invocationem
913 5417 1119 5489 adhibendam
1146 5415 1275 5483 Spiritus
1291 5413 1390 5483 sancti,
1407 5430 1459 5484 per
1478 5429 1563 5484 quam
1579 5411 1646 5468 licet
1664 5410 1819 5482 integritati
1839 5416 1868 5466 et
1884 5410 1977 5467 effice·

280 5505 356 5558 unde
379 5521 444 5573 erpo
471 5511 579 5560 constat
596 5506 745 5575 oportere!
769 5520 801 5558 es
816 5504 905 5574 prasn
921 5512 947 5558 st
964 5506 1119 5561 traditione
1145 5501 1204 5557 aiae
1217 5499 1349 5571 baptismi
1366 5498 1435 5554 nihil
1453 5498 1579 5566 decedat,
1596 5504 1689 5555 tamen
1707 5496 1797 5552 forma
1809 5496 1839 5551 ia
1850 5496 1976 5555 ecclesiis

281 5591 425 5646 molesiaa
457 5590 492 5644 Si
508 5592 579 5647 bans
591 5592 709 5664 respuis,
729 5608 784 5646 non
796 5590 909 5645 tabens
927 5591 1016 5646 ullum
1031 5610 1117 5663 pras·
1144 5587 1245 5644 nostris
1269 5586 1374 5641 usitata
1392 5585 1597 5643 convenientior
1615 5589 1658 5640 est
1677 5589 1706 5641 et
1722 5583 1851 5657 proprius
1869 5583 1980 5641 acce&

281 5677 386 5733 sidium
412 5684 513 5730 sonna
538 5679 748 5749 adversarium,
776 5678 826 5748 qui
843 5685 974 5747 reparet,
995 5678 1119 5733 casalem
1145 5676 1181 5731 ad
1208 5673 1371 5729 mandatum
1387 5672 1491 5730 Christi
1508 5673 1537 5728 in
1554 5670 1686 5743 baptismi
1702 5670 1886 5730 institutione.
1926 5674 1979 5728 Su-

276 5763 471 5835 protationsm
486 5776 542 5817 ssss
554 5768 752 5822 necessariam,
783 5764 1006 5836 Respondemus:
1030 5763 1119 5836 1.Ap·
1144 5762 1202 5818 rius
1220 5760 1250 5815 in
1267 5766 1412 5817 comment
1431 5777 1524 5817 rerum
1541 5763 1683 5830 gestarum
1700 5774 1773 5813 anno
1786 5757 1890 5815 Christi
1903 5762 1977 5816 1501.

282 5850 397 5924 pallatio
425 5846 545 5905 nominis
570 5848 647 5906 eluse
671 5852 781 5925 innuit,
810 5852 840 5908 in
868 5849 985 5925 publica
1010 5852 1119 5907 actione
1144 5867 1172 5921 p.
1193 5854 1236 5907 23.
1254 5846 1354 5919 refert,
1372 5846 1564 5904 Alexndrum
1579 5844 1629 5903 VL
1648 5861 1712 5901 eum
1728 5847 1905 5919 percepisset,
1920 5844 1980 5903 Bn-

283 5936 416 6010 bsptismi
434 5932 632 5991 nominandum
648 5939 846 6009 esssPutrsss,
862 5937 972 5995 Ftiiusn
989 5936 1120 6009 stSpirs'·
1145 5936 1243 5995 thonos
1270 5941 1301 5994 et
1331 5934 1401 5992 alios
1426 5933 1562 6009 quosdam
1588 5931 1619 5990 in
1644 5931 1779 5991 limonia
1806 5932 1979 5993 Cnseomm
