4800 6659
390 637 452 695 394
1062 628 1188 687 imis
1202 626 1408 686 menemus

391 798 438 837 σοι
464 784 509 836 nat
534 782 609 857 πάσρ
631 784 664 857 τῇ
687 786 813 858 συνέργφ
841 799 893 840 σου
924 782 1044 856 δυνάμει
1068 782 1220 851 ἀποστῆναι
1245 782 1371 851 parandi
1395 782 1481 836 neria
1506 784 1640 837 66666666
1665 783 1757 836 malos
1783 783 1938 838 daemonas
1959 784 2032 838 certi
2051 785 2080 837 in

380 867 514 944 ἀπὸτοῦ
536 871 633 923 νεωστὶ
654 874 892 944 οφραγιοθέντος,
919 871 999 924 Dens
1017 878 1143 937 sannas,
1167 877 1222 923 ter·
1247 869 1332 921 certa
1343 869 1492 937 precandi.
1494 868 1549 936 )**
1568 868 1612 922 sin
1630 885 1696 924 vero
1714 869 1859 941 abrogatis
1880 869 2028 924 exorcismi
2047 868 2080 924 ab

392 955 485 1010 6166116
509 963 535 1009 et
559 955 700 1025 pieriosns
719 958 749 1011 in
768 958 894 1011 omnibrrs
912 956 1041 1025 operias
1059 964 1087 1010 et
1107 956 1221 1022 fortitu·
1248 954 1295 1022 iis,
1318 955 1366 1025 qni
1388 954 1418 1008 in
1443 954 1570 1024 pluribus
1588 954 1730 1010 doctrinas
1747 954 1923 1012 (1661666666
1942 954 2081 1027 capitibus

392 1044 458 1096 dine
487 1059 541 1096 sua
572 1043 860 1112 incomprehensibilis
893 1050 919 1096 et
951 1041 1222 1111 impervestipabite's,
1249 1040 1426 1111 pertinaciter
1434 1046 1535 1103 errant.
1543 1040 1698 1111 praefracte
1708 1048 1823 1114 urgetur
1832 1043 1982 1114 etquidem
1992 1042 2081 1098 exhoc

282 1165 284 1170 .
391 1129 442 1184 ille
460 1130 510 1199 qni
528 1129 592 1195 tibi,
619 1130 758 1198 6616666,
776 1129 940 1200 praefinivit
959 1128 1069 1183 6666τωί
1087 1126 1224 1198 supplicii
1248 1127 1441 1196 fundamento,
1460 1128 1533 1198 qnod
1553 1125 1634 1181 liberi
1653 1127 1871 1184 Christianomm
1891 1136 1958 1185 ants
1978 1129 2082 1201 baptis·

388 1232 523 1285 6666666,
550 1233 604 1285 per
632 1235 683 1270 nos
710 1217 823 1270 16611166
851 1232 945 1269 servos
972 1217 1093 1283 imperat
1118 1214 1169 1267 tibi
1196 1220 1222 1266 et
1249 1232 1324 1268 mum
1340 1213 1428 1268 sancti
1448 1213 1504 1268 sint
1522 1230 1554 1268 ac
1572 1212 1602 1268 in
1620 1214 1675 1268 Dei
1693 1214 1814 1287 foedere,
1832 1218 1909 1289 quod
1927 1219 2081 1289 baptismus

391 1302 564 1370 condicti-iri
575 1305 720 1372 potentine
740 1312 803 1357 tace
816 1303 899 1368 omni,
919 1311 950 1356 at
963 1303 1085 1356 abactas
1097 1316 1223 1355 arerent
1248 1317 1303 1355 non
1326 1300 1363 1354 611
1385 1300 1519 1368 medinm,
1544 1300 1593 1355 sed
1618 1300 1728 1372 signnm
1743 1310 1772 1358 et
1791 1304 1950 1376 obsignatio
1969 1321 2083 1376 regene-

391 1392 501 1459 sipnato
528 1393 581 1445 etc
617 1406 711 1444 verum
732 1390 816 1445 hasce
840 1389 923 1445 stiam
944 1388 1104 1459 adjungunt
1124 1403 1222 1457 preces
1248 1388 1362 1442 rationis
1393 1393 1546 1441 statano
1576 1387 1606 1441 in
1637 1394 1843 1458 praeposteram
1870 1390 2082 1462 abrogationem

391 1476 420 1531 in
437 1475 520 1530 tertio
539 1474 726 1546 aphorcismo·
744 1474 828 1550 Κύριε
849 1474 969 1545 repant,
990 1473 1089 1534 ὁθεὸς
1107 1477 1154 1528 τοῦ
1169 1472 1223 1526 ’Io-
1249 1492 1305 1528 non
1332 1478 1375 1529 est
1401 1473 1641 1541 consentiendum,
1668 1492 1731 1529 cum
1758 1476 1810 1531 hac
1840 1477 1947 1532 ratione
1969 1477 2084 1532 libertas

392 1540 485 1635 ραήλ,
499 1561 514 1615 ὁ
539 1558 657 1635 ἰώμενος
677 1563 772 1616 πᾶσαν
790 1561 876 1617 νόσον
895 1566 940 1616 661
959 1565 1054 1615 πᾶσαν
1073 1563 1223 1634 μαλακίαν,
1249 1559 1406 1617 Christiana
1422 1559 1618 1633 6166966666
1636 1561 1746 1616 articuli
1772 1563 1807 1618 de
1827 1570 1944 1634 peccato
1969 1563 2083 1636 originis

392 1648 545 1718 intplsspnr
567 1648 613 1702 snt
632 1645 680 1702 τὸν
698 1648 804 1703 δοῦλόν
823 1665 889 1719 σου,
914 1648 1058 1717 initiandae
1076 1645 1223 1719 (exquire),
1249 1663 1284 1701 ac
1308 1647 1344 1701 de
1362 1646 1487 1702 efficacia
1505 1646 1635 1717 baptismi
1655 1647 1768 1720 oblique
1787 1654 1907 1720 petatur.
1945 1648 2082 1717 Galate,

392 1731 570 1808 ἐξερεύνησον
587 1737 633 1787 661
653 1730 796 1790 66616666
815 1734 859 1789 ἀπ’
880 1732 966 1788 αὐτοῦ
984 1733 1075 1789 πάντα
1093 1734 1127 1788 τὰ
1144 1736 1223 1806 trap-
1250 1751 1275 1789 v.
1294 1739 1320 1789 4.
1339 1738 1367 1789 et
1386 1740 1415 1788 5:
1442 1733 1541 1787 Falsis
1550 1734 1712 1804 fratribus,
1737 1736 1787 1805 qui
1802 1738 2023 1792 subintroierant
2041 1755 2084 1790 ee·

390 1818 502 1895 νήματα
526 1824 576 1875 τοῦ
604 1820 750 1891 διαβόλου,
781 1824 946 1893 ἐπιτίμασον
972 1826 1028 1882 τοῖς
1055 1819 1224 1889 ἀκαθάρτοις
1246 1816 1367 1886 plorare
1401 1819 1560 1874 libertatem
1596 1829 1739 1891 nostram,
1776 1840 1860 1891 prtum
1891 1823 2025 1877 habemns
2054 1824 2084 1876 in

392 1906 531 1981 πνεύμασι
556 1909 602 1961 καὶ
628 1908 730 1969 eicior
753 1906 821 1962 αάτά
847 1911 894 1962 καὶ
919 1906 1075 1981 καθάρισον
1099 1905 1131 1960 ιά
1154 1906 1224 1975 ἔργα
1252 1902 1363 1958 Christo
1380 1906 1466 1969 Jesn,
1486 1913 1517 1959 at
1538 1923 1591 1959 noa
1607 1906 1638 1960 in
1655 1910 1812 1963 6666166666
1831 1910 2007 1978 redigerent,
2034 1927 2084 1965 nce

392 1996 447 2049 τῶν
460 1993 565 2064 χειρῶν
585 2008 636 2046 σου
655 1997 703 2046 καὶ
721 1998 753 2067 τῇ
772 1992 847 2061 ὀξείᾳ
866 2008 917 2047 σου
932 1991 1037 2062 (661661)
1046 1992 1223 2066 χρησάμενος
1251 1994 1292 2045 od
1313 1993 1411 2046 horam
1434 1994 1580 2061 sesamae,
1604 2001 1636 2046 nt
1654 1995 1759 2049 veritas
1779 1997 1919 2065 enanpetis'
1935 1999 2017 2066 apud
2034 2015 2084 2050 nos

392 2081 517 2153 ἐνεργείᾳ
548 2077 701 2149 σύντριψον
728 2081 777 2134 τὸν
800 2083 931 2134 Σατανᾶν
950 2077 1015 2134 ’ὑπὸ
1045 2077 1108 2140 τοὺς
1135 2077 1224 2138 πόδας
1246 2086 1432 2146 permaneret.
1468 2077 1531 2134 Gal.
1553 2085 1583 2144 5,
1603 2097 1630 2137 r.
1651 2084 1682 2135 1:
1706 2082 1784 2136 sats
1808 2084 1839 2136 in
1861 2084 2002 2154 libertate,
2027 2100 2083 2153 666

392 2163 478 2220 αὐτοῦ
501 2165 532 2217 ἓν
558 2164 632 2234 τάχει
659 2164 777 2227 661666
800 2165 873 2237 αὐτῷ
894 2171 972 2227 νίκας
988 2164 1048 2220 και’
1070 2164 1156 2219 αὐτοῦ
1176 2168 1223 2219 661
1252 2165 1379 2220 06616166
1406 2183 1458 2221 nos
1487 2166 1625 2221 liberarit.
1668 2169 1723 2225 Sed
1746 2186 1799 2225 nec
1821 2169 1951 2240 privatim
1977 2169 2084 2243 absque

392 2256 446 2306 τῶν
478 2249 645 2321 ἀκαθάρτων
674 2252 854 2327 πνευμάτων,
887 2250 961 2315 ὅπως
988 2253 1038 2307 τοῦ
1065 2249 1141 2324 παρὰ
1171 2256 1224 2306 σοῦ
1250 2267 1386 2307 consensu
1416 2251 1551 2308 ccclesias
1579 2270 1597 2309 a
1623 2254 1748 2310 ministro
1771 2257 1959 2327 66661ρί6666,
1991 2276 2043 2313 666
2067 2274 2084 2313 6

392 2338 485 2400 ἐλέους
526 2338 671 2409 τυγχάνων
709 2341 865 2414 sarcienti
901 2341 955 2393 τῶν
990 2337 1141 2393 ἀθανάτων
1175 2342 1220 2391 ναὶ
1250 2339 1415 2409 magistratu
1439 2339 1536 2394 edictis
1560 2340 1726 2413 imperanda
1742 2348 1786 2396 661
1802 2342 1947 2398 exorcismi
1965 2344 2084 2416 abroga-

391 2426 567 2498 ἐπουρανίων
589 2441 641 2479 σου
657 2432 819 2498 μυστηρίων
836 2429 882 2479 καὶ
901 2425 987 2489 δόξαν
1005 2442 1048 2481 σοι
1068 2424 1222 2498 ἀναπέμψῃ
1249 2424 1302 2494 tio,
1325 2442 1419 2480 verum
1441 2433 1588 2497 praecedat
1606 2435 1715 2499 oportet
1732 2429 1851 2502 diligens
1869 2448 1903 2485 ex
1924 2431 2011 2487 verbo
2030 2431 2084 2487 Dei

391 2513 429 2583 τῷ
450 2515 533 2586 πατρὶ
556 2516 603 2566 καὶ
620 2513 659 2583 τῷ
676 2513 728 2582 υἱῷ
744 2517 791 2566 καὶ
807 2515 846 2583 τῷ
861 2512 932 2584 ἁγίῳ
950 2512 1086 2587 πνεύματι
1104 2516 1159 2568 νῦν
1176 2513 1222 2565 καὶ
1249 2511 1284 2567 66
1307 2511 1360 2566 666
1386 2513 1540 2569 ceremonia
1562 2514 1720 2571 informatio
1743 2532 1777 2570 ac
1801 2516 1971 2575 orthodoxae
1997 2519 2084 2575 eccle
2096 2527 2148 2571 11³

391 2596 435 2653 ciel
453 2601 500 2652 nul
518 2602 557 2659 616
573 2596 637 2660 τοὺς
655 2602 766 2660 αἰῶνας.
771 2602 799 2633 *1
1112 2641 1114 2647 .
1249 2597 1306 2652 siae
1324 2614 1482 2655 consensius.

283 2745 378 2793 mern
426 2742 485 2793 261
529 2736 610 2802 Quod
638 2735 724 2808 igitur
753 2753 812 2792 rem
843 2737 931 2807 ipsam
963 2753 1013 2809 per
1042 2736 1222 2792 exorcismum
1283 2741 1343 2793 266.
1375 2739 1396 2794 7
1416 2739 1565 2793 Recitator
1583 2741 1755 2808 esanpetiarn
1772 2742 1867 2796 Mare
1880 2745 1925 2797 16.
1944 2743 2085 2814 ejusdem·
2097 2750 2148 2791 79

390 2823 584 2879 adumbratam
602 2822 724 2893 itemquo
741 2823 953 2894 explicationem
971 2821 1223 2879 verbomminhac
1249 2839 1303 2894 que
1330 2821 1455 2893 ἐξήγησις
1480 2824 1593 2879 additur
1615 2826 1759 2882 continens
1783 2828 1933 2883 antithesin
1956 2829 2086 2885 miseriae
2097 2804 2146 2894 2⁸:¹2:

390 2909 545 2967 ceremonia
568 2908 754 2964 adhibitorum
781 2910 893 2978 attinet,
926 2910 1001 2982 quod
1032 2910 1163 2965 videlicet
1186 2909 1224 2964 sit
1248 2914 1358 2964 nostrae
1384 2915 1412 2963 66
1436 2911 1632 2965 consolationis
1648 2912 1739 2967 eidem
1759 2915 1947 2984 opponendae.
1985 2920 2009 2969 8.
2029 2918 2085 2970 Irn-
2097 2904 2144 2956 “¹¹¹

390 2994 618 3054 commonefactio
637 3000 666 3050 et
688 2997 873 3052 testimonium
893 2996 927 3051 ds
946 2995 1085 3067 spirituali
1108 2995 1222 3067 captivi-
1244 3004 1389 3066 poncmnr
1415 2996 1942 3077 6666161666.Ηοοοχοροθεσία
1960 3019 1979 3056 6
1997 3002 2085 3073 patri-
2096 3009 2148 3051 arr

389 3090 447 3139 6666
469 3081 630 3137 1616661616
649 3099 736 3154 regno
756 3081 890 3149 Satanae,
913 3082 948 3137 de
965 3082 1118 3138 miserabili
1137 3089 1221 3151 statu,
1249 3080 1351 3145 666616,
1388 3082 1543 3154 prophetis,
1578 3071 1688 3137 Christo
1721 3092 1749 3140 61
1776 3086 1907 3155 apostolis
1930 3062 2131 3159 usurpatur
2097 3122 2148 3153 nnn

382 3168 418 3228 ,16
444 3186 526 3241 quem
552 3186 602 3240 per
626 3168 735 3240 lapsum
764 3168 915 3239 primorum
941 3173 1088 3238 parentum
1117 3165 1255 3225 redacti
1248 3183 1277 3219 m
1306 3166 1429 3237 quinque
1452 3167 1575 3224 casibus:
1615 3176 1637 3224 1.
1660 3169 1690 3225 16
1714 3169 1905 3227 benedictione
1929 3173 2016 3229 Marc.
2047 3182 2084 3244 lt,

389 3272 498 3320 snmus,
521 3256 556 3311 ds
579 3255 694 3311 salutari
717 3254 845 3311 efficacia
865 3254 996 3326 baptismi
1021 3261 1073 3311 etc.
1100 3272 1133 3310 es
1157 3272 1222 3311 cum
1248 3269 1271 3306 ν.
1302 3257 1346 3320 16;
1377 3258 1402 3309 2.
1428 3270 1491 3307 cum
1522 3253 1679 3310 sacerdotes
1708 3256 1849 3311 victimam
1875 3259 2022 3315 adducunt
2048 3262 2085 3319 ad

388 3339 454 3397 fidei
478 3342 515 3397 sit
535 3342 668 3413 analoga,
690 3360 747 3397 nou
764 3348 856 3412 potest
873 3341 1034 3411 simpliciter
1055 3341 1221 3412 improbari;
1247 3337 1494 3409 clemensana,
1515 3358 1540 3394 v.
1562 3347 1591 3409 23
1614 3346 1638 3397 3.
1657 3341 1681 3395 si
1700 3359 1783 3413 quem
1801 3344 1949 3400 voluerunt
1966 3347 2085 3403 miracu

389 3426 499 3483 interim
511 3495 518 3506 .
530 3433 623 3483 tamen
645 3443 709 3482 cum
731 3425 819 3482 verba
841 3425 897 3480 6166
919 3424 1030 3481 duriora
1047 3443 1081 3482 ac
1100 3428 1222 3500 seposita
1247 3426 1304 3479 1666
1324 3442 1421 3483 curare
1438 3426 1523 3481 Marc.
1544 3432 1589 3496 16,
1609 3443 1635 3480 v.
1656 3433 1703 3497 183
1727 3435 1751 3485 t.
1769 3431 1880 3500 quando
1898 3432 2020 3488 conferri
2039 3435 2085 3491 de

388 3512 438 3570 illa
461 3513 644 3585 explicatione
667 3529 734 3584 pras
760 3529 790 3568 66
812 3511 904 3566 ierant
927 3512 1114 3570 obsessionem
1133 3531 1221 3587 quan·
1248 3512 1308 3567 buit
1326 3510 1444 3584 Spiritus
1469 3519 1582 3568 sanctus
1605 3514 1670 3571 Act.
1691 3519 1720 3584 8,
1747 3533 1772 3569 v.
1792 3523 1838 3585 11;
1863 3523 1887 3574 5.
1911 3518 1935 3571 61
1960 3520 2023 3591 quis
2048 3520 2084 3575 ad

389 3599 453 3656 dam
478 3599 606 3669 16166616,
633 3616 650 3653 6
673 3615 729 3669 qua
747 3615 797 3669 per
822 3597 898 3653 illam
922 3598 1011 3669 ipsam
1037 3601 1220 3655 ceremoniam
1248 3598 1430 3655 ministerium
1452 3598 1623 3675 ordinandus
1646 3600 1729 3657 Num.
1752 3608 1800 3672 21,
1823 3621 1849 3658 v.
1876 3608 1915 3660 18.
1948 3605 2013 3661 Act.
2043 3613 2083 3668 13,

388 3684 670 3750 intrinsecarum
688 3691 720 3739 66
738 3684 862 3755 loquitur
877 3684 914 3739 D.
929 3684 1095 3741 Chemncius
1112 3693 1184 3758 part.
1197 3695 1221 3743 3.
1247 3704 1272 3739 r.
1294 3691 1317 3740 3.
1340 3692 1372 3742 ’1.
1384 3686 1456 3742 Tim.
1475 3693 1499 3751 5,
1516 3704 1542 3741 v.
1565 3691 1606 3741 22.
1640 3686 1674 3741 16
1694 3687 1826 3759 baptismi
1844 3689 2085 3748 administratione

388 3772 511 3831 locorum
535 3771 657 3843 theolog.
682 3788 710 3841 p.
731 3777 792 3826 178:
815 3770 908 3824 Habet
924 3772 1042 3826 ecclesia
1058 3772 1221 3838 1166616666,
1247 3770 1396 3826 adhibetur
1418 3771 1549 3843 ,exemplo
1576 3771 1678 3827 Christi
1706 3771 1896 3831 benedicentis
1928 3776 2084 3834 infantibus

389 3868 420 3914 ut
436 3859 595 3913 doctrinam
614 3857 695 3911 illam
710 3859 746 3911 de
753 3865 872 3926 peccato
885 3857 1011 3927 origines,
1031 3860 1066 3911 de
1080 3867 1222 3929 potestate
1248 3856 1301 3910 sibi
1330 3856 1430 3911 oblatis
1447 3858 1546 3912 Matth.
1569 3863 1615 3927 19,
1635 3876 1660 3914 τ.
1682 3864 1721 3914 14.
1746 3864 1774 3915 66
1792 3859 1920 3918 Ananiae
1938 3862 2083 3936 imponen-

389 3956 415 4001 66
439 3963 524 4014 τορπο
552 3944 678 3999 Satanae
707 3950 733 3996 et
766 3943 801 3996 dc
835 3943 967 4011 baptismi
993 3945 1124 4013 efficana
1155 3946 1223 3999 nlia's
1248 3941 1284 3998 tis
1308 3958 1405 3998 manus
1430 3942 1518 3998 Paulo
1542 3942 1711 4014 baptizando
1732 3945 1829 4001 Actor.
1849 3953 1878 4014 9,
1900 3966 1926 4001 r.
1948 3954 1989 4005 11.
2025 3950 2085 4005 Au·

389 4032 480 4087 rabis
509 4032 673 4103 Scripturas
699 4030 790 4099 mapis
813 4030 1004 4084 consentaneis
1025 4040 1171 4101 proponat
1197 4041 1223 4085 et
1249 4027 1376 4099 guntinus
1404 4028 1451 4086 lib.
1478 4037 1501 4086 3.
1529 4029 1564 4085 66
1592 4029 1669 4101 bapt.
1698 4038 1796 4086 contra
1820 4032 1960 4091 Donatist.
1987 4052 2012 4092 c.
2038 4042 2085 4093 16:

390 4119 516 4189 explicet.
548 4116 710 4189 Ἐξορκίζετν
736 4134 792 4172 666
819 4116 958 4188 significat
979 4115 1032 4172 hoc
1060 4117 1121 4172 loco
1146 4119 1222 4189 jura·
1252 4114 1327 4177 onia
1357 4116 1498 4184 impositio
1528 4135 1660 4172 mannum
1688 4119 1773 4173 alind
1797 4120 1856 4174 nisi
1881 4122 1973 4175 oratio
1999 4140 2086 4193 snper

390 4212 512 4259 mentum
530 4204 641 4259 diabolo
654 4203 761 4259 deferre
772 4220 805 4257 ac
814 4204 998 4274 jurejurando
1012 4204 1090 4258 illum
1103 4203 1222 4259 obstrin-
1249 4202 1406 4257 nominem!
1425 4201 1570 4274 Significat
1588 4202 1674 4274 igitur
1684 4204 1755 4260 baec
1767 4205 1930 4277 ceremonia,
1948 4206 2085 4265 infantem

391 4307 468 4363 gere,
493 4290 566 4345 sicut
582 4295 731 4361 usurpatur
747 4289 848 4344 Matth.
867 4295 913 4357 26,
938 4308 963 4345 v.
986 4295 1026 4345 63.
1046 4307 1097 4345 nec
1117 4290 1222 4364 signifi·
1249 4287 1374 4343 coelestis
1398 4288 1599 4343 benedictionis
1626 4290 1789 4360 participem
1818 4291 1911 4360 reddi,
1939 4310 1958 4347 a
1986 4297 2085 4350 morbo

390 4381 436 4432 cat
457 4374 590 4430 infantem
614 4376 748 4447 corporali
767 4375 1065 4440 666666166611666661,
1092 4378 1221 4433 666666-
1249 4374 1357 4444 pcccati
1381 4373 1524 4444 originalis
1547 4374 1675 4443 liberari,
1703 4374 1809 4447 Spiritu
1829 4396 1850 4431 6.
1875 4377 1972 4433 666661
1998 4387 2028 4436 66
2047 4383 2084 4438 ad

389 4463 459 4520 tinet
476 4478 588 4533 3666661
607 4461 832 4531 obtestationem,
859 4461 1374 4519 66616661666666616-66661666
1401 4458 1583 4514 ministerium
1608 4460 1669 4516 Deo
1697 4464 1896 4531 praestandum
1922 4482 1956 4520 er
1977 4469 2084 4522 mundo
2139 4472 2142 4476 ’

389 4550 467 4606 iente
495 4554 608 4618 propter
634 4553 781 4619 peccatum
808 4547 862 4602 sibi
890 4547 1048 4619 mancipato
1078 4551 1160 4606 cedat
1192 4558 1222 4607 et
1248 4544 1396 4617 segregari
1438 4552 1463 4603 9.
1488 4546 1584 4602 Oratio
1608 4546 1756 4603 DominIca
1777 4550 1910 4606 recitatur
1933 4552 2148 4655 eidemquc⁹0¹

391 4634 497 4692 Christo
516 4632 662 4688 redemtori
683 4650 716 4689 66
732 4633 848 4704 Spiritui
865 4634 1050 4705 regeneratori
1068 4635 1160 4691 locum
1178 4655 1220 4694 re
1248 4630 1404 4688 benedictio
1435 4647 1469 4685 ac
1506 4632 1584 4702 pium
1620 4639 1716 4688 votum
1746 4635 1863 4691 6111116661
1887 4626 2111 4711 666166ρὶ616ΙΙ
2098 4616 2148 4707 mm

390 4722 513 4793 linquat,
530 4718 646 4789 perinde
665 4725 697 4773 ut
712 4718 839 4774 Christus
855 4719 925 4773 61616
942 4719 1041 4777 Μ6616.
1064 4727 1102 4790 16,
1122 4738 1148 4777 r.
1169 4729 1218 4780 23:
1247 4719 1388 4772 Dominus*
1406 4718 1549 4770 01181οἆ161
1567 4718 1712 4774 1912091966
1729 4729 1756 4774 et
1772 4722 1873 4776 exitum
1891 4731 1968 4778 tcum
1986 4727 2085 4781 66666
2098 4719 2148 4759 ¹⁸⁶⁰

390 4809 448 4864 Abi
465 4812 532 4876 post
551 4820 610 4868 rne,
630 4805 735 4872 66166,
752 4822 816 4860 6616
833 4805 863 4860 16
881 4805 967 4859 Petro
983 4823 1071 4877 prava
1087 4808 1220 4879 cogitatio
1247 4822 1319 4857 nunc
1337 4810 1364 4856 et
1382 4819 1467 4872 usqne
1485 4804 1516 4855 in
1532 4806 1663 4859 66661661.

390 4890 704 4966 91911ῐ66161·Ρ1111“1
734 4898 757 4948 ¹
780 4883 966 4962 ’11111115
990 4898 1081 4949 127
1108 4894 1220 4965 adjurat
1281 4930 1340 4979 261.
1380 4927 1424 4980 16.
1449 4924 1568 4978 Patrini
1593 4941 1628 4977 ac
1654 4926 1794 4981 matrinae
1818 4926 1998 4999 adhibentur,
2033 4934 2084 5005 qui
2098 4938 2148 4982 ¹⁰¹

388 4978 646 5038 Thessalonicenses
666 4993 722 5045 per
740 4979 909 5042 Dominam,
933 4987 963 5032 ut
979 4980 1128 5049 epistolam
1146 4981 1219 5036 tanc
1246 5016 1405 5079 monentur’
1429 5017 1461 5065 ut
1483 5009 1568 5064 officii
1593 5009 1636 5064 wi
1661 5011 1822 5082 dulgentem
1848 5013 1970 5071 habeant
1996 5019 2083 5075 rufio
2096 5003 2148 5086 m

389 5070 491 5138 tepent.
527 5066 640 5121 Zachar.
658 5067 684 5133 3,
699 5080 723 5116 ν
736 5068 761 5120 2
778 5061 831 5118 hac
849 5063 938 5120 forma
956 5065 1147 5122 detestationis
1164 5069 1218 5123 661-

1246 5115 1318 5165 6661,
1338 5113 1371 5150 ac
1388 5103 1486 5166 postea
1502 5096 1616 5150 infantis
1628 5097 1739 5153 nominc
1752 5097 1948 5156 abrenuntiant
1960 5102 2083 5162 8666666

388 5161 449 5214 1911
468 5155 597 5223 ῙΜΥΘΡΘ1
614 5160 641 5206 ‘⁰
658 5152 747 5214 Dm*
767 5148 877 5204 sam
1247 5192 1276 5239 st
1291 5183 1375 5238 fidem
1388 5182 1572 5237 Christianam
1584 5182 1757 5253 profitentur.
1785 5185 1865 5243 Haeo
1876 5187 2084 5247 abrenuntiatio

424 5284 484 5335 265.
506 5274 588 5330 Hane
605 5272 762 5327 libertatem
780 5268 933 5341 abrogandi
946 5272 1127 5328 ceremoniam
1141 5274 1218 5329 adin·
1233 5270 1351 5325 ¹usitata
1373 5268 1427 5323 1616
1451 5268 1479 5323 16
1497 5268 1636 5339 baptismo
1655 5272 1927 5341 catechumenorum,
1952 5281 1986 5331 ut
2003 5286 2086 5347 patet

388 5363 503 5436 pharam
524 5367 558 5417 ut
581 5360 641 5431 ipso
663 5357 737 5413 facto
754 5354 872 5413 ecclesia
889 5357 919 5412 in
937 5359 1086 5415 exorcismo
1105 5360 1218 5418 demon·
1247 5374 1281 5413 ex
1299 5355 1447 5410 Ambrosio
1470 5356 1532 5411 libr.
1555 5355 1590 5411 ds
1614 5355 1648 5411 iis
1670 5357 1718 5428 qui
1742 5366 1824 5430 myst.
1848 5359 1997 5417 161662.
2032 5365 2084 5420 Di·

389 5455 501 5520 straret,
525 5449 596 5505 forte
618 5464 674 5503 non
698 5444 782 5500 fuerit
799 5441 897 5499 1666116
915 5450 1028 5516 propter
1047 5463 1144 5502 causas
1162 5465 1218 5504 non
1247 5449 1347 5498 cuntur
1371 5442 1474 5512 patrini
1493 5442 1564 5498 alias
1583 5440 1733 5512 ἀνάδοχοι,
1758 5453 1943 5516 susceptores,
1965 5448 2034 5519 quia
2050 5467 2085 5507 ex

388 5535 619 5600 contemnendam
638 5531 793 5603 *urrann
811 5529 840 5585 in
859 5529 926 5586 locis
946 5549 972 5602 p.
996 5538 1077 5589 1551:
1103 5534 1218 5588 laada
1247 5546 1326 5585 sacro
1357 5528 1434 5583 sonte
1464 5528 1665 5600 baptizandum
1694 5529 1804 5602 levant;
1833 5538 2001 5602 compatres,
2019 5553 2085 5605 pro-

389 5624 444 5681 666
461 5633 488 5680 ω
509 5622 665 5680 apameam
686 5621 753 5687 fore
775 5617 829 5689 ait,
854 5617 882 5672 si
904 5619 1053 5675 666τοίαωί
1074 5622 1104 5675 in
1119 5639 1220 5692 preces
1246 5623 1340 5688 patres
1361 5620 1389 5670 et
1405 5622 1499 5686 patres
1516 5616 1689 5688 spirituales,
1714 5617 1780 5690 quia
1797 5618 1833 5674 ad
1852 5617 2022 5691 baptismum
2041 5639 2086 5679 rs·

389 5717 621 5771 enumeratur.
669 5706 799 5766 Bucanus
835 5705 865 5761 16
895 5720 1013 5762 6666666
1042 5725 1126 5779 super
1156 5707 1219 5763 libr.
1246 5701 1431 5777 geneationis
1457 5702 1598 5760 lavacrum
1628 5702 1763 5761 infantem
1797 5705 1937 5778 deferunn
1957 5707 2086 5781 fidejus

389 5818 490 5861 umor.
504 5797 589 5871 angl
606 5800 692 5855 6131
707 5796 850 5863 Praestat,
866 5791 922 5849 ista
938 5791 1110 5862 irarepnnds'
1125 5801 1152 5851 st
1170 5795 1222 5850 ins·
1246 5807 1336 5856 sores‚
1359 5806 1518 5860 sponsores,
1546 5791 1614 5862 quis
1636 5789 1699 5847 loco
1721 5790 1862 5849 intantum
1886 5794 2026 5864 spondent
2051 5814 2089 5855 ac
