4800 6659
901 696 954 755 DE
972 694 1084 754 BONIS
1103 694 1299 755 OPERIBUS.
1909 705 1948 768 28

255 852 321 910 rins.
359 860 385 909 3.
402 854 463 911 Neo
487 854 576 910 selum
603 853 700 925 gravia
724 854 829 909 muers
850 854 880 908 in
896 860 1002 925 papatu
1021 852 1089 907 tole·
1117 854 1183 906 vari
1208 854 1340 923 homines,
1377 872 1433 909 non
1461 857 1612 909 secundum
1644 857 1822 926 operationes
1850 856 1949 924 iustas.

255 949 369 1006 rantur,
394 941 443 996 sed
470 942 555 996 etiam
574 941 635 1011 ipsa
654 941 780 996 doctrina
797 940 936 1012 papistica
951 939 1089 1014 quaedam
1118 940 1189 992 Esse
1208 944 1279 993 enim
1306 943 1446 1010 quaedam
1466 943 1561 1011 justa,
1586 945 1725 1012 quaedam
1744 944 1865 1012 injusta,
1894 961 1949 996 non

256 1034 376 1095 peecata
390 1026 480 1096 docet,
499 1032 597 1097 utpote
615 1027 690 1082 idola
704 1028 800 1096 colere,
820 1027 1090 1089 mortuosinvocare,
1115 1034 1233 1093 nmura,
1260 1028 1313 1079 sed
1339 1045 1372 1081 ee
1396 1030 1552 1097 accidente,
1580 1030 1648 1098 quic
1674 1030 1769 1097 anysii
1787 1045 1843 1097 per
1863 1045 1949 1097 prae·

256 1114 367 1181 sjnnrc
388 1113 566 1185 conjugium,
588 1112 743 1169 interficere
766 1114 959 1184 magistratus,
984 1111 1089 1166 violare
1116 1118 1196 1179 cepta
1220 1112 1356 1166 hominem
1372 1115 1402 1167 in
1421 1116 1578 1168 servitutem
1595 1116 1786 1168 adduxissent.
1820 1114 1949 1169 Jusdnue

255 1197 414 1267 inramma
430 1206 484 1255 etc.
501 1216 558 1271 qua
576 1200 612 1254 de
630 1200 751 1269 replure
767 1216 817 1253 suo
836 1198 905 1255 loco.
934 1206 959 1253 t.
969 1197 1089 1269 August.
1116 1195 1198 1265 Apol.
1229 1203 1254 1254 2,
1284 1216 1336 1269 pre
1364 1199 1527 1255 Christianis
1557 1218 1585 1270 p.
1612 1208 1659 1256 54:
1695 1199 1793 1255 &mon
1823 1201 1855 1254 in
1881 1201 1949 1253 urbe

259 1283 409 1354 waisario,
436 1284 508 1341 liber
538 1285 715 1341 melerinum
738 1292 892 1340 nostrarum
910 1283 1090 1355 symbolicas,
1116 1282 1208 1335 Roma
1244 1293 1365 1354 propter
1405 1288 1530 1355 magicae
1569 1305 1640 1356 pisas
1676 1287 1798 1340 exhihuit
1832 1288 1947 1339 virtutes

260 1377 308 1425 art
326 1376 352 1426 6.
371 1370 473 1427 menn
489 1372 623 1443 loquitur:
642 1375 768 1440 Decent,
787 1373 864 1441 quod
880 1373 951 1435 fides
970 1370 1026 1423 illa
1043 1370 1089 1421 de·
1116 1370 1185 1421 deus
1209 1369 1319 1423 Ιιαὸᾱιιε
1339 1380 1394 1440 est,
1417 1379 1469 1427 etc.
1494 1382 1521 1426 et
1547 1373 1725 1427 Samaritani
1737 1390 1829 1443 prope
1846 1389 1947 1440 omnes,

261 1456 321 1509 leot
346 1457 433 1511 bonos
454 1459 569 1524 fructus
586 1475 692 1527 parere
719 1465 745 1510 et
767 1459 845 1525 proed
868 1463 997 1526 oporteat
1020 1455 1091 1508 bona
1117 1470 1150 1506 ee
1177 1455 1245 1508 aliis
1274 1458 1434 1511 nationibus
1467 1459 1552 1511 etiam
1579 1460 1720 1529 perpauci
1752 1458 1830 1511 illum
1864 1459 1948 1528 quasi

262 1559 347 1612 opera
372 1545 511 1597 mandata
539 1561 558 1596 a
578 1545 644 1597 Deo
659 1545 763 1612 faeere
781 1551 902 1612 propter
923 1542 1091 1596 voluntatem
1113 1542 1237 1609 punem
1260 1544 1342 1595 deum
1365 1560 1422 1596 esse
1444 1546 1617 1614 confitentes,
1641 1547 1766 1599 adoram
1790 1561 1898 1614 quoque
1921 1552 1948 1596 et

263 1629 328 1697 Dei,
353 1646 412 1683 non
437 1638 469 1684 ut
492 1630 666 1697 confidamus
684 1647 741 1699 per
759 1647 792 1682 ea
810 1646 897 1698 opero
909 1628 1091 1697 justificatio·
1118 1628 1255 1681 Helenam
1284 1631 1427 1697 quandam
1455 1632 1645 1700 profectionis
1678 1633 1740 1700 ejus
1767 1648 1798 1684 eo
1827 1639 1950 1699 tempore

262 1732 319 1768 nn
337 1734 358 1768 a
374 1717 438 1771 Deo
463 1716 574 1770 mereri.
609 1714 741 1787 Quisquis
767 1715 853 1786 igitur
872 1714 1007 1770 bonorum
1027 1729 1090 1783 epe·
1118 1714 1255 1781 comum,
1280 1732 1352 1784 quac
1371 1716 1455 1786 prius
1473 1718 1646 1786 pudicitiam
1671 1719 1701 1771 in
1721 1717 1878 1787 propatulo
1902 1719 1950 1770 ho·

263 1813 319 1855 rum
335 1801 429 1857 stude
446 1802 577 1856 remissus
600 1808 656 1867 est,
681 1818 737 1856 nou
761 1802 886 1872 sequitur
909 1802 1092 1872 Augustanus
1118 1800 1215 1853 buerat
1233 1809 1259 1853 et
1277 1802 1307 1854 in
1325 1802 1461 1871 lupanari
1473 1804 1656 1872 prestiterat,
1670 1802 1832 1873 principem
1849 1802 1884 1855 ab
1899 1800 1950 1854 illo

265 1886 439 1943 mniessionis
453 1889 668 1958 praescriptum,
687 1887 737 1942 sed
754 1888 790 1943 ab
806 1905 838 1943 eo
850 1887 986 1956 deflectit,
1005 1884 1091 1939 multo
1117 1887 1257 1940 notionem
1275 1895 1302 1940 et
1317 1889 1531 1957 intelligentiam
1543 1887 1665 1957 (ripoinus
1679 1889 1825 1958 πρόνοιαν)
1835 1890 1950 1957 factam

266 1974 348 2045 uagis
369 1972 433 2038 ille,
461 1974 509 2045 qui
530 1974 652 2045 pacis
675 1990 772 2029 secure
788 1972 925 2044 indulget.
960 1980 983 2027 5.
1003 1971 1091 2027 Locu-
1119 1988 1176 2025 esse
1199 1982 1326 2028 nonant.
1362 1973 1536 2045 Augustinus
1560 1975 1595 2030 de
1616 1975 1720 2031 haeres
1745 1993 1768 2030 c.
1796 1981 1823 2030 1:
1854 1975 1951 2027 Simon

267 2058 347 2113 hones
365 2059 443 2128 illas,
465 2061 540 2131 qnod
560 2061 634 2114 bono
653 2077 742 2129 opera
759 2061 815 2113 sint
835 2061 875 2112 ad
892 2060 1012 2113 satutem
1024 2074 1092 2127 per·
1120 2061 1225 2126 Mopus
1250 2060 1367 2112 docebat
1392 2062 1433 2112 ad
1458 2062 1652 2114 detestandam
1674 2062 1887 2131 turpitudimem
1910 2062 1949 2113 in·

268 2146 379 2214 wora,
404 2149 484 2215 quod
506 2147 579 2200 bona
603 2162 689 2215 opero
707 2147 870 2215 pertineant
894 2148 934 2198 ad
950 2146 1092 2205 mundum,
1118 2145 1282 2213 differenter
1302 2146 1401 2198 mendi
1416 2146 1540 2210 feminis.
1575 2146 1712 2202 Theodec.
1731 2147 1780 2204 lib.
1803 2154 1823 2202 l.
1846 2148 1950 2203 haeret.

269 2249 315 2284 son
335 2235 377 2286 ad
403 2230 512 2285 Christi
532 2248 648 2301 reparer
669 2237 721 2287 etc.
740 2248 916 2302 nequaquam
934 2230 1092 2301 probamus,
1118 2229 1174 2283 fab.
1195 2231 1230 2284 de
1247 2231 1369 2287 Simone:
1397 2232 1519 2285 Jubctot
1535 2234 1564 2286 in
1582 2250 1611 2286 se
1630 2236 1774 2287 credentes
1791 2252 1847 2288 non
1864 2243 1950 2288 otten-

218 2317 315 2378 lttnou
335 2317 411 2372 enim
433 2318 495 2389 ipsa
518 2334 616 2389 opera,
640 2318 690 2371 sed
713 2316 806 2386 opinio
829 2317 919 2370 meriti
943 2323 986 2371 est
1002 2315 1092 2386 pemi-
1120 2319 1186 2369 dere
1204 2317 1353 2387 prophetie
1372 2334 1459 2387 neque
1479 2319 1549 2386 lepis
1567 2320 1659 2372 minae
1673 2322 1879 2389 pertimescere,
1900 2321 1951 2373 sed

270 2405 341 2458 cioca
381 2403 516 2460 Nicoleus
541 2402 727 2457 Amsdorffius
753 2403 919 2459 adversariis
951 2420 980 2457 se
1012 2402 1092 2456 vehe·
1119 2411 1252 2471 tanquam
1269 2404 1373 2457 liberos
1389 2406 1486 2467 tacere
1506 2422 1577 2473 quae
1595 2406 1710 2470 oeHent,
1733 2425 1789 2460 non
1809 2407 1881 2459 enim
1897 2423 1952 2475 per
2027 2459 2032 2470 ,

218 2499 220 2508 “
271 2490 377 2545 uenum
400 2506 546 2561 opponens
573 2506 606 2544 ex
632 2490 740 2544 fervore
761 2489 956 2560 disputationis
980 2488 1010 2542 iu
1028 2488 1092 2541 sini-
1120 2489 1205 2542 bonas
1231 2490 1366 2554 actiones,
1391 2492 1444 2544 sed
1457 2507 1512 2559 per
1531 2493 1654 2561 oratiam
1680 2509 1739 2546 esse
1767 2497 1814 2547 eos
1833 2494 1952 2545 odotem

271 2584 344 2630 stram
367 2576 485 2631 nimium
511 2575 684 2632 deflectendo
708 2575 783 2630 bons
806 2591 891 2645 opera
914 2576 950 2630 ad
975 2574 1093 2629 salutem
1118 2584 1321 2629 consoeuturos.
1363 2577 1407 2631 De
1430 2576 1567 2631 Eunomia
1592 2579 1632 2631 sic
1657 2578 1753 2633 scribit
1777 2577 1952 2650 Augustinus

271 2662 414 2731 pumcioea
424 2679 486 2719 esse
498 2663 583 2730 dixit,
598 2663 649 2717 aed
662 2661 843 2716 collocutores
854 2661 1093 2732 Altenburgensee
1118 2661 1165 2717 lib.
1185 2662 1221 2716 dc
1237 2660 1342 2716 haeres,
1352 2662 1395 2716 ¹ad
1405 2661 1631 2727 Quodvultdeum
1647 2682 1670 2720 c.
1684 2672 1731 2720 54:
1750 2666 1853 2718 Fertur
1866 2665 1950 2718 etiam

271 2748 345 2818 ipsius
362 2751 432 2805 socii
451 2766 627 2822 nequaquam
646 2748 700 2804 hoc
720 2749 873 2819 probarunt
892 2752 933 2816 (nt
950 2747 1093 2802 Bellarmi-
1119 2749 1198 2801 boum
1217 2749 1347 2816 operibus
1365 2766 1451 2818 risque
1471 2752 1544 2803 adeo
1560 2751 1702 2816 inimicus,
1719 2748 1750 2805 ut
1766 2760 1948 2820 cosmocrat,

270 2853 313 2890 nus
330 2838 450 2905 statuit),
467 2838 536 2909 quin
553 2838 646 2908 potius
663 2835 878 2908 propositionem
897 2835 973 2889 illam
991 2834 1093 2889 diserte
1119 2837 1195 2904 quod
1211 2835 1283 2887 nihii
1296 2835 1426 2902 cuiquam
1447 2837 1560 2906 obesset,
1580 2838 1765 2906 quorumlibet
1774 2841 1951 2909 perpetratio

270 2924 458 2994 repudiarunt,
485 2923 527 2978 ita
548 2930 580 2978 ut
602 2940 654 2978 uec
671 2923 812 2995 quandam
829 2921 1032 2976 momatiouem
1049 2920 1093 2975 vel
1119 2939 1153 2974 ac
1168 2922 1380 2990 perseverantia
1395 2930 1585 2990 peccatoram,
1602 2923 1630 2976 si
1646 2924 1737 2995 hujus,
1755 2944 1827 2996 quac
1845 2928 1880 2978 ab
1898 2926 1951 2979 ilio

269 3010 457 3065 mollitionem
483 3009 667 3066 adhibuerint
709 3008 782 3065 Vide
804 3025 876 3079 resp.
901 3008 964 3063 Sax.
989 3007 1025 3060 ad
1050 3023 1093 3060 ae
1120 3007 1286 3075 docebatur,
1304 3007 1378 3075 fidei
1391 3009 1537 3078 particeps
1554 3017 1631 3063 essct.
1666 3011 1847 3066 Iustituamue
1868 3012 1951 3067 colla·

268 3104 346 3151 cusat
374 3095 464 3149 Eleot
489 3094 509 3150 s.
533 3099 591 3151 2¹38.
626 3095 692 3165 Ipse
720 3111 830 3166 quoque
854 3092 1038 3148 Amsdorffius
1065 3092 1094 3146 in
1118 3094 1233 3148 donem:
1263 3098 1284 3148 l.
1303 3092 1455 3148 Simoniani
1480 3093 1618 3149 docebant
1646 3094 1729 3151 tidem
1755 3097 1784 3151 in
1813 3098 1951 3154 Simonem

266 3182 376 3252 praeiet
399 3189 473 3253 post.
497 3181 610 3237 domest
634 3181 750 3237 Luther.
778 3181 906 3253 agnmit
928 3179 1094 3235 vocabulum
1120 3180 1234 3251 Magum
1261 3184 1289 3233 ct
1309 3179 1426 3235 Selenen
1451 3179 1506 3248 (vel
1524 3186 1556 3233 ut
1573 3180 1704 3235 Justiuus
1722 3182 1804 3238 affert
1818 3183 1951 3255 Ἑλένην),

266 3267 347 3323 debiti
375 3286 411 3323 ex
442 3267 567 3323 doctrina
595 3268 631 3323 de
660 3267 739 3324 bonis
771 3267 901 3339 operibus
932 3265 1094 3336 neutiquam
1120 3266 1393 3337 propudiosissimum
1421 3273 1555 3336 scortum,
1581 3285 1630 3323 nos
1660 3268 1789 3324 docemus
1814 3269 1897 3326 fidem
1923 3272 1953 3325 in

264 3354 430 3419 tollendum
455 3353 633 3409 abhorremus
657 3355 743 3426 igitur
766 3354 871 3409 sincere
895 3361 924 3408 et
944 3354 1036 3407 animo
1058 3353 1093 3406 ab
1121 3353 1268 3409 Christum.
1313 3359 1337 3409 2.
1368 3353 1521 3408 Eunomius
1552 3353 1733 3425 praedicabat
1763 3356 1838 3411 illam
1870 3356 1953 3411 fidem

263 3440 307 3497 illo
330 3442 465 3512 dogmate
487 3440 652 3512 jamdudum
678 3459 711 3495 ex
734 3441 835 3495 uostris
861 3440 984 3495 ecclesiis
1010 3439 1094 3493 elimi-
1120 3440 1164 3494 vel
1181 3440 1275 3509 potius
1292 3438 1453 3510 perfidiam,
1472 3457 1528 3511 qua
1545 3438 1683 3514 ipoouctc
1700 3442 1765 3495 Filii
1781 3460 1815 3497 ac
1835 3443 1954 3514 Spiritus

262 3534 339 3597 nato,
363 3528 441 3600 quod
466 3527 540 3584 bona
564 3544 650 3598 opera
666 3527 702 3582 ad
722 3528 840 3582 salutem
858 3527 914 3581 siut
932 3526 1094 3597 peruiciosa.
1120 3526 1210 3581 sancti
1237 3543 1300 3581 cum
1318 3527 1403 3581 Patre
1427 3536 1560 3598 negatur,
1588 3544 1638 3581 uos
1661 3529 1791 3583 docemus
1817 3529 1901 3585 tidem
1924 3531 1953 3583 in

261 3614 342 3681 Quod
360 3615 436 3670 enim
451 3614 529 3670 Deus
546 3614 675 3683 mandet,
700 3614 776 3685 quod
793 3619 996 3680 remuneratur,
1021 3611 1095 3682 quod
1120 3630 1207 3667 uuum
1225 3630 1319 3669 verum
1336 3612 1442 3681 Deum,
1467 3614 1515 3684 qui
1534 3621 1577 3669 est
1596 3614 1693 3682 Pater,
1713 3614 1801 3670 Filius
1823 3621 1851 3672 et
1868 3617 1954 3689 Spiri-

262 3706 372 3771 gratum
389 3700 488 3771 habet,
506 3699 902 3771 quomodoilludadsalutem
910 3698 1096 3770 perniciosum
1121 3707 1165 3754 tue
1200 3705 1320 3754 mucius.
1368 3703 1392 3753 3.
1421 3698 1573 3753 Simoniani
1605 3700 1807 3770 praedicabant
1836 3703 1954 3773 gratiam

261 3804 321 3843 ns
341 3787 456 3858 potest?
490 3787 568 3842 ldem
590 3788 625 3842 de
647 3787 684 3844 D.
703 3786 818 3841 Andrea
835 3785 961 3840 Mascula
984 3802 1096 3855 respou-
1122 3785 1241 3842 Simonis
1258 3785 1336 3856 Magi
1361 3792 1390 3840 et
1414 3784 1570 3856 impostoris
1595 3787 1721 3857 pessimi,
1742 3805 1793 3842 nes
1812 3790 1955 3860 praedica·

262 3875 369 3941 demus,
387 3874 478 3945 ipsum
495 3874 609 3946 quidem
628 3873 707 3929 initio
725 3872 909 3940 contendisse,
928 3872 1001 3927 bona
1013 3887 1097 3944 opera
1122 3889 1183 3927 mus
1201 3872 1320 3943 gratiam
1339 3869 1393 3926 Dei
1411 3871 1530 3926 virentis
1548 3872 1577 3925 in
1596 3871 1706 3928 Christo
1727 3874 1806 3929 nobis
1822 3875 1953 3934 oblatam.

262 3977 318 4015 non
335 3976 400 4016 esse
414 3960 584 4024 noemmin,
600 3960 651 4015 sed
667 3965 766 4030 postea
781 3976 900 4014 emerem
919 3958 993 4012 hunc
1013 3975 1097 4028 agno·
1123 3965 1147 4015 4.
1167 3957 1319 4014 Simoniani
1341 3956 1477 4027 peccandi
1495 3956 1636 4012 licentiam
1652 3959 1880 4026 introducebant,
1904 3978 1955 4017 nec

262 4049 343 4115 ruse,
362 4046 431 4100 dnm
446 4045 604 4101 Formulam
619 4046 798 4114 Concordiae,
817 4045 846 4099 in
864 4061 920 4115 qua
936 4045 1008 4099 inter
1020 4046 1096 4099 dam·
1122 4045 1264 4117 prophetie
1281 4044 1496 4109 attendendum,
1513 4062 1564 4100 uec
1579 4045 1650 4117 legis
1662 4046 1750 4102 minas
1760 4048 1955 4119 pertimescen-

261 4142 343 4188 mres
362 4148 468 4187 errores
485 4131 531 4186 hic
549 4131 609 4201 ipse
628 4131 758 4200 rciertm,
775 4130 875 4185 lubens
892 4130 1063 4201 subscripsit
1123 4134 1173 4187 des
1200 4148 1261 4187 esse
1283 4130 1430 4200 docentes,
1455 4147 1506 4185 nos
1526 4130 1711 4188 cmisamsm
1734 4134 1890 4188 libertatem
1908 4136 1955 4190 do·

218 4239 250 4270 w
295 4225 340 4275 44.
381 4217 446 4275 Nou
477 4218 649 4272 incommode
683 4218 719 4271 ad
752 4216 827 4271 hunc
855 4216 947 4272 locum
971 4215 1096 4286 refertur,
1123 4237 1229 4288 cemus,
1256 4235 1328 4290 quae
1346 4235 1402 4272 non
1419 4216 1507 4286 tollit,
1523 4218 1574 4271 sed
1592 4219 1684 4288 potius
1702 4219 1809 4275 stabilit
1825 4220 1955 4277 obedien·
2030 4227 2032 4232 '

218 4291 225 4321 ²
263 4304 341 4377 quod
370 4303 557 4360 Bellarminus
588 4302 636 4358 lib.
667 4310 693 4359 4.
726 4303 762 4359 de
790 4303 862 4358 uotis
891 4304 987 4359 eccles.
1021 4321 1045 4358 c.
1072 4312 1096 4361 9.
1122 4308 1189 4362 ham
1209 4305 1266 4376 legi
1282 4304 1487 4375 praestandam.
1524 4311 1548 4359 5.
1559 4304 1710 4360 Simoniani
1727 4307 1876 4378 negabant,
1894 4326 1954 4364 csse
1968 4309 2028 4362 v'111.
2042 4319 2076 4361 aa.

218 4391 312 4475 '0¹³¹'-
332 4398 360 4448 4.
384 4391 421 4446 de
440 4390 531 4462 justif.
555 4408 579 4445 c.
600 4397 624 4446 4.
651 4396 680 4445 et
703 4390 733 4444 in
753 4389 861 4460 judicie
888 4392 922 4446 dc
944 4389 1017 4445 libre
1034 4407 1098 4445 cen·
1124 4393 1258 4472 quasdam
1288 4388 1411 4444 actiones
1442 4405 1494 4443 sua
1521 4395 1621 4445 natura
1650 4392 1739 4447 malas
1770 4400 1798 4448 et
1828 4393 1954 4465 injustas,

262 4478 340 4534 cord
367 4478 458 4533 mend.
479 4484 504 4533 t.
526 4477 679 4533 doctrinam
705 4484 827 4531 nosuam
847 4478 882 4532 de
898 4476 1097 4547 justificatione
1123 4496 1173 4534 nos
1210 4477 1336 4532 haeream
1366 4476 1442 4531 illam
1477 4492 1496 4530 a
1526 4474 1679 4532 Libertinis
1708 4484 1736 4533 et
1764 4478 1957 4551 Ambaptistis

218 4539 240 4630 ἶ
263 4563 409 4637 perfidem
423 4563 673 4635 absqueeperibns
691 4562 997 4633 cumprefligatissimis
1012 4563 1098 4619 Simo·
1123 4584 1158 4621 ex
1175 4581 1240 4620 orco
1259 4569 1417 4619 revocatam
1435 4562 1607 4618 damnamus.
1649 4571 1673 4621 6.
1692 4564 1858 4621 Eunomiani
1878 4576 1958 4624 erant

218 4651 412 4707 ¹*uicinorum
425 4649 694 4707 etEaucmianornm
702 4650 1020 4721 hamesibuscomparat.
1040 4653 1098 4720 Ap·
1123 4651 1205 4707 bouis
1230 4650 1361 4721 operibus
1387 4649 1507 4718 inimici,
1537 4668 1587 4705 nos
1613 4667 1647 4705 ca
1670 4669 1815 4724 urgemus,
1849 4656 1958 4725 praedi·

265 4735 962 4808 predim,inquit,catatopumeorum,quiapud
970 4739 1099 4807 antiquos
1125 4755 1219 4794 camus
1252 4744 1280 4790 ct
1303 4735 1433 4806 praemiis
1456 4736 1654 4806 temporalibus
1679 4754 1712 4792 ac
1735 4739 1855 4794 aeternis
1884 4740 1958 4797 affici

263 4824 591 4895 patresproeaploratis
600 4825 762 4880 haeresibus
773 4833 995 4893 notantur,quos
1008 4834 1099 4880 tamen
1125 4825 1263 4880 docemus.
1300 4828 1323 4877 7.
1350 4822 1516 4877 Eunomiani
1550 4822 1696 4891 docebant,
1728 4826 1831 4879 nemini
1862 4828 1958 4882 obesse

266 4912 692 4981 Protestantesproorthodoais
702 4912 1099 4981 docmatibusemplectuntur.
1124 4908 1357 4981 perpetrationem
1394 4915 1423 4963 et
1450 4910 1682 4980 perseverantiam
1711 4920 1901 4982 peccatoram,
1935 4913 1959 4969 si

267 4997 801 5062 PrinaiaaeresiseetSimoniouorum,
813 4999 1099 5067 quidocebanthomi-
1125 4995 1191 5050 fidei
1214 4994 1289 5049 illius
1305 4994 1350 5049 vel
1369 4994 1462 5064 potius
1482 4992 1622 5064 insertor,
1649 5013 1732 5067 quam
1751 4999 1959 5070 praedicabant,

268 5085 450 5140 unedoni
458 5085 649 5155 pergratiam
664 5085 789 5140 Simonis
803 5085 900 5153 Magi,
919 5102 999 5153 mem
1017 5087 1099 5138 deum
1125 5081 1264 5152 particeps
1292 5087 1377 5150 esset3
1406 5097 1456 5135 nos
1487 5081 1561 5135 clare
1586 5088 1615 5136 et
1641 5099 1739 5138 sonore
1766 5092 1958 5155 protestamur,

269 5173 426 5240 fmiebant,
445 5189 502 5225 non
520 5174 672 5226 amodum
690 5188 805 5239 operum
822 5169 969 5238 justitiam.
1004 5172 1099 5226 Euno-
1127 5185 1218 5223 veram
1243 5173 1272 5221 et
1296 5167 1448 5222 salvificam
1467 5167 1497 5221 in
1517 5167 1656 5223 Christum
1679 5168 1763 5224 fidem
1782 5188 1845 5226 cum
1863 5189 1959 5241 perpe·
2041 5240 2044 5243 ἢ

270 5260 356 5313 niani
376 5259 516 5325 dixerut,
534 5257 640 5312 nemini
650 5266 770 5327 peccata
790 5274 897 5325 noces,
914 5258 997 5310 modo
1009 5257 1100 5328 fidem
1126 5255 1244 5311 madano
1268 5271 1301 5308 ac
1326 5254 1532 5324 perseverantia
1549 5263 1726 5325 peccatorum
1743 5256 1959 5329 haudquaquam

272 5345 373 5401 laem.
387 5345 669 5400 IdernProtestontes
678 5343 1101 5415 dicunt.Respondcmus:quae
1126 5341 1284 5397 subsistere.
1328 5342 1368 5393 At
1400 5341 1501 5412 (inquit
1526 5338 1722 5411 Bcllarminus)
1750 5344 1780 5398 in
1809 5362 1841 5399 eo
1869 5354 1960 5399 tomen

272 5429 349 5487 hesit
367 5429 586 5486 Simonianorum
603 5436 633 5485 et
645 5429 880 5485 Eunomianomm
889 5429 1019 5498 haeresis,
1036 5445 1100 5483 cen·
1127 5447 1188 5482 curn
1207 5427 1320 5481 Simone
1346 5428 1423 5480 uobis
1442 5428 1582 5493 conuenit,
1600 5431 1677 5499 quod
1693 5431 1810 5496 docetes,
1825 5449 1882 5484 non
1902 5449 1960 5485 ser-

273 5522 323 5573 sat
351 5534 386 5573 ex
413 5515 567 5581 veteribus,
598 5534 616 5572 a
646 5533 702 5588 qua
730 5522 808 5571 tante
842 5516 988 5571 intervallo
1016 5515 1102 5569 dietat
1127 5514 1191 5567 cari
1206 5515 1331 5567 hemines
1347 5516 1499 5567 secundum
1516 5517 1694 5583 operationes
1708 5518 1813 5587 justae.
1836 5517 1961 5591 Respon-

274 5611 363 5659 uostra
385 5602 526 5666 daonium
552 5609 686 5673 quantum
711 5620 850 5658 summum
873 5603 980 5658 coelum
1006 5602 1043 5657 ab
1062 5602 1102 5655 in-
1128 5602 1239 5657 demus:
1268 5616 1324 5654 non
1353 5616 1386 5654 eo
1412 5600 1523 5656 nomine
1550 5601 1682 5658 irenaeus
1708 5620 1741 5656 ac
1767 5602 1960 5661 Theodoretm

275 5688 333 5745 lima
355 5696 439 5745 terra
483 5686 615 5744 irenaeus
641 5689 689 5745 lib.
718 5697 739 5745 1.
766 5706 790 5745 c.
819 5694 856 5755 12.
882 5707 910 5760 p.
934 5695 976 5745 75.
1004 5689 1038 5744 de
1063 5688 1103 5742 Si·
1129 5688 1267 5744 Simonem
1283 5686 1430 5741 haereseos
1446 5693 1592 5757 accusant,
1620 5689 1693 5761 quod
1714 5690 1842 5746 moutam
1862 5692 1961 5747 saluus

274 5793 349 5833 usna
367 5776 407 5832 sic
426 5774 535 5832 scribit:
562 5778 654 5831 Decet
673 5793 733 5846 eos,
760 5777 809 5846 qui
827 5777 858 5829 in
877 5794 907 5829 sc
926 5784 952 5830 et
970 5776 1001 5829 in
1020 5775 1103 5828 Hele·
1129 5773 1258 5845 operibus
1276 5772 1465 5843 denegaverit,
1483 5774 1532 5829 sed
1551 5775 1627 5845 quod
1644 5791 1722 5845 spem
1738 5775 1769 5830 in
1785 5792 1815 5833 se
1826 5796 1961 5850 suamque

275 5880 349 5933 sen,
376 5868 464 5935 quom
485 5863 722 5930 mandacem,
745 5880 823 5932 sporn
846 5862 994 5930 habuerit,
1019 5862 1105 5916 libere
1130 5859 1248 5917 Salem
1264 5857 1469 5923 collocandam,
1487 5860 1606 5931 gratiam
1617 5859 1962 5934 salutisasecxspectan·

276 5959 391 6020 mest,
410 5950 618 6021 quae-sciisset,
632 5966 686 6019 per
702 5949 797 6019 ipsiius
815 5949 887 6005 enirn
904 5948 1029 6018 pretium
1046 5948 1105 6003 sai-
1132 5947 1210 6014 dara,
1234 5946 1322 6003 bonas
1348 5962 1414 6002 vero
1439 5946 1562 6001 maanes
1586 5946 1673 6004 libere
1696 5950 1788 6005 omitti
1814 5967 1896 6021 posse
1914 5952 1964 6008 do-
