4800 6659
977 635 1031 694 De
1048 632 1326 695 sconsum.
1934 643 1995 703 201

305 792 463 865 respiciens,
481 798 540 850 tam
556 792 637 850 firma
654 811 687 850 ac
704 794 783 849 fortis
800 792 845 856 sit,
864 798 896 847 ut
915 791 993 846 nulla
1008 791 1150 912 indigeat.
1162 791 1229 846 tetis
1248 791 1395 847 manifesta
1412 792 1600 847 ἐπακολουθεῖ
1614 790 1645 847 τὸ
1665 791 1808 865 βάπτισμα
1826 793 1998 865 ἐπισφραγί-

305 878 523 949 confirmations,
553 881 633 951 cujus
661 880 829 936 contrarium
849 879 986 950 cujusque
1009 893 1073 934 vere
1095 875 1135 948 pii
1162 881 1208 941 cor
1227 876 1306 951 ἡμῶν
1324 878 1375 945 τὴν
1394 878 1609 949 συγκατάθεσιν.
1654 878 1719 934 Jam
1738 895 1804 934 vero
1824 879 1998 949 συγκατάθε-

305 966 472 1021 conscientia
489 973 615 1023 testatur.
650 968 698 1036 Ar,
718 964 1012 1038 inquitBellarminus,
1030 964 1057 1017 si
1073 962 1136 1033 quis
1162 978 1205 1023 aa
1223 980 1279 1018 non
1298 971 1342 1019 est
1358 965 1434 1020 nuda
1450 964 1594 1033 confessio,
1613 965 1662 1020 sed
1675 974 1801 1034 pastum,
1817 969 1851 1019 at
1863 965 1996 1021 Erasmus

304 1070 358 1106 noa
375 1054 466 1107 eredit
483 1053 576 1116 umbo,
594 1054 620 1106 is
638 1070 688 1106 nee
705 1054 795 1120 sipnis
815 1052 914 1119 credi,
933 1051 983 1121 qui
999 1065 1136 1104 carcere·
1162 1054 1190 1103 et
1225 1048 1373 1105 Cornanus
1415 1057 1565 1107 verterunt.
1626 1052 1704 1105 ldem
1743 1052 1772 1105 in
1812 1051 1916 1108 exhort.
1958 1053 1995 1107 ad

304 1139 346 1194 dit
370 1140 469 1203 serbo,
496 1158 551 1193 nan
576 1148 635 1208 eqet
653 1140 750 1209 sipnis.
787 1138 1010 1209 Respondemus:
1032 1152 1065 1191 ex
1083 1134 1136 1189 hoc
1163 1134 1240 1206 bapt
1264 1143 1345 1191 vocat
1371 1135 1493 1208 sigillum
1515 1144 1544 1192 et
1566 1137 1723 1208 symbolum
1742 1138 1889 1208 mysticum
1905 1140 1996 1195 οιαὶ*

303 1222 484 1280 inudmento
507 1244 562 1280 non
586 1224 674 1280 solum
702 1233 949 1287 armamentorum,
978 1222 1028 1276 sed
1053 1222 1136 1276 etiam
1163 1221 1338 1293 Augustinus
1367 1223 1402 1279 de
1431 1224 1536 1279 catech.
1562 1225 1652 1279 rudib.
1683 1241 1708 1280 c.
1734 1230 1780 1279 tt:
1811 1225 1997 1279 Sacramenta

303 1312 425 1367 omnium
452 1311 647 1366 miraculorum
673 1328 741 1366 usus
766 1309 852 1367 everti
874 1315 983 1381 posset3
1008 1308 1138 1364 convenit
1163 1316 1227 1360 sunt
1245 1308 1369 1363 risibilia
1387 1327 1481 1362 rerum
1500 1309 1662 1363 decimarum
1679 1311 1833 1377 sipnaem
1852 1311 1901 1368 lib.
1919 1317 1943 1366 4.
1960 1310 1996 1365 de

304 1406 383 1471 grato
408 1398 500 1453 animo
529 1398 622 1469 potius
648 1413 797 1470 agnoscere
815 1402 844 1452 et
859 1395 1034 1467 praedicare,
1062 1393 1136 1465 qnod
1164 1393 1302 1463 baptismo
1321 1412 1345 1450 c.
1368 1400 1414 1451 tt:
1436 1393 1616 1450 Circumcisio
1630 1398 1855 1464 estsipnaeulum
1865 1398 1997 1467 justitias

304 1486 341 1541 ad
360 1483 426 1540 fidei
443 1492 554 1540 nostras
575 1484 807 1540 confirmationem
826 1483 953 1537 instituta
972 1483 1029 1536 sint
1047 1496 1138 1535 sacra·
1163 1480 1241 1543 fidei.
1268 1480 1366 1551 Neque
1383 1481 1412 1536 id
1426 1480 1561 1537 diffitetur
1569 1481 1762 1550 Bellarminus,
1781 1482 1882 1553 excipit
1895 1491 1996 1552 antem,

304 1578 406 1639 menta
431 1588 515 1643 quarn
541 1571 583 1627 bis
611 1586 645 1627 ac
673 1569 808 1626 similibus
833 1567 950 1641 argutiis
967 1566 1078 1622 divinae
1098 1566 1138 1619 in·
1161 1575 1261 1635 patres
1280 1584 1455 1637 nequamsam
1473 1568 1525 1623 bae
1545 1568 1631 1635 selle,
1652 1570 1729 1637 quod
1746 1579 1923 1624 sacramenta
1941 1571 1998 1624 sint

305 1656 442 1712 stitutioni
461 1658 628 1728 obstrepere.
1164 1652 1314 1721 eipnacuta
1333 1656 1495 1709 diuinarum
1508 1656 1740 1724 promissionum,
1766 1657 1818 1709 sed
1835 1658 1933 1725 aliqua
1949 1658 1997 1711 lsa-

258 1764 293 1797 sss
340 1749 383 1801 et.
420 1750 444 1801 b.
467 1744 530 1800 Non
559 1744 649 1800 solum
678 1742 849 1799 circumcisio
885 1740 986 1796 dicitur
1016 1738 1139 1810 sigillum
1165 1756 1228 1792 rum
1245 1741 1330 1794 trium
1347 1743 1495 1795 modorum
1513 1742 1593 1811 loom
1613 1743 1822 1810 desipnaessiis.
1852 1747 1877 1796 1.
1898 1744 1997 1813 Sipna-

258 1807 428 1902 i'iijustitiac
445 1829 511 1885 fidei
527 1831 607 1888 Rom.
628 1837 656 1895 t,
685 1849 711 1886 v.
735 1835 779 1895 ll,
807 1828 858 1883 sed
886 1834 914 1882 et
940 1827 975 1882 de
1000 1841 1073 1897 agno
1091 1841 1138 1895 pa·
1166 1825 1232 1880 cula
1249 1834 1349 1880 cocant
1365 1836 1555 1896 sacramenta,
1582 1828 1650 1896 quta
1677 1828 1825 1896 obsipnaat
1851 1830 1948 1891 adeles
1972 1839 1999 1884 st

258 1912 278 2002 ξ
304 1918 391 1974 schali
418 1918 519 1973 dicitur
542 1917 607 1988 Sap.
632 1923 676 1986 18,
698 1935 724 1971 v.
743 1923 767 1973 t.
790 1914 866 1987 quod
888 1919 982 1985 patres
999 1911 1034 1969 V.
1053 1910 1086 1966 Τ.
1106 1927 1139 1965 eo
1166 1918 1301 1980 masuam
1328 1922 1396 1966 nota
1426 1916 1550 1983 meadum
1578 1931 1624 1967 eos
1649 1923 1785 1982 separant
1810 1916 1847 1968 ab
1868 1916 1918 1980 iis,
1950 1916 2000 1983 qui

258 2022 277 2053 ⁸·
305 2006 502 2070 vescebantur,
530 2010 577 2061 ἵνα
606 2003 740 2078 ἀσφαλῶς
771 2002 873 2063 εἰδότες
901 1996 943 2061 οἷς
972 2001 1139 2054 ἐπίστευσαν
1166 2016 1223 2052 non
1249 2006 1314 2070 sunt
1335 2000 1371 2053 de
1398 2017 1482 2068 prepe
1507 2000 1551 2053 oet
1574 2001 1610 2053 de
1637 2002 1760 2054 exercitu
1782 2002 1909 2056 Domini
1944 2001 1999 2057 Re-

258 2091 265 2105 '
305 2093 411 2162 ipsam,
431 2092 675 2166 ἐπευθυμήσωσιν,
698 2099 729 2145 ut
746 2090 840 2144 securi
852 2088 1050 2159 promissionis
1070 2088 1139 2140 bono
1166 2085 1349 2156 spondemus:
1375 2086 1451 2141 aliud
1477 2092 1520 2140 est
1543 2092 1610 2142 nota
1633 2093 1662 2142 et
1680 2086 1805 2157 signum,
1830 2105 1885 2159 quo
1903 2087 1999 2145 fideles

305 2187 393 2235 essent
420 2180 514 2234 anima
539 2188 566 2233 et
585 2179 705 2232 salutem
721 2179 866 2248 justorum
885 2174 1140 2245 praestolarentur,
1166 2172 1202 2226 ab
1226 2169 1384 2227 infidelibus
1403 2172 1624 2243 distinguuntur,
1648 2171 1724 2226 aliud
1740 2173 1915 2243 signaculum
1932 2174 1999 2231 fidei

304 2267 373 2320 certi
397 2267 455 2320 sair
478 2264 569 2321 αὐτῶν
596 2263 698 2339 ὁμοίως
728 2267 774 2317 sat
797 2260 915 2333 ἀγαθῶν
937 2264 984 2315 sut
1002 2260 1140 2313 sardinas
1166 2263 1195 2312 et
1210 2258 1400 2329 promissionis
1417 2257 1527 2313 divinae
1545 2258 1574 2311 in
1591 2256 1659 2329 ipsis
1672 2258 1810 2316 fidelibus.
1834 2259 1896 2315 Non
1913 2277 1997 2333 nega-

303 2351 527 2426 perneciosae,
554 2353 654 2405 eadem
670 2351 799 2405 similiter
817 2367 879 2404 cum
898 2349 970 2403 bona
986 2355 1042 2401 trem
1061 2346 1139 2399 mala
1166 2361 1240 2413 mus,
1266 2344 1459 2400 secundarium
1480 2344 1553 2399 hunc
1572 2360 1632 2399 esse
1654 2352 1886 2402 sacramentorum
1904 2347 1996 2417 finem

303 2444 438 2510 perferre
455 2457 489 2494 aa
503 2440 577 2507 pati,
594 2456 621 2495 r.
634 2444 659 2495 9.
690 2437 766 2508 Ergo
777 2436 847 2490 ritus
858 2434 924 2507 agni
935 2432 1075 2506 paschalis
1087 2432 1141 2486 fuit
1167 2430 1241 2500 qnod
1256 2430 1312 2486 sint
1327 2439 1410 2486 notae
1427 2429 1607 2486 confessionis
1624 2447 1658 2486 ac
1677 2439 1760 2488 notae
1779 2439 1863 2504 atque
1876 2440 1997 2490 tesseres

304 2525 370 2597 ipsis
401 2524 573 2581 confirmatio
604 2524 713 2580 divinae
740 2521 929 2593 promissionis
959 2521 994 2576 de
1022 2524 1138 2574 venturo
1165 2517 1306 2587 ecclesiae,
1325 2536 1409 2590 quam
1427 2518 1603 2590 distinguunt
1619 2518 1655 2574 ab
1672 2519 1735 2574 aliis
1752 2520 1895 2592 quibusvis
1912 2522 1996 2578 costi·

306 2610 408 2668 limeis
431 2620 517 2681 etque
542 2627 624 2680 opere
647 2607 802 2680 spiritualis
832 2606 1025 2670 redemtionis,
1059 2606 1139 2675 cujus
1165 2603 1233 2669 bus,
1249 2614 1344 2660 manet
1361 2605 1470 2660 interim
1488 2606 1648 2677 principalis
1665 2606 1714 2662 ille
1732 2605 1795 2661 finis
1813 2614 1995 2663 armamento

305 2703 388 2769 typus
412 2698 443 2752 in
464 2696 602 2767 corporali
623 2696 671 2750 illa
689 2694 852 2749 liberatione
871 2709 905 2747 ex
925 2693 1057 2763 Aegypto
1074 2707 1138 2761 pro·
1165 2709 1240 2759 rum,
1269 2692 1344 2763 quod
1373 2692 1430 2746 sint
1457 2691 1612 2747 divinarum
1641 2693 1850 2764 promissionum
1881 2701 1910 2749 et
1930 2693 1996 2749 fidei

305 2784 474 2854 ponebatnr3
492 2783 563 2837 banc
581 2781 790 2853 promissionem
805 2778 937 2833 divinitus
950 2776 1138 2832 confirmatam
1165 2779 1316 2849 signacula
1351 2778 1544 2850 Recognoscst
1558 2778 1743 2836 Bellarminus
1759 2798 1812 2836 sua
1825 2781 1911 2837 verbe
1925 2781 1996 2837 l.de
2087 2825 2090 2837 .

305 2869 358 2926 tide
388 2870 483 2924 intuiti
512 2869 548 2924 ad
574 2868 687 2939 quaevis
709 2867 784 2922 mala
809 2871 839 2921 et
853 2865 978 2935 pericula
994 2862 1140 2918 subeunda
1165 2871 1383 2921 sacram.c.15.
1407 2863 1437 2940 ξ.
1461 2866 1540 2923 Haec
1558 2866 1709 2927 sententia:
1742 2869 1810 2922 Etsi
1826 2868 1935 2940 (inquit)
1951 2885 1996 2922 sa·
2062 2883 2064 2888 ·
2091 2873 2127 2940 „3

305 2956 394 3029 parati
410 2962 498 3025 erant,
515 2956 586 3010 sicut
601 2963 628 3011 et
644 2955 678 3009 de
692 2971 779 3010 coena
789 2952 936 3007 Dominica
946 2951 1012 3023 agni
1024 2949 1138 3021 pascha·
1165 2961 1309 3006 eramenta
1327 2953 1408 3006 iilum
1425 2972 1504 3007 usum
1522 2955 1650 3022 babeam,
1669 2956 1745 3023 quod
1761 2956 1937 3023 distinpuunt
1953 2971 1997 3009 rs·
2114 2979 2118 2992 ·

305 3043 338 3100 l'n
359 3043 489 3114 antitypa
512 3040 667 3112 Cyprianus
690 3040 758 3095 dicit
776 3040 856 3111 epist.
875 3044 915 3095 56.
934 3038 953 3093 f.
978 3042 1039 3095 153:
1065 3037 1138 3093 Gra·
1166 3039 1299 3109 lipionem
1321 3056 1416 3092 ueram
1433 3058 1453 3093 a
1470 3041 1756 3109 quibusdam-falsis,
1773 3049 1865 3095 tamen
1882 3059 1937 3095 nan
1956 3050 1998 3094 est
2069 3017 2125 3084 ''.'''

304 3130 364 3184 aior
381 3146 457 3183 nune
473 3137 499 3183 st
506 3128 638 3197 ferocior
654 3145 753 3196 pupae
772 3127 907 3195 imminet,
925 3126 1066 3193 adquam
1078 3124 1139 3193 fide
1164 3126 1210 3179 bic
1221 3126 1299 3180 salus
1313 3126 1357 3179 vel
1363 3128 1538 3196 prasomum
1549 3135 1786 3181 sacramentorum
1797 3146 1871 3181 usus.
1900 3130 1927 3181 2.
1946 3127 1998 3181 Va·
2092 3127 2104 3146 '²
2119 3123 2124 3140 ⁵

258 3203 472 3285 tttnimmpta
496 3223 523 3268 et
544 3215 645 3268 uirtute
665 3214 781 3267 robusta
796 3228 906 3282 parare
923 3227 952 3264 se
970 3210 1070 3264 debent
1088 3209 1137 3261 mi·
1165 3221 1230 3267 eant
1249 3220 1426 3266 samanunta
1444 3214 1608 3281 sipsaeula,
1634 3215 1702 3282 quia
1720 3214 1858 3268 claudunt
1873 3215 1950 3267 intra
1967 3230 1998 3268 ss

305 3303 366 3358 lites
384 3301 492 3356 Christi
508 3301 725 3361 considerantes,
741 3298 859 3364 ideirco,
878 3314 907 3351 se
925 3296 1050 3365 quotidie
1068 3296 1138 3348 cali·
1165 3317 1222 3354 rem
1241 3317 1368 3367 sacram,
1391 3299 1443 3353 boe
1462 3307 1503 3354 est
1517 3300 1684 3354 invisibilem
1701 3302 1837 3368 qratiam,
1861 3302 1895 3354 id
1915 3301 1996 3369 enias,

305 3407 361 3445 cern
377 3389 523 3459 sareptanis
544 3387 651 3443 Christi
668 3387 768 3454 bibere,
784 3393 815 3439 ut
827 3385 939 3455 possint
958 3391 984 3438 et
1001 3381 1058 3452 ipsi
1069 3400 1138 3451 pro·
1165 3388 1241 3455 quod
1260 3387 1421 3450 alauddur,
1446 3385 1591 3454 omiprmi
1612 3387 1697 3457 solet,
1719 3395 1749 3440 ut
1767 3389 1856 3457 Apoc.
1875 3392 1901 3443 5.
1925 3387 1997 3441 tiber

301 3486 365 3548 pter
390 3476 529 3531 Christum
557 3473 721 3544 sanquinem
744 3473 878 3538 fundere.
928 3470 988 3534 Quo
1018 3468 1140 3540 pertinet
1163 3475 1292 3541 sipontus
1318 3473 1424 3542 sipiilis
1450 3482 1562 3543 septem.
1607 3473 1830 3545 Respondemus:
1860 3473 1998 3544 generalis

304 3564 387 3620 eb’am
411 3562 481 3617 baec
507 3561 626 3617 collatio.
671 3558 909 3626 Quemadmodum
934 3574 998 3628 pars
1020 3562 1139 3626 utraque
1164 3559 1214 3614 illa
1239 3559 1435 3630 mysteriorum
1459 3558 1545 3626 ratio,
1572 3560 1647 3629 quod
1672 3576 1731 3615 rem
1749 3576 1856 3614 sacram
1873 3561 1945 3615 intra
1967 3576 1997 3615 se

304 3649 560 3707 confoederatorum
576 3647 613 3701 ad
632 3645 866 3701 confirmationem
882 3644 958 3716 pacti
971 3649 1065 3698 mutuo
1077 3641 1139 3696 initi
1164 3647 1287 3700 clausam
1305 3653 1334 3701 et
1349 3654 1475 3717 opertam
1493 3645 1624 3715 babeant,
1644 3662 1701 3701 non
1719 3647 1885 3719 opponenda
1895 3646 1997 3702 estfmi

305 3736 339 3793 de
366 3734 464 3791 mem
486 3734 600 3788 victima
618 3730 937 3802 foederali'purticipat3
964 3730 1004 3785 ita
1027 3744 1138 3800 quoque
1164 3732 1312 3803 principali
1330 3737 1360 3788 et
1375 3732 1507 3803 primario
1524 3739 1767 3803 sacramentorum,
1784 3734 1848 3789 ideo
1865 3734 1937 3788 enim
1955 3750 1998 3788 sa-

304 3820 431 3879 Cbristus
457 3821 529 3876 inter
555 3820 648 3874 Deum
672 3824 700 3872 et
725 3834 777 3871 nos
809 3816 907 3871 foedus
926 3814 1139 3870 ·sanctissimum
1165 3825 1307 3875 crementa
1329 3826 1396 3874 sunt
1414 3819 1523 3875 divinae
1541 3819 1648 3891 gratim
1665 3819 1774 3891 sigilla,
1800 3820 1867 3891 qnia
1881 3820 2123 3878 cendemnatis

305 3908 431 3964 sanciens
456 3923 555 3977 corpus
577 3911 606 3961 et
624 3904 788 3976 sanguinem
808 3921 889 3957 suum
906 3920 962 3957 non
979 3902 1061 3957 modo
1078 3901 1139 3956 Dec
1164 3923 1219 3960 non
1249 3906 1339 3960 solnm
1365 3905 1489 3961 offerunt
1510 3912 1538 3961 et
1561 3923 1628 3962 sano
1644 3925 1727 3963 sensu
1746 3907 1868 3962 clausam
1885 3907 1996 3973 babent,

305 3993 383 4051 Pan-i
399 3994 430 4049 in
448 4009 499 4047 ars
514 3992 604 4047 crucis
624 3991 733 4060 obtulit,
751 3990 800 4045 sed
819 3990 901 4045 etiam
918 3990 947 4044 in
964 4005 1052 4045 coena
1063 4007 1139 4044 man·
1164 3994 1213 4049 sed
1236 3993 1320 4048 etiam
1344 3992 1425 4048 nobis
1448 3992 1598 4064 obsignant
1621 4001 1650 4048 et
1667 3992 1836 4049 confirmant
1867 3992 1943 4050 Usus
1960 3994 1996 4048 si·

307 4080 464 4136 ducendum
483 4085 512 4133 st
530 4076 682 4132 bibendum
701 4076 782 4132 nobis
794 4077 918 4147 praebet
947 4075 1137 4131 Damasccnus
1163 4079 1293 4151 gillorum
1315 4095 1372 4133 non
1393 4072 1483 4135 solum
1506 4079 1530 4133 is
1549 4087 1605 4144 est,
1629 4081 1705 4151 quod
1731 4080 1829 4134 literae
1847 4080 1903 4134 illis
1921 4080 1996 4134 clau

306 4184 339 4224 ex
366 4165 507 4222 veteribus
534 4180 641 4218 sacram
670 4179 784 4218 menam
811 4170 894 4217 vocat
921 4160 1069 4236 ἇῤῥαβῶνα
1095 4164 1138 4230 sris
1163 4168 1279 4229 dantur,
1306 4184 1341 4221 ne
1358 4163 1395 4219 sb
1420 4165 1482 4219 aliis
1500 4165 1642 4237 legantur,
1666 4165 1716 4221 sed
1739 4165 1887 4236 praecipue
1911 4166 1996 4222 etiam

305 4250 458 4326 μελλούσης
477 4253 543 4320 ζωῆς
560 4255 604 4304 sat
623 4252 762 4318 βασιλείας
780 4254 831 4303 etc
1162 4253 1227 4320 iste,
1245 4252 1320 4322 quod
1338 4267 1385 4320 es,
1405 4268 1477 4323 quae
1494 4251 1524 4305 in
1541 4251 1628 4307 literis
1643 4251 1831 4318 continentur,
1848 4251 1997 4324 obsignant

338 4345 381 4396 tt.
416 4337 547 4392 Patribus
572 4336 704 4391 usitatum
729 4343 772 4389 est
793 4339 964 4389 sacramenta
982 4352 1081 4391 vocare
1099 4336 1136 4389 si·
1162 4347 1190 4395 et
1212 4337 1385 4407 confirment,
1407 4338 1568 4409 praesertim
1593 4337 1808 4408 sipatentibus,
1830 4340 1997 4408 advocant,

306 4426 427 4497 psentia
451 4433 480 4480 et
496 4425 604 4494 cipitia.
637 4422 827 4479 Tertullianus
846 4421 896 4478 lib.
917 4422 952 4477 de
968 4422 1069 4493 poenit.
1089 4422 1136 4478 ba·
1162 4426 1249 4481 literis
1267 4425 1469 4496 appendantur.
1503 4424 1563 4481 Nec
1579 4431 1638 4479 tam
1654 4424 1739 4495 priori
1753 4442 1836 4496 qnam
1850 4425 1995 4496 posteriori

306 4513 436 4584 ptismnm
454 4517 537 4566 vocat
556 4511 626 4576 fidei
643 4509 868 4578 obsipuationem.
904 4507 1024 4563 Basilius
1041 4508 1089 4565 lib.
1111 4516 1136 4565 3.
1162 4520 1290 4583 respectu
1317 4516 1492 4567 sacramenta
1522 4510 1651 4566 dicuntur
1680 4510 1781 4582 sigilla
1832 4516 1859 4569 3.
1891 4514 1996 4567 Voeast

307 4605 401 4656 contra
414 4596 532 4652 Eunom.
545 4596 661 4651 solbit.
679 4594 737 4648 iore
751 4594 779 4649 rb
799 4592 943 4667 βάπτισμα
956 4600 1078 4666 σφραγὶς
1091 4598 1137 4663 τῆς
1164 4600 1329 4668 baptismum
1351 4598 1475 4666 sipilircm
1493 4606 1576 4667 atque
1593 4599 1812 4668 obsipnationem
1823 4601 1912 4669 fidei,
1929 4601 1996 4669 quia

307 4692 431 4748 aiassae.
464 4682 677 4752 ”Baptismus
695 4689 735 4735 est
750 4681 877 4751 sipiltum
891 4683 968 4749 fidei,
979 4684 1057 4751 fides
1072 4700 1136 4738 vero
1164 4686 1316 4754 baptismus
1334 4692 1375 4738 eat
1388 4685 1507 4755 publiea
1523 4685 1690 4753 approbatio
1704 4693 1731 4738 et
1749 4686 1907 4748 testificatio
1926 4688 1996 4748 fidei

307 4772 445 4843 consessio
475 4770 597 4825 deitatis
649 4767 771 4822 Credere
807 4769 880 4821 enim
905 4769 989 4837 priua
1020 4777 1136 4837 oportet,
1163 4773 1238 4842 ejus,
1262 4771 1311 4839 qui
1333 4771 1499 4839 baptisatur.
1533 4769 1756 4842 Respondemusr
1782 4770 1846 4826 linis
1865 4772 1995 4842 baptismi

307 4860 406 4914 danda
424 4857 561 4926 baptismo
579 4854 730 4924 obsipnari.
761 4854 806 4909 De
819 4853 923 4925 Spiritu
943 4861 1040 4909 sancto
1053 4872 1076 4911 c.
1091 4861 1136 4911 12:
1162 4856 1342 4912 secundarius
1370 4863 1398 4911 et
1421 4854 1513 4909 minus
1535 4854 1696 4926 principalis
1719 4874 1775 4913 non
1792 4857 1876 4913 debet
1893 4856 1996 4927 opponi

307 4946 392 5000 bitias
416 4950 443 4999 et
465 4944 604 5013 baptisma
630 4943 686 4995 duo
712 4941 814 4995 saetis
838 4942 917 4995 nwdi
934 4951 998 4993 sunt
1016 4941 1090 4995 inter
1107 4960 1137 4997 se
1162 4942 1293 5015 primario
1317 4946 1346 4996 et
1371 4940 1523 5012 principali
1557 4942 1609 4996 Est
1627 4943 1738 4998 omnino
1759 4942 1911 5013 baptismus
1930 4949 1997 4999 nota

307 5033 502 5088 eanbasrentes
527 5038 552 5082 et
571 5028 790 5096 inseparabiles,
814 5029 886 5093 fides
904 5027 975 5081 enim
988 5030 1135 5097 perficitur
1163 5029 1340 5101 professionis
1361 5028 1429 5084 fidei
1452 5035 1580 5099 respectu
1604 5028 1760 5097 bominum,
1784 5030 1894 5086 interim
1913 5030 1997 5085 etiam

303 5136 353 5189 per
372 5117 555 5188 baptismum;
574 5115 725 5182 baptismus
742 5131 808 5168 aero
824 5115 966 5180 fundatur
979 5132 1035 5185 per
1051 5117 1136 5181 fidem
1163 5125 1204 5170 est
1232 5116 1415 5184 interropatio
1440 5117 1497 5169 siue
1524 5116 1669 5185 stipulatio
1695 5118 1782 5171 bonae
1813 5117 1998 5172 conscientiae

307 5214 330 5260 et
348 5223 405 5276 per
430 5204 528 5256 eadem
545 5202 659 5254 nomina
678 5208 795 5271 saraque
813 5218 859 5254 res
877 5200 1017 5270 impletur.
1058 5201 1137 5256 Sicut
1163 5220 1231 5271 erpa
1252 5206 1356 5267 Deum,
1392 5208 1413 5257 l.
1431 5200 1506 5257 Patr.
1528 5206 1558 5266 3,
1576 5220 1602 5259 v.
1622 5209 1662 5258 21.
1688 5210 1732 5258 est
1749 5202 1871 5274 sigillum
1891 5203 1997 5259 divina-

308 5294 377 5347 enim
402 5289 543 5344 credimus
568 5289 598 5340 in
616 5288 732 5340 Patrem
758 5295 784 5340 et
807 5288 914 5341 Filium
943 5295 969 5340 et
998 5288 1136 5357 Spiritum
1163 5308 1224 5343 rum
1249 5287 1475 5359 promissionum,
1499 5303 1572 5360 quae
1591 5305 1624 5343 ex
1648 5288 1674 5342 vi
1691 5287 1832 5344 relationis
1847 5289 1930 5345 fidem
1948 5308 1996 5346 no·

307 5386 445 5443 sanetum·
468 5377 509 5429 sie
531 5375 615 5427 etiam
638 5372 812 5440 baptizamur
831 5373 860 5426 in
880 5391 978 5427 nomen
993 5375 1093 5427 Patris
1111 5383 1137 5428 et
1162 5385 1248 5430 stram
1271 5375 1429 5446 requirunt3
1453 5375 1570 5445 proinde
1595 5375 1747 5445 baptismus
1773 5384 1801 5432 et
1824 5385 1998 5434 sacramenta

307 5465 377 5520 ittet
392 5472 418 5519 et
437 5461 562 5533 Spiritus
587 5458 686 5517 sancti.
723 5459 763 5511 Et
778 5460 925 5528 praecedit
944 5461 1055 5529 quidem
1074 5462 1271 5554 con-,reliqua
1308 5466 1374 5514 sunt
1403 5461 1610 5533 obsignationes
1638 5460 1703 5515 fidei
1732 5468 1842 5517 noemae
1873 5467 1902 5517 et
1932 5464 1996 5519 Dei.

302 5552 391 5617 sessio
416 5550 593 5604 adsalutem
611 5548 760 5614 inducens,
784 5547 961 5614 consequitur
980 5556 1073 5601 autem
1091 5550 1136 5602 ba·
1148 5561 1151 5586 ¹
1162 5549 1229 5617 Dei,
1253 5555 1285 5603 ut
1308 5548 1495 5618 promittentis
1518 5555 1546 5604 et
1564 5548 1732 5612 exhibentis3
1755 5547 1821 5605 fidei
1838 5559 1948 5607 naama
1964 5558 1998 5607 ut
2043 5558 2051 5573 ⁶

304 5639 406 5707 ptisma
431 5636 581 5703 obsipaans
599 5640 724 5687 nomam
742 5632 944 5697 coasessionem
965 5650 1000 5686 aa
1012 5589 1339 5703 postumiassentientis
1358 5640 1386 5689 et
1401 5632 1569 5691 fiducialiter
1588 5634 1828 5705 apprehendentis.
1865 5641 1890 5694 t.
1906 5640 1997 5694 Deni-

307 5721 489 5781 Bellarminus
523 5720 672 5791 respondet
705 5719 831 5789 ospitium
862 5727 888 5773 et
918 5720 1136 5790 absipnationem
1163 5739 1214 5791 que
1233 5721 1331 5775 vocari
1342 5728 1437 5789 potest
1454 5722 1606 5790 baptismus
1618 5722 1742 5789 siquitem
1759 5724 1835 5793 fidei,
1852 5726 1996 5796 quisper-

307 5810 373 5875 Μαι·
397 5810 473 5863 idem
500 5825 558 5863 esse
579 5825 613 5862 aa
635 5806 782 5878 publicam
811 5805 1042 5876 approbationem
1062 5809 1138 5877 fidei
1156 5808 1221 5876 ficit
1238 5815 1264 5861 et
1282 5807 1401 5862 msoteit
1421 5808 1627 5877 quedammodo
1639 5809 1777 5864 bonrisem
1793 5812 1914 5875 fidelem.
1942 5814 1998 5869 Re-

310 5895 376 5966 sita,
396 5895 446 5969 qui
463 5895 627 5965 baptisatur.
661 5892 717 5949 Sed
733 5907 837 5966 graeca
854 5889 939 5948 subs
955 5891 1054 5948 Basilii
1071 5839 1343 5967 suntispondemus:
1370 5891 1408 5947 ad
1426 5890 1626 5963 perseuerans
1652 5893 1773 5953 bominis
1796 5895 1888 5956 tidelis
1912 5898 1997 5955 etiarn
