4800 6659
942 541 994 600 DE
1011 539 1134 601 taceo
1150 538 1353 610 semmua
1935 549 1996 618 bb!

300 716 374 771 oruc,
392 697 477 771 161τὴ
497 702 543 755 eui
561 699 576 768 ἢ
596 697 744 773 κάθαρσις,
762 696 801 754 δι’
824 695 924 759 ὕδατός
943 698 1071 771 666661
1088 697 1135 776 sui
1164 711 1226 751 rum
1263 693 1381 767 Christi3
1428 700 1452 751 3.
1489 694 1583 768 quoad
1620 694 1843 769 obsignationem
1879 696 1999 755 foeder'm

298 786 465 862 πνεύμαιος,
496 788 547 843 τοῦ
576 788 631 857 μὲν
658 786 831 859 θεωρητικαῖς
853 804 882 841 rs
906 789 953 841 sal
976 786 1136 859 σωματικῶς
1161 782 1235 838 inter
1252 783 1344 839 Deum
1367 789 1396 839 et
1422 782 1594 859 baptizptnm
1618 782 1679 839 initi
1703 783 1801 855 quovis
1821 790 1946 855 tempore
1965 801 1998 844 ex
2100 835 2102 840 .

298 876 530 950 λαμβανομένου,
560 877 611 929 τοῦ
641 874 672 928 il
710 870 862 947 ἀσωμάτοις
892 875 939 929 ani
974 869 1137 943 ἀθεωρήιως
1161 875 1241 941 parte
1263 869 1318 926 Dei
1343 869 1407 928 reti.
1458 869 1528 925 Cum
1555 886 1620 925 vcro
1648 870 1854 943 baptizatorum
1884 871 1999 942 quidem

299 965 510 1037 συντρέχοντος,
529 964 574 1015 aul
593 962 643 1015 rori
661 960 715 1029 pir
732 964 858 1023 runrxoi,
876 962 926 1013 τοῦ
944 958 975 1013 tl
998 957 1136 1026 ἀληθινοῦ
1161 956 1218 1011 sint
1229 955 1401 1027 hypocritae,
1421 955 1525 1012 actuali
1536 955 1745 1027 impoenitentia
1757 961 1786 1013 et
1803 956 1999 1016 incredulitate

299 1053 344 1104 sal
376 1046 409 1101 ui
441 1047 515 1116 16116
544 1053 735 1119 καθαίροντος.
782 1044 948 1102 Ambrosius
974 1044 1022 1102 111).
1049 1051 1071 1100 1.
1100 1043 1136 1099 16
1162 1042 1223 1098 Deo
1239 1042 1424 1112 reluctantem
1448 1043 1563 1115 quidam
1586 1060 1651 1099 vere
1671 1042 1711 1113 pii
1731 1048 1760 1100 et
1777 1043 1938 1113 credentes,
1966 1051 1999 1100 ut

266 1203 268 1207 Α
299 1152 413 1192 sscmm.
431 1150 455 1190 c.
474 1140 499 1190 5.
516 1140 581 1199 tom,
599 1140 623 1190 4.
641 1152 669 1205 p.
683 1138 747 1188 4³0:
763 1134 830 1187 Non
848 1131 1135 1201 661616666666661,
1163 1129 1268 1194 adulti,
1293 1128 1339 1184 vel
1362 1135 1437 1184 certe
1455 1128 1518 1185 Deo
1540 1147 1597 1185 non
1615 1128 1789 1199 resistentes,
1813 1136 1847 1186 ut
1869 1130 1998 1200 insenten

299 1223 351 1276 sed
368 1228 557 1291 6611666661,
576 1219 744 1289 queritabat
762 1218 886 1287 proteum
905 1216 1018 1272 Orruit.
1043 1217 1136 1272 Aliud
1162 1216 1226 1271 ideo
1259 1216 1317 1271 alia
1343 1215 1449 1271 ratione
1466 1216 1547 1271 adest
1564 1215 1725 1288 Spiritus-s.
1743 1215 1773 1269 in
1789 1216 1928 1286 baptismo
1946 1216 1998 1288 hy·

299 1315 339 1361 est
357 1307 528 1371 elementum,
546 1305 631 1359 aliud
646 1304 829 1373 6666666116,
847 1304 932 1358 aliud
947 1320 1031 1372 opus,
1052 1301 1136 1357 atiud
1162 1302 1330 1372 pocritsrum
1352 1307 1380 1358 et
1397 1317 1463 1356 rere
1482 1301 1664 1357 medentium.
1707 1301 1743 1357 ln
1759 1303 1930 1360 credentium
1950 1303 1998 1360 ha·

299 1393 436 1465 operatio.
479 1393 565 1461 Aqua
583 1408 653 1461 opus
671 1400 726 1457 661,
751 1391 878 1459 operatio
898 1389 1025 1459 Spiritus
1044 1389 1137 1443 sanati
1162 1388 1263 1460 ptismo
1283 1388 1424 1443 concurrit
1437 1386 1558 1459 Spiritus
1578 1395 1692 1444 sanctus
1709 1406 1765 1445 ncn
1783 1388 1872 1445 solum
1891 1391 1998 1448 ratione

299 1486 355 1546 est,·
373 1495 429 1532 non
445 1485 529 1531 66661
547 1494 630 1547 apua,
647 1477 705 1530 nisi
719 1475 844 1546 Spiritus
861 1475 1134 1530 sonctusdescende·
1163 1474 1299 1536 essentiae
1326 1480 1356 1531 61
1380 1475 1473 1546 quoad
1505 1476 1614 1546 3161166
1639 1475 1808 1532 oblationem
1832 1481 1862 1532 61
1880 1476 1998 1534 foederis

299 1566 338 1619 rit
366 1571 393 1619 61
419 1581 524 1634 apuam
550 1563 633 1617 illam
661 1562 874 1617 consecraverit.
916 1562 994 1617 idem
1019 1568 1084 1617 tom.
1109 1567 1134 1616 5.
1162 1578 1195 1617 ex
1214 1568 1294 1633 parte
1310 1560 1365 1616 Dei
1383 1560 1615 1633 obsignationem,
1644 1561 1795 1617 sedetiam
1814 1562 1922 1619 ratione
1940 1561 1998 1620 effi·

298 1651 328 1705 in
346 1668 371 1707 6
392 1654 418 1706 3.
431 1650 513 1707 Luc:
532 1650 619 1719 Apud
635 1667 737 1719 corpus
749 1649 881 1715 abluitur,
902 1648 1013 1718 Spiritu
1024 1647 1135 1701 animae
1162 1646 1256 1703 casiae
1278 1646 1408 1703 salutaris
1432 1647 1462 1701 in
1483 1647 1590 1703 actuali
1614 1648 1826 1719 regeneratione
1841 1654 1870 1705 et
1885 1666 2000 1714 renova,-

298 1737 408 1791 deiicta
433 1738 616 1791 mundantur.
658 1735 779 1791 Basilius
805 1734 834 1789 in
858 1734 961 1790 Psalm.
989 1739 1038 1790 22:
1067 1732 1135 1787 1166
1162 1733 1245 1801 none,
1262 1733 1386 1805 itemque
1404 1735 1513 1791 radone
1532 1735 1650 1791 66166116
1669 1740 1698 1790 61
1716 1735 1876 1805 reciprocae
1893 1734 1999 1812 obliga

299 1824 378 1878 161661
395 1823 557 1878 clementum
575 1839 667 1893 aquas
687 1822 827 1892 acceperit
845 1822 986 1891 Spiritum
1001 1827 1135 1888 sanatum,
1162 1820 1245 1874 tionis
1269 1819 1390 1876 foederis
1415 1820 1489 1876 inter
1505 1821 1597 1877 Deum
1614 1827 1644 1877 et
1660 1819 1834 1893 baptizatum
1851 1820 1921 1879 initi.
1964 1821 1999 1878 In

299 1912 331 1976 ss
354 1917 561 1966 recrementum
585 1910 692 1979 etjam
716 1926 772 1962 non
796 1909 851 1962 erit
874 1926 951 1980 aquo
969 1907 1135 1977 potationis,
1162 1906 1302 1977 baptismo
1327 1906 1536 1977 hypocritarum
1558 1908 1699 1963 concurrit
1724 1925 1781 1963 non
1798 1909 1887 1963 solum
1905 1907 1998 1979 quoad
2106 1978 2109 1984 Ι

299 1997 353 2051 ssd
369 1996 610 2062 santificationis.
645 1995 821 2067 Augustinus
839 1994 918 2065 epist.
937 1999 980 2051 23.
998 1994 1035 2049 ad
1053 1993 1135 2049 Boni·
1163 1993 1331 2049 oblationem
1357 1992 1556 2049 beneficiorum
1583 1993 1717 2064 (Spiritus
1744 2001 1858 2050 sanctus
1882 1994 1955 2050 enim
1971 1993 1999 2047 ri

299 2081 423 2139 facium:
457 2082 543 2153 Aqua
572 2082 702 2137 66111666
736 2083 897 2148 forinsecus
931 2089 1136 2136 saoeomemum
1162 2078 1255 2136 166166
1279 2078 1467 2149 promissionis
1490 2086 1615 2149 promtus
1634 2086 1677 2135 est
1693 2078 1730 2134 ad
1750 2080 1938 2150 operationem
1957 2096 1999 2135 sa·

300 2170 412 2239 prutina
437 2176 463 2223 et
489 2169 616 2239 Spiritus
641 2186 763 2239 operans
785 2169 953 2223 intrinsecus
976 2169 1136 2239 beneficium
1162 2165 1280 2222 luterem
1295 2165 1325 2220 in
1341 2165 1395 2220 illis
1407 2165 1597 2235 exercendam,
1611 2166 1635 2220 si
1653 2183 1708 2220 non
1725 2166 1865 2232 1661616111)
1884 2173 1913 2222 61
1930 2183 1997 2239 quo·

298 2255 413 2325 6661166
436 2263 583 2325 reaenerat
605 2256 742 2310 bominem
765 2256 795 2309 in
819 2272 875 2309 uno
895 2253 1005 2309 Christo
1029 2272 1061 2309 66
1080 2274 1136 2311 666
1163 2252 1200 2308 ad
1221 2252 1444 2323 obsignationem
1466 2252 1586 2309 foederis
1613 2269 1647 2307 ex
1673 2258 1753 2323 parte
1778 2251 1832 2306 Dei
1857 2253 1997 2324 (quamvis

299 2343 397 2396 Adam
421 2349 588 2410 praeratum.
624 2340 703 2397 Idem
726 2340 774 2396 lib.
797 2360 844 2414 qq.
869 2358 903 2397 ex
927 2341 961 2398 N.
986 2340 1019 2398 T.
1045 2357 1070 2397 c.
1088 2346 1134 2397 59:
1163 2338 1237 2393 enirn
1260 2337 1438 2410 hypocritae,
1467 2339 1602 2409 quamdiu
1625 2338 1654 2393 in
1677 2337 1886 2408 impoenitentia
1910 2345 1939 2393 et
1955 2338 1997 2392 in·

301 2428 383 2483 Sicut
401 2429 500 2483 sordes
520 2443 672 2497 corporeas
690 2444 783 2497 apua,
807 2428 848 2481 ita
870 2427 994 2498 Spiritus
1012 2426 1135 2481 animam
1162 2423 1325 2481 credulitate
1347 2431 1543 2498 perseverant,
1571 2424 1692 2480 fructum
1713 2424 1834 2480 foederis
1855 2441 1912 2479 non
1934 2440 1997 2496 per·

299 2515 392 2569 obluit
415 2532 434 2568 a
454 2513 587 2583 peccatis
629 2511 700 2568 Inde
728 2513 878 2569 dulcissimi
903 2529 999 2569 versus
1025 2512 1135 2569 Paulini
1162 2511 1275 2583 cipiunt,
1294 2510 1559 2568 tamenriioederis
1577 2512 1663 2567 semel
1676 2510 1755 2581 16611,
1772 2509 1847 2583 quod
1866 2527 1899 2565 ex
1916 2519 1997 2583 parts

299 2601 382 2673 epist.
404 2605 443 2656 12.
463 2599 499 2653 ad
519 2598 667 2654 Serenum:
1162 2597 1216 2654 Dei
1233 2614 1343 2669 semper
1360 2604 1403 2654 est
1421 2603 1514 2653 ratum
1532 2598 1809 2672 661μιιαμ11ηιον,
1836 2596 1915 2654 Deus
1933 2614 1997 2668 gra·

337 2688 458 2743 Sanctia
477 2687 507 2740 in
524 2688 596 2739 buna
613 2684 691 2739 coelo
708 2685 853 2739 descendit
867 2684 993 2755 Spiritus
1006 2703 1113 2740 6616661
1161 2685 1320 2741 tiamsuam
1331 2684 1474 2756 baptizato
1492 2691 1629 2756 promtam
1646 2692 1732 2757 atque
1747 2683 1857 2740 obviam
1875 2682 1996 2755 exponit,

371 2774 544 2844 Codeetique
564 2790 663 2826 666666
675 2772 761 2840 sonte
777 2772 894 2825 66661161
912 2789 1010 2841 aquas.
1162 2770 1199 2825 ed
1217 2787 1300 2842 quam
1318 2788 1369 2843 per
1385 2770 1583 2842 poenitentiam
1601 2770 1671 2843 ipsis
1694 2770 1844 2843 baptizatis
1861 2774 1996 2841 perpetuo

337 2862 468 2931 Concipit
484 2862 559 2915 unde
572 2861 664 2914 Deum
676 2866 856 2928 sanctamque
866 2859 1024 2928 liquoribus
1035 2859 1119 2914 almis
1161 2862 1240 2925 patet
1264 2857 1371 2927 aditus,
1396 2875 1447 2929 per
1471 2874 1556 2930 quarn
1582 2857 1739 2928 baptismus
1760 2856 1801 2912 eis
1819 2856 1919 2928 incipit
1936 2870 1996 2911 esse

371 2948 445 3001 Edit
463 2949 499 3000 ab
517 2954 630 3001 aeterno
648 2946 751 3000 semine
764 2946 936 3015 propeniem
1162 2942 1320 3013 6611116116),
1339 2944 1388 2999 sed
1407 2944 1491 2999 etiem
1510 2945 1603 3015 quoad
1615 2944 1762 3013 judicium,
1783 2944 1858 3014 quod
1876 2941 1995 3014 Spiritus

299 3034 428 3105 itemque
448 3032 496 3087 alii
513 3032 674 3088 recentioris
694 3032 839 3104 cujusdam
855 3038 955 3103 poetae
972 3030 1134 3086 Christianis
1162 3035 1275 3084 sanctus
1294 3047 1344 3100 per
1360 3030 1556 3101 baptismum
1548 3048 1578 3085 rn
1597 3030 1747 3085 incredulis
1763 3035 1880 3086 exercet

334 3121 477 3183 Flamma,
488 3119 591 3189 liquor,
608 3119 719 3173 uerbum
735 3124 833 3174 666661
844 3119 1061 3184 116166666616
1072 3134 1135 3185 uno,
1197 3121 1239 3174 85.
1275 3115 1403 3188 Denique
1422 3132 1487 3170 cnm
1504 3114 1594 3171 Filius
1610 3115 1696 3171 Dei'
1688 3134 1717 3170 1n
1734 3115 1907 3187 plenitudine
1926 3120 1996 3171 tem·
2008 3119 2065 3161 ⁸⁶¹¹·

370 3208 443 3261 Inda
462 3224 545 3261 sacro
562 3207 652 3260 virtus
670 3214 751 3261 tanta
767 3206 963 3263 6656611611ιί.
1162 3202 1236 3275 poris
1260 3220 1354 3258 veram
1382 3203 1532 3258 humanam
1555 3208 1683 3258 naturam
1701 3202 1862 3258 assumserit
1886 3174 2099 3274 sibiquecrifiiii¹
2110 3235 2124 3265 a

300 3291 1134 3364 Ηιιγιιιοιιι61166611616616666166666616666666166
1162 3290 1343 3359 personaliter
1354 3296 1383 3346 61
1395 3288 1617 3360 inseparabiliter
1632 3288 1759 3366 univerit,
1783 3274 2121 3365 1611666661166,,01111111111

301 3379 1041 3449 616161166661161616666666166616661661616166
1067 3379 1136 3433 Visi-
1162 3376 1303 3433 Christum
1328 3395 1384 3434 non
1413 3376 1504 3432 solum
1534 3377 1688 3434 secundum
1712 3376 1834 3432 divinem
1858 3381 2050 3445 niumm
2008 3337 2122 3418 ¹¹,‘,',⁰„⁸¹'⁸

303 3468 387 3536 bilia,
417 3473 447 3519 61
475 3468 622 3535 sacerdos,
649 3484 752 3537 corpus
778 3467 976 3536 baptizandum
1001 3475 1027 3519 61
1044 3483 1135 3535 apim
1162 3463 1212 3519 sad
1236 3464 1320 3519 etiam
1345 3465 1498 3521 secundnm
1525 3464 1703 3520 humanam
1695 3482 1725 3519 1n
1745 3463 1885 3535 baptismo
1912 3429 2053 3534 prae-‘¹⁶u
2054 3430 2115 3472 Μ

302 3554 361 3609 tria
389 3553 561 3606 inuisibilia.-
587 3555 657 3619 fides
683 3561 709 3607 61
733 3553 841 3618 anima,
869 3570 941 3623 quae
967 3552 1091 3607 abluimr
1117 3570 1136 3606 6
1163 3556 1269 3607 sentem
1294 3569 1367 3621 esse,
1392 3569 1426 3607 sc
1455 3552 1573 3624 proinde
1592 3551 1754 3623 sanguinem
1773 3549 1876 3606 Christi
1893 3563 1997 3620 neque·

252 3641 426 3712 reprecans
443 3648 469 3693 61
488 3639 622 3709 Spiritus,
640 3658 694 3710 quo
712 3647 878 3710 cooperante
895 3639 1022 3694 66616616
1037 3656 1136 3709 pecca·
1164 3653 1247 3708 quam
1261 3637 1427 3711 ahsptismo
1439 3637 1648 3695 excludendum.
1667 3637 1758 3693 Adest
1770 3637 1844 3693 enim
1858 3636 1997 3698 tratione

303 3736 396 3781 torum
415 3728 509 3780 datur.
545 3725 647 3784 Johan.
665 3727 752 3782 Ferus
772 3727 801 3791 in
821 3745 845 3784 c.
865 3732 888 3783 3.
907 3726 986 3783 ioh:
1007 3726 1088 3780 Sicut
1106 3727 1136 3780 in
1163 3725 1353 3793 substantiae,
1376 3726 1443 3799 quia
1459 3725 1548 3781 Filius
1573 3723 1627 3780 Dei
1647 3739 1758 3782 66111616
1783 3731 1812 3779 61
1834 3723 1998 3795 sanguinem

303 3813 930 3883 96666116666666611661666166166616
950 3814 1138 3882 inspirituali
1163 3810 1192 3865 in
1223 3812 1359 3869 unitatem
1389 3829 1523 3884 personae
1551 3829 1617 3867 suae
1641 3811 1773 3866 assumsit
1795 3813 1911 3882 jamque
1933 3814 1998 3881 post

303 3902 385 3954 Deus
402 3907 494 3968 pater,
514 3898 632 3953 ecclesia
651 3906 743 3952 autem
757 3907 863 3969 mater,·
881 3905 907 3951 61
927 3900 1006 3952 Deus
1025 3901 1136 3968 quidem
1162 3897 1266 3954 1661616
1286 3901 1415 3957 unionem
1435 3901 1480 3969 in,
1504 3916 1568 3955 oum
1588 3906 1616 3956 61
1632 3917 1683 3971 per
1702 3905 1829 3954 naturam
1847 3898 1997 3954 humanam

304 3985 444 4054 Spiritum
475 3987 540 4052 dat,
569 3984 689 4039 66616616
716 4002 782 4040 uero
808 4003 920 4056 aquam.
964 3984 1002 4038 Et
1025 3991 1135 4055 postea:
1163 3988 1256 4041 omnia
1273 4004 1359 4059 opera
1378 3986 1538 4043 mediatoris
1556 3986 1673 4057 perlicit,
1693 3987 1756 4042 ideo
1774 3992 1849 4042 totus
1869 3983 1996 4041 Christus

305 4073 545 4137 Quemadmodum
568 4089 645 4142 aqua
671 4072 778 4127 uiribus
801 4074 876 4142 ipns's
903 4072 1038 4126 intensius
1062 4074 1135 4127 cole·
1164 4071 1348 4147 θειῖνθρωιιος
1383 4073 1449 4128 huic
1485 4077 1657 4129 sacramento
1700 4074 1797 4127 adesse
1845 4071 1996 4140 dicendus,

300 4160 385 4225 facia
410 4176 466 4211 666
493 4158 577 4212 aliter
607 4176 689 4227 quam
715 4160 790 4229 ipnis
815 4160 890 4228 urit,·
921 4159 962 4213 sic
987 4159 1032 4213 1116
1059 4177 1135 4229 aqua
1164 4166 1189 4217 2.
1214 4162 1326 4215 ratione
1351 4161 1461 4225 meriti,
1490 4160 1557 4233 quia
1580 4160 1687 4215 fructus
1711 4158 1843 4230 baptismi
1869 4158 1999 4230 provenit

302 4245 429 4316 Spiritus
455 4245 548 4297 sancti
576 4246 752 4316 operatione,
781 4264 864 4316 orsum
889 4247 944 4299 sibi
970 4247 1135 4316 adjunctam
1163 4263 1196 4301 ex
1218 4248 1354 4320 sauguine
1373 4245 1476 4302 Christi
1499 4247 1529 4301 in
1550 4263 1599 4301 ara
1620 4246 1711 4301 crucis
1734 4262 1785 4316 pro
1807 4245 1931 4317 peccatis
1949 4262 1997 4301 no·

299 4332 396 4395 116161,
419 4331 448 4383 16
473 4331 597 4384 diuinam
614 4331 788 4396 reformatur
805 4334 948 4401 uirtutem,
976 4334 1135 4403 66616611-
1163 4333 1227 4388 stris
1242 4333 1343 4404 effus03
1364 4334 1456 4389 omnia
1469 4339 1642 4389 sacramenta
1658 4332 1812 4388 611166ιί6111
1828 4336 1857 4388 61
1873 4332 1996 4390 fructum

299 4420 360 4473 sati
381 4434 483 4486 sorpta
510 4418 650 4487 abdsrpit.
696 4417 908 4491 chrysostomus
934 4418 1007 4474 hom.
1036 4424 1077 4475 35.
1106 4419 1134 4474 16
1163 4419 1267 4475 hahent
1283 4436 1317 4475 ex
1333 4420 1460 4490 passione
1472 4418 1582 4476 Christi
1609 4418 1893 4488 torrerentur
1906 4420 1995 4476 latere

299 4523 324 4560 c
345 4512 370 4561 5.
388 4504 469 4560 Joh.:
490 4503 728 4567 Quemadmodum
747 4507 832 4576 liujus
850 4522 940 4576 66666
960 4515 1066 4560 natura
1080 4524 1134 4576 per
1163 4505 1270 4561 01161611
1295 4508 1490 4577 profluuerunt
1516 4505 1632 4576 sanquis
1659 4514 1686 4560 61
1710 4523 1802 4575 6666,·
1832 4509 1860 4563 3.
1884 4508 1996 4561 ratione

299 4608 329 4645 se
349 4609 405 4644 non
421 4590 549 4659 sanabat,
568 4592 707 4660 siquidem
723 4610 832 4663 semper
848 4602 984 4662 sanasset,
1001 4595 1053 4646 sed
1066 4595 1134 4647 dun·
1162 4593 1324 4659 efficaciae,
1353 4592 1420 4687 quia
1435 4592 1465 4647 in
1484 4591 1622 4664 baptismo
1639 4609 1691 4664 per
1707 4591 1810 4650 Christi
1829 4594 1996 4666 sangninem

299 4684 459 4731 16661666
477 4677 1134 4750 6166661666616166,1166166οό6666
1161 4696 1179 4735 6
1205 4679 1328 4751 peccatis
1355 4656 1528 4735 mundamur.
1571 4678 1733 4747 116161,
1756 4697 1782 4736 v.
1811 4685 1839 4736 8:
1869 4682 1994 4751 8666616

299 4763 419 4831 simplos
441 4780 517 4832 aqua
542 4769 687 4832 operatur,
711 4767 764 4818 sad
787 4784 848 4819 cum
867 4766 992 4836 Spiritus
1010 4767 1134 4834 pralium
1161 4770 1229 4821 lesu
1248 4766 1355 4821 Christi
1371 4766 1444 4820 Filii
1464 4766 1523 4819 Dei
1547 4768 1680 4819 emundat
1704 4782 1755 4820 nos
1784 4769 1821 4820 ab
1838 4768 1916 4844 ompi
1927 4784 1994 4836 pec-

300 4850 421 4919 coripit‚
461 4851 555 4904 omnia
588 4857 706 4918 peecata
741 4851 838 4907 abluit.
885 4850 1134 4923 ”chrysostomus
1161 4861 1241 4923 outo,·
1257 4859 1281 4908 4.
1291 4870 1359 4922 ausa
1376 4854 1407 4907 in
1424 4859 1541 4906 mortem
1553 4851 1855 4923 C'irirtibaptisamnr,
1872 4853 1950 4908 Rom.
1967 4859 1992 4919 6,

299 4935 373 4990 hom.
397 4941 418 4991 l.
436 4936 465 4989 in
486 4935 549 4993 Act.
569 4935 642 5006 apol.
665 4953 691 5005 p.
712 4941 777 4992 tib:
798 4936 859 4991 Sed
875 4942 1013 5009 qumnodo
1030 4940 1134 4992 dicitur
1161 4957 1191 4996 r.·
1207 4946 1231 4996 3.
1246 4940 1390 5009 jamvero
1411 4954 1485 4992 mors
1505 4936 1608 4992 Christi
1625 4937 1818 5009 complectitur
1833 4940 1917 4994 etiam
1930 4956 1992 4996 san·

300 5023 524 5092 baptizabimini,
549 5040 610 5076 eum
635 5038 712 5091 apua
735 5040 791 5076 non
816 5033 887 5079 esset
907 5026 936 5079 in
962 5026 1134 5081 6666666161
1161 5026 1254 5098 guinis
1278 5023 1451 5082 effusionem.
1491 5023 1538 5078 Ad
1567 5024 1636 5081 haec
1666 5026 1804 5095 membra,
1830 5026 2103 5096 praesummant

300 5111 369 5180 quia
389 5110 418 5163 in
438 5111 574 5180 baptismo
593 5107 751 5180 praecipua
769 5127 844 5179 pars
863 5120 904 5167 est
926 5112 1063 5184 Spiritus,
1078 5130 1134 5182 per
1160 5129 1225 5167 vero
1238 5112 1273 5166 sd
1285 5112 1406 5180 tertium,
1425 5110 1540 5181 respicit
1553 5110 1747 5182 11161166,
1765 5113 1876 5183 quando
1889 5120 1955 5169 tom.
1966 5120 1991 5171 6.

302 5204 424 5267 666661
444 5196 699 5266 aquafitesrieaa.
735 5194 771 5249 D.
783 5195 844 5254 166.
855 5197 985 5255 Andreae
999 5200 1134 5255 referente
1160 5200 1224 5257 len.
1250 5198 1342 5253 Germ.
1366 5215 1391 5269 p.
1417 5203 1475 5253 316.
1500 5197 1609 5255 1161111111
1639 5200 1792 5268 Baptisori
1812 5199 1886 5253 nibil
1908 5201 1994 5255 aliud

279 5282 377 5337 ·Beza
397 5299 424 5352 p.
444 5287 470 5339 2.
492 5298 563 5352 resp.
586 5300 613 5354 p.
638 5286 678 5338 51.
704 5280 786 5337 dixit:
816 5283 940 5355 Spiritus
959 5304 980 5341 s.
1001 5294 1134 5355 tanquam
1161 5294 1200 5341 ast
1224 5304 1308 5355 66666
1332 5301 1413 5339 roseo
1436 5284 1488 5338 iiio
1518 5290 1545 5337 et
1571 5286 1699 5353 pretioso
1727 5284 1832 5339 Christi
1855 5287 1992 5356 66666166

297 5368 472 5438 principalis
501 5376 527 5421 et
557 5368 751 5423 substantialis
776 5387 850 5441 pars
877 5372 1010 5442 baptismi
1035 5371 1079 5438 (si,
1095 5371 1136 5426 ita
1161 5372 1256 5426 lauari
1272 5389 1306 5425 66
1323 5370 1464 5423 mundari.
1501 5368 1589 5429 ibid:
1608 5371 1772 5442 Baptismus
1790 5373 1869 5427 nobis
1886 5375 1992 5434 intuea-

300 5453 378 5525 loqui
395 5454 472 5517 lieet)
491 5454 521 5507 in
538 5455 621 5510 uerba
639 5456 850 5524 comprehensus
863 5465 887 5513 61
898 5459 1114 5514 iactamur*
1160 5462 1215 5513 sius
1236 5466 1275 5512 661
1291 5464 1323 5510 61
1339 5473 1433 5511 merus
1452 5458 1568 5527 sanquis
1582 5457 1688 5512 Christi
1696 5458 1770 5511 Filii
1782 5459 1842 5513 Dei
1855 5468 1882 5514 et
1900 5477 1993 5517 merus

252 5557 271 5585 r·
337 5546 377 5597 84.
414 5541 447 5594 16
469 5541 543 5596 omni
561 5558 627 5612 ergo
647 5540 786 5612 baptismo
801 5542 883 5614 juxta
902 5543 1006 5600 Christi
1024 5543 1133 5599 16611111-
1160 5544 1234 5613 ionis
1254 5542 1379 5613 Spiritus
1401 5544 1506 5610 666611,
1529 5545 1558 5598 16
1582 5562 1635 5615 quo
1659 5544 1755 5598 Filius
1772 5546 1833 5599 Dei
1856 5548 1992 5616 sanpuins

252 5627 403 5688 „tionem
432 5625 623 5682 administrato
649 5628 729 5682 adest
761 5626 879 5699 Spiritus
912 5647 933 5683 s.
975 5638 997 5689 1.
1027 5631 1134 5686 ratione
1159 5648 1211 5685 suo
1230 5622 1854 5702 666666616166161861611666666661666
1871 5651 1921 5688 ruo
1940 5653 1992 5692 nos

252 5705 438 5769 essentiae
459 5717 491 5765 ut
507 5720 535 5768 et
550 5713 675 5785 reliquae
693 5713 836 5770 Thinitatis
856 5731 1002 5786 personse;
1023 5722 1046 5771 2.
1067 5733 1134 5798 quo·
1160 5715 1251 5770 651611
1273 5723 1298 5770 61
1321 5716 1411 5772 Pater
1437 5735 1488 5773 suo
1514 5718 1586 5771 lucis
1607 5716 1758 5786 splendore
1784 5736 1835 5773 nos
1861 5721 1991 5785 61611661,

252 5820 263 5844 ι·
299 5799 336 5855 ad
377 5797 543 5854 oblationem
585 5799 712 5856 salutaris
748 5797 889 5858 efficaciae
923 5807 952 5858 et
984 5785 1627 5878 1166611616-166.49.(166.ρ.128111166
1644 5804 1718 5861 maie
1735 5805 1855 5878 aeta,
1873 5825 1926 5875 661
1944 5809 1991 5872 bo·
