4800 6659
751 605 802 682 us
820 623 1121 685 eraeuucrsrenn
1140 623 1191 681 nr
1209 626 1317 688 sone
1333 627 1533 688 emensis.
1643 705 1645 714 Ι
1928 640 1988 700 sss

294 786 344 848 tat,
369 782 448 847 osred
466 780 573 849 topatio
588 782 684 835 statim
700 789 764 854 post
778 782 939 852 passionem
960 782 1069 837 Cbrs'sti
1085 781 1126 834 in·
1153 783 1339 849 wsficimtem
1368 786 1624 857 promnlpationem
1656 785 1790 855 baptismi
1815 786 1856 840 eis
1880 788 1992 853 factam

293 873 422 935 cqrerunt
448 883 508 921 esse
525 885 580 920 non
596 868 687 921 solum
704 875 824 937 mortuo,
844 869 878 921 id
896 876 936 921 eet
952 887 1008 921 non
1026 867 1127 921 baben·
1156 867 1256 926 Galat.
1278 876 1304 926 b.
1322 879 1347 924 et
1368 878 1461 926 tantm
1479 872 1532 926 illo
1549 879 1671 941 tempore
1688 871 1821 940 nonfuit
1837 874 1989 936 mortifera

293 949 333 1002 tio
349 951 479 1005 virtutem
496 960 523 1005 et
550 954 760 1023 obligatiorem,
784 956 837 1008 sed
864 954 948 1007 etiam
967 954 1127 1022 mortifero,
1152 956 1285 1011 Jndocs's.
1321 961 1346 1011 5.
1368 957 1428 1020 Quo
1444 958 1575 1028 praecise
1589 965 1714 1027 ternpore
1733 958 1907 1012 circunrcisio
1928 978 1991 1013 mem

292 1036 330 1088 ita
351 1038 431 1108 qnod
442 1039 602 1107 peccabant
620 1040 795 1109 mortaliter,
819 1041 871 1111 qui
887 1057 922 1093 ea
940 1040 1125 1093 observarent.
1152 1041 1291 1109 tepolibus
1315 1042 1437 1112 coeperit
1463 1042 1587 1096 Judaeiss
1611 1060 1670 1096 esse
1687 1043 1853 1109 mortifero,
1873 1062 1929 1098 non
1948 1052 1991 1099 est

291 1122 370 1176 Dicit
388 1140 470 1194 erpo,
489 1125 633 1195 apostolos
649 1144 705 1179 non
725 1127 884 1180 observasse
905 1126 1012 1193 lepolia
1029 1142 1124 1179 sccun-
1153 1127 1266 1180 euidens
1289 1136 1383 1182 notum
1405 1146 1438 1181 ea
1463 1128 1622 1199 Scriptura.
1663 1128 1741 1183 Haec
1761 1127 1831 1186 Biel.
1868 1129 1988 1194 Quidam

291 1210 357 1262 dum
381 1210 539 1279 ueritatem,
562 1212 615 1263 sed
626 1212 681 1280 pia
701 1214 825 1282 padam
844 1212 1030 1266 simulatione.
1067 1211 1125 1264 Au·
1153 1228 1186 1267 ex
1204 1212 1404 1269 recentioribus
1420 1220 1554 1282 statuunt,
1574 1213 1670 1285 primis
1682 1218 1745 1284 post
1756 1212 1858 1270 Christi
1870 1216 1986 1270 adscen-

290 1294 419 1363 pectinem
444 1297 649 1351 conveniensem
675 1297 804 1351 aecimis
824 1297 882 1351 tria
902 1304 1044 1367 tempora,
1063 1296 1125 1368 pri·
1153 1299 1258 1354 sionem
1290 1300 1425 1355 ecclesiae
1455 1301 1624 1371 apostolicae
1653 1302 1824 1373 temporibus
1848 1302 1988 1357 circumci-

291 1398 363 1432 mom
390 1388 456 1435 ante
477 1384 651 1452 paccionem,
676 1384 707 1437 in
730 1402 785 1455 quo
812 1384 918 1454 tepolis
942 1400 993 1437 nec
1015 1392 1125 1437 mortem
1152 1385 1258 1440 sionem
1291 1384 1378 1441 fuisse
1406 1385 1537 1455 liberam,
1567 1388 1617 1443 sed
1645 1387 1674 1442 iu
1701 1388 1808 1460 syuodo
1836 1388 1989 1459 apostoliea

291 1482 340 1520 nec
362 1467 530 1536 mortifera,
558 1468 641 1523 abiud
657 1478 724 1540 port
748 1476 855 1541 tempus
879 1470 1022 1540 dissipati
1046 1488 1126 1522 coan-
1152 1470 1239 1525 fuisse
1256 1470 1367 1542 penitus
1386 1472 1560 1544 abrogatam,
1581 1472 1620 1527 ita
1637 1478 1669 1527 ut
1687 1491 1743 1528 nou
1762 1474 1872 1528 licuerit
1888 1479 1988 1545 postea

290 1552 373 1619 polii,
402 1554 433 1607 in
457 1572 512 1623 ouo
541 1554 648 1624 topatio
677 1563 740 1609 sunt
768 1563 880 1610 mortno
908 1563 935 1609 et
960 1556 1126 1620 mortifera,-
1153 1572 1214 1610 eam
1232 1557 1380 1628 suscipere.
1416 1559 1471 1613 Sed
1489 1575 1553 1613 cum
1570 1559 1694 1629 synodus
1711 1559 1866 1629 apostolica
1882 1559 1989 1615 incidat

289 1639 402 1693 tertium
426 1647 466 1693 ert
490 1640 611 1694 medinm
638 1641 745 1696 scilicet
769 1646 796 1695 a'
803 1642 938 1712 passione
958 1639 1065 1695 Oisristi
1080 1661 1125 1694 ns-
1152 1641 1180 1694 iu
1200 1658 1304 1696 annum
1323 1661 1341 1698 a
1358 1643 1504 1699 sauvitate
1525 1643 1628 1698 Christi
1649 1650 1689 1700 49.
1710 1650 1738 1697 et
1757 1663 1823 1700 vero
1841 1645 1934 1701 Actor.
1948 1652 1987 1714 16,

289 1740 341 1793 one
373 1727 415 1779 acl
444 1726 664 1796 dissipationem
693 1729 842 1798 evangelii,
869 1728 899 1781 in
933 1745 987 1798 pso
1018 1728 1124 1795 tepolis
1151 1744 1177 1778 v.
1194 1731 1218 1781 3.
1237 1726 1386 1792 referatur,
1412 1728 1487 1800 quod
1511 1727 1618 1783 Paulus
1641 1728 1817 1785 Timotheum
1842 1737 1907 1801 post
1922 1749 1987 1802 syn·

284 1814 402 1875 simunt
419 1819 544 1883 monuo,
571 1815 697 1868 sednon
715 1815 872 1878 mortifera.
906 1812 985 1868 Idem
1002 1811 1125 1867 'Ihemss
1151 1812 1197 1865 odi
1236 1813 1310 1868 illius
1339 1813 1481 1870 decretum
1517 1815 1740 1883 circumciderit,
1763 1833 1896 1888 eumque
1925 1823 1989 1888 posi

290 1902 312 1952 t.
332 1902 403 1951 sent.
421 1896 485 1952 dist.
507 1902 530 1952 l.
550 1916 575 1969 q.
600 1904 639 1955 10.
659 1906 710 1955 art.
725 1905 750 1956 ³.
779 1898 943 1968 Richardus,
961 1899 1122 1967 Durandus,
1151 1897 1224 1952 idem
1259 1899 1399 1955 decretum
1435 1900 1555 1972 priorem
1591 1901 1626 1956 ad
1655 1900 1814 1957 Corinthios
1842 1902 1988 1972 epistelam

289 1981 451 2037 Paludanus
472 1982 575 2039 ibidem
599 1983 775 2055 distinguunt
793 1984 848 2038 tria
865 1990 991 2056 tempera
1008 1984 1121 2038 circum·
1150 2001 1224 2038 anno
1234 1990 1276 2041 55.
1290 1992 1354 2055 pest
1365 1985 1468 2041 Christi
1482 1986 1662 2053 nativitatem,
1682 1993 1714 2041 ut
1725 1987 1852 2059 plerique
1864 1993 1986 2053 censent,

290 2067 398 2122 chionis
426 2071 501 2140 (pest
523 2068 627 2124 Christi
656 2069 885 2141 incarnationem)
923 2087 1008 2123 unum
1037 2087 1124 2139 osone
1150 2069 1299 2140 scripserit,
1319 2071 1347 2124 in
1364 2089 1420 2142 qua
1434 2072 1535 2127 diserte
1548 2072 1629 2127 dicit:
1649 2072 1832 2127 Circumcisio
1849 2073 1922 2127 nibil
1936 2081 1986 2137 est,

291 2154 511 2223 adpersionem
528 2156 659 2220 Domini,
679 2156 800 2210 alterum
819 2175 838 2209 a
851 2156 988 2225 passione
1010 2156 1126 2208 Domini
1147 2157 1330 2227 praepucium
1351 2158 1424 2210 nibil
1441 2165 1490 2221 est,
1508 2157 1571 2212 ideo
1590 2175 1646 2212 nen
1667 2163 1760 2228 potest
1777 2160 1862 2213 asseri
1881 2159 1985 2231 simpli-

290 2257 374 2310 usone
393 2241 436 2293 ad
449 2241 670 2309 publicationem
690 2242 843 2311 cenopolim
866 2242 977 2295 tertium
994 2259 1013 2293 a
1029 2238 1123 2309 publi·
1150 2242 1227 2310 citer,
1246 2242 1320 2313 quod
1329 2242 1441 2313 penitus
1459 2243 1489 2298 in
1507 2243 1615 2313 synodo
1633 2241 1787 2314 apostolica
1805 2243 1890 2299 fuerit
1907 2245 1987 2300 abro-

290 2325 400 2379 cotione
425 2326 566 2394 eoonpelii
582 2344 668 2395 mone
688 2329 730 2380 ad
742 2329 831 2392 finem.
868 2328 900 2381 ln
920 2327 1009 2397 primo
1027 2326 1125 2381 dicunt
1150 2334 1234 2400 gata,
1256 2328 1296 2382 ita
1315 2335 1346 2383 ut
1365 2328 1481 2384 eandem
1499 2330 1638 2400 suscipere
1656 2328 1768 2386 minime
1785 2330 1901 2384 licuerit.
1937 2328 1986 2384 Di·

288 2412 524 2467 circumcisionem
554 2412 640 2467 fuisse
671 2412 868 2481 necessariam,
904 2412 969 2484 quia
991 2411 1124 2467 'noudum
1151 2414 1239 2468 cimus
1257 2431 1332 2486 ergo,
1349 2434 1399 2487 per
1416 2416 1573 2486 passionem
1591 2421 1620 2470 et
1638 2422 1754 2470 mertem
1766 2414 1876 2483 Christi,
1897 2419 1928 2469 ut
1946 2433 1985 2470 re

285 2496 339 2554 fuit
363 2498 410 2552 lex
436 2497 485 2552 illa
509 2505 613 2552 remota
631 2515 683 2553 uec
703 2498 758 2553 alia
778 2498 914 2569 imposita.
951 2497 985 2552 In
1002 2496 1123 2552 secundo
1150 2500 1234 2571 liquis
1252 2501 1414 2556 ceremoniis
1431 2500 1575 2568 Moesicis,
1594 2501 1634 2555 ita
1653 2517 1763 2571 quoque
1784 2500 1986 2555 circumcisioni

285 2583 386 2640 dieunt
409 2582 495 2639 fuisse
520 2583 638 2652 licitam,
662 2584 712 2638 sed
729 2601 789 2651 uecx
801 2583 911 2653 utilem,
929 2601 981 2639 nec
1000 2599 1123 2639 necessa-
1149 2583 1234 2640 fiuem
1252 2585 1412 2657 impositum
1429 2586 1527 2656 fuisse,
1552 2586 1663 2642 interim
1680 2592 1787 2653 nmen,
1805 2593 1837 2640 ut
1855 2603 1918 2640 cum
1938 2586 1986 2641 ho-

280 2670 369 2737 riam,
397 2669 464 2741 quia
487 2667 515 2723 in
534 2668 638 2725 Christi
663 2675 750 2725 morte
769 2668 873 2741 legalia
889 2670 981 2724 omnia
996 2687 1120 2724 consum·
1150 2688 1217 2726 nore
1239 2673 1359 2728 Judaiea
1385 2689 1531 2745 synagoga
1557 2672 1734 2743 sepeliretur,
1764 2672 1925 2742 cumprimis
1954 2679 1987 2728 ut

279 2763 362 2811 mata
379 2761 453 2812 sunt.
490 2756 523 2809 In
543 2755 623 2811 tertio
643 2756 739 2811 dicunt
755 2755 840 2811 fuisse
857 2756 1039 2823 mortiferam,
1060 2773 1121 2827 pro·
1149 2756 1312 2812 scandalum
1330 2757 1510 2814 infirmiorum
1527 2775 1560 2813 ex
1577 2758 1694 2814 Judaeis
1710 2759 1746 2813 ad
1764 2758 1905 2814 Christum
1921 2775 1986 2813 con·
2020 2763 2025 2770 '

271 2847 348 2911 pter
360 2840 478 2896 effatum
490 2841 608 2912 apostoli
622 2841 687 2899 Gal.
698 2848 722 2908 5,
733 2860 759 2899 v.
770 2849 794 2899 2.
813 2841 869 2898 Sed
882 2841 979 2897 Scotus
991 2840 1060 2897 baec
1073 2842 1122 2895 im·
1149 2859 1289 2896 versorum
1313 2848 1547 2914 praeverteretur,
1576 2845 1639 2899 ideo
1665 2837 1783 2916 apostoli
1800 2843 1917 2899 liberam
1937 2843 1985 2898 ali·

269 2933 409 3001 pugnat,
431 2927 578 3000 distinguit
600 2928 673 2983 enim
692 2937 816 2999 qnatw
833 2937 961 2999 tempora
980 2928 1123 2981 circumci-
1149 2927 1281 2998 quamdiu
1301 2928 1539 2983 circumcisionem
1557 2929 1750 3000 permiserunt,
1766 2929 1882 3000 perinde
1901 2938 1934 2983 ut
1947 2927 1984 2983 eb

267 3015 389 3077 sionim·
412 3012 441 3068 in
466 3012 555 3083 primo
572 3014 640 3069 dicit
656 3013 742 3070 fuisse
759 3015 942 3069 necessariam
961 3020 989 3070 et
1006 3012 1121 3083 utilem;
1148 3013 1266 3068 eandem
1283 3030 1395 3068 causam
1412 3031 1430 3068 a
1447 3015 1583 3086 sanguine
1601 3021 1629 3069 et
1641 3014 1777 3069 suffocate
1788 3014 1984 3069 abstinendum

266 3097 311 3154 in
332 3098 458 3155 amando
477 3098 572 3155 utilem
593 3105 621 3154 et
638 3118 694 3155 nou
713 3101 910 3170 necessariam
927 3100 957 3154 in
974 3100 1055 3155 tertie
1070 3116 1122 3153 nec
1149 3106 1317 3154 censuerunt
1337 3099 1431 3153 Actor.
1451 3105 1491 3169 15,
1507 3116 1533 3155 v.
1552 3105 1592 3155 29.
1612 3099 1661 3154 ubi
1680 3100 1805 3170 apprime
1824 3101 1985 3171 notandum,

266 3185 400 3255 utilem,
423 3201 475 3240 nee
498 3186 696 3255 necessariam,
719 3191 812 3242 tamen
831 3185 952 3255 licitam,
975 3184 1004 3239 in
1023 3190 1123 3257 quarte
1149 3184 1383 3240 circumcisionem
1405 3190 1472 3239 tunc
1498 3184 1629 3254 temporis
1654 3201 1710 3238 nen
1727 3183 1814 3239 fuisse
1830 3200 1985 3240 sacramen·

264 3288 335 3327 nec
355 3271 552 3342 necmsariam,
570 3289 621 3327 uec
643 3273 747 3337 utilem,
767 3290 818 3328 nec
837 3270 950 3341 licitam,
968 3271 1017 3326 sed
1030 3271 1122 3324 merti-
1148 3274 1208 3324 tum
1226 3269 1340 3342 aliquod
1358 3270 1469 3340 proprie
1486 3269 1605 3339 dictum,
1631 3270 1680 3323 sed
1697 3270 1880 3324 ceremoniam
1898 3288 1984 3342 quan-

266 3358 385 3413 feram.
420 3356 484 3413 Biel
501 3357 586 3430 igitur
603 3364 715 3413 secutus
734 3357 848 3414 Scotum
866 3364 890 3413 4.
911 3363 980 3413 seut.
1000 3355 1122 3410 distinct.
1148 3355 1213 3410 dam
1233 3355 1351 3411 mediam
1370 3360 1398 3411 et
1416 3355 1633 3419 indifferentem,
1663 3373 1717 3410 uon
1736 3355 1773 3410 ad
1790 3354 1874 3411 fidem
1892 3354 1984 3430 obsig-

218 3473 225 3483 ·
280 3450 308 3498 1.
329 3449 439 3514 quaest
453 3450 477 3499 t.
495 3450 546 3498 art.
563 3450 587 3499 ³.
606 3443 708 3499 format
724 3444 775 3499 has
786 3443 1002 3516 prepositiones:
1023 3446 1045 3498 1.
1061 3441 1122 3496 Cir·
1148 3441 1282 3507 uandam,
1311 3441 1359 3496 sed
1392 3442 1430 3495 ad
1452 3441 1600 3497 fovendam
1621 3459 1685 3497 cum
1711 3442 1849 3498 conversis
1869 3442 1986 3498 Judaeis
2090 3499 2094 3510 ,

271 3530 420 3583 cumcino
444 3532 563 3584 cessavit
581 3531 747 3601 simpliciter
767 3539 899 3601 quantum
918 3531 960 3583 ad
973 3528 1123 3581 necessita·
1143 3528 1293 3582 'caritatem
1312 3534 1481 3599 usurpatam.
1517 3527 1598 3592 Quod
1617 3527 1710 3584 Galat.
1727 3535 1757 3596 5,
1776 3545 1802 3584 v.
1823 3534 1847 3585 2.
1866 3528 1984 3583 dicitur:

271 3625 341 3670 tem
369 3616 489 3683 salutm,
526 3619 639 3685 quando
666 3618 819 3688 baptismus
844 3615 1040 3671 concedebatur·
1066 3622 1123 3666 tom
1151 3614 1186 3667 Si
1208 3613 1466 3680 circumcidamini,
1496 3612 1624 3668 Christus
1649 3614 1722 3667 nibil
1745 3614 1822 3667 nobis
1845 3614 1985 3684 produit,

273 3701 415 3771 gentibus
434 3719 518 3771 wem
528 3702 668 3771 Judaeu5
687 3702 820 3758 rationem
838 3701 918 3756 addit
936 3699 1034 3755 talem:
1056 3700 1124 3766 qnia
1150 3699 1178 3753 id
1207 3718 1261 3755 nen
1287 3698 1498 3770 intelligendum
1525 3704 1568 3752 est
1593 3698 1631 3754 de
1651 3698 1860 3755 circumcisione
1880 3699 1984 3769 simpli-

277 3788 436 3841 consilium
463 3789 498 3841 sie
523 3790 696 3859 perfectiore
723 3789 847 3842 rcmcdio
873 3794 972 3840 contro
998 3786 1123 3838 morbum
1150 3786 1219 3841 citer
1236 3785 1264 3838 in
1285 3784 1380 3855 primis
1400 3783 1535 3838 eeclesiae
1555 3784 1723 3855 apostolieae
1742 3785 1911 3856 temporibus
1923 3803 1984 3856 pro-

269 3873 398 3941 peccati
428 3874 568 3927 relocavit
596 3882 778 3943 praeceptum
805 3875 841 3927 de
862 3871 962 3941 priore
990 3871 1121 3924 remedio.
1149 3877 1212 3941 pter
1229 3870 1391 3924 scandalum
1409 3869 1587 3925 infirmiorum
1605 3876 1738 3942 usurpata
1756 3870 1838 3938 (alias
1849 3888 1985 3943 repugna·

282 3964 312 4016 2.
331 3958 391 4012 Per
423 3959 555 4028 baptismi
579 3960 780 4013 institutionem
805 3967 831 4012 et
854 3960 915 4028 ejus
937 3957 1123 4021 sufficientem
1150 3963 1191 4012 ret
1217 3956 1245 4010 id
1268 3956 1394 4028 exemplo
1413 3955 1500 4025 ipsius
1519 3956 1652 4027 apostoli,
1674 3958 1722 4027 qui
1740 3956 1915 4011 Timotheum
1933 3956 2007 4035 cir--

275 4043 540 4113 promulpotioncm
565 4045 741 4099 circumcisio
759 4047 847 4113 sacto
877 4050 917 4096 cst
943 4061 998 4096 non
1027 4042 1123 4096 statim
1149 4040 1301 4109 cumcidit),
1320 4041 1370 4095 sed
1388 4039 1423 4095 de
1440 4040 1649 4095 circumcisione
1666 4059 1729 4096 eum
1746 4041 1875 4112 opinione
1893 4041 1984 4095 cultus

284 4119 453 4197 mortifera,
471 4132 524 4183 secl
542 4131 649 4183 inutilis
667 4132 803 4199 Judaeis,
823 4133 865 4198 (ut
883 4128 953 4183 haec
970 4128 1122 4198 propositio
1148 4133 1177 4181 et
1198 4125 1371 4180 necessitatis
1395 4126 1432 4180 ad
1456 4125 1574 4181 salutem
1597 4134 1734 4196 suscepta.
1779 4125 1908 4180 Ostendit
1931 4126 1984 4181 hoc

284 4232 343 4270 una
367 4231 432 4269 cum
456 4215 546 4288 priore
566 4223 640 4271 recte
664 4216 847 4285 intelligatur,
874 4213 1026 4269 notandum
1048 4211 1121 4284 quod
1148 4229 1249 4283 scopus
1274 4210 1348 4265 illius
1374 4210 1521 4283 epistolae,
1548 4228 1620 4282 quae
1646 4211 1775 4281 opposita
1801 4215 1844 4266 est
1865 4212 1984 4283 pseudo-

285 4302 342 4356 duo
375 4308 502 4371 tempora
526 4308 654 4372 respectu
680 4300 810 4371 baptismi
837 4298 1003 4371 distingunt,
1037 4317 1121 4353 unum
1149 4297 1281 4367 apostolis
1304 4312 1367 4351 cum
1391 4295 1519 4367 opinione
1542 4294 1714 4350 necessitatis
1738 4295 1774 4350 ad
1796 4296 1914 4352 salutem
1932 4297 1983 4351 cir-

287 4404 342 4456 quo
365 4385 450 4441 fuerit
475 4386 528 4441 sub
552 4385 678 4455 consilio,
703 4386 819 4441 alterum
843 4403 897 4456 que
919 4384 1039 4455 coeperit
1062 4400 1122 4438 esse
1148 4381 1342 4437 cumeisienem
1372 4380 1447 4453 apud
1479 4386 1578 4453 gentes
1609 4379 1781 4453 urgentibus.
1830 4380 1984 4455 Postquam

287 4471 338 4527 sub
376 4478 542 4543 praecepto,
576 4472 653 4544 prius
689 4471 813 4544 coepisse
841 4471 909 4525 dicit
938 4488 955 4524 a
985 4468 1122 4540 principio
1148 4486 1213 4525 vero
1231 4484 1316 4523 causa
1334 4467 1383 4523 illa
1401 4467 1492 4537 desiit,
1505 4467 1541 4522 ob
1560 4484 1644 4539 quam
1656 4468 1774 4539 apostoli
1785 4485 1984 4544 nonuunquam

288 4557 502 4629 praedicationis
526 4558 630 4613 Christi
662 4575 748 4629 nsque
776 4558 813 4613 sd
839 4555 1056 4628 publicationem
1080 4572 1120 4610 se·
1147 4554 1234 4610 libere
1272 4554 1507 4609 circumcisionem
1545 4555 1736 4626 usurpabant,
1775 4555 1837 4626 ipss
1874 4571 1985 4626 quoque

288 4644 396 4701 lennem
418 4634 484 4715 post
507 4642 714 4699 adscensionem
727 4644 895 4715 ,posterius
912 4641 1036 4712 coepisse
1054 4639 1122 4695 dicit
1148 4648 1246 4711 postea
1262 4639 1345 4711 plane
1369 4639 1466 4709 desiit,
1490 4639 1607 4696 Judaeis
1626 4639 1661 4693 de
1678 4640 1808 4697 libertate
1826 4640 1984 4697 Christiana

288 4729 314 4783 in
339 4728 387 4785 die
402 4727 608 4798 Pentecostes);
632 4729 766 4785 rationem
786 4729 865 4784 addit
883 4728 981 4783 talem:
1004 4744 1058 4795 per
1075 4727 1121 4778 bo·
1148 4725 1318 4782 sufficienter
1336 4725 1490 4780 informatis
1509 4730 1538 4779 et
1556 4724 1733 4782 confirmatis.

221 4810 383 4883 lespn'smi
406 4814 662 4883 promnlpotioncm
690 4816 844 4883 baptismus
868 4813 1042 4867 necessarius
1067 4813 1120 4880 sa·
1184 4816 1225 4867 23.
1261 4811 1355 4876 Quare
1381 4827 1447 4865 vero
1472 4809 1607 4882 abrogata
1633 4816 1676 4865 est
1703 4810 1875 4867 circumcisio
1900 4812 1928 4865 in
1947 4811 1985 4882 N.
1996 4825 2071 4876 eum

287 4909 345 4955 ctus
368 4907 409 4954 est
434 4900 610 4953 adsalutem
628 4900 737 4954 dicente
761 4900 891 4954 Christo:
912 4898 979 4952 Nisi
996 4896 1058 4967 pu‘s
1077 4915 1121 4950 re·
1148 4896 1203 4951 Tu
1226 4895 1290 4953 Non
1307 4895 1477 4966 quodfuerit
1496 4913 1539 4950 res
1558 4894 1632 4950 mala
1649 4901 1677 4951 et
1688 4897 1805 4968 proinde
1815 4896 1982 4967 abjicienda,
1996 4877 2106 4967 ss‘ssff‘

287 4996 370 5041 natus
386 4984 479 5053 faerit
496 5002 529 5039 ee
548 5004 624 5054 aqna
643 4995 668 5040 et
689 4986 799 5057 Spiritu
818 4992 869 5040 etc.
907 4988 985 5052 Erpa
1006 4984 1120 5037 circum·
1148 4990 1179 5038 ut
1200 4980 1358 5037 Manichaei
1375 4981 1610 5052 blasphemarunt,
1630 4999 1699 5054 quoe
1717 4980 1865 5054 diligenter
1881 4981 1984 5036 refellit
1996 4977 2082 5069 ssffi·

288 5074 355 5128 cisio
365 5074 456 5142 sacta
476 5080 518 5126 est
536 5073 653 5126 institis.
683 5075 743 5126 Nec
764 5080 856 5127 tomen
875 5072 957 5138 sacto
976 5078 1014 5122 cst
1027 5070 1120 5122 morti·
1148 5067 1325 5140 Augustinus
1348 5066 1396 5121 lib.
1426 5072 1449 5122 6.
1479 5073 1576 5121 contra
1598 5066 1734 5121 Faustum
1760 5083 1784 5120 c.
1812 5071 1834 5120 2.
1862 5071 1891 5121 et
1916 5067 2064 5123 alibius.

287 5160 369 5227 sera,
399 5158 468 5227 auio
497 5157 580 5211 etiam
609 5159 716 5211 Pssulas
741 5157 917 5212 circumcidit
942 5156 1120 5212 Timotheum.
1147 5153 1261 5225 passim,
1280 5168 1331 5207 nee
1349 5151 1423 5224 quod
1444 5151 1489 5206 lex
1506 5150 1541 5206 de
1555 5151 1763 5207 circumcisione
1773 5150 1858 5206 fuerit
1869 5150 1984 5208 alterius

286 5247 312 5300 3.
332 5244 394 5298 Pro
420 5242 518 5311 aliquo
543 5251 668 5311 tempore
690 5262 751 5297 cum
773 5244 913 5312 lopolibns
933 5241 1048 5295 cessavit
1068 5241 1121 5293 cir·
1148 5238 1210 5305 Dei,
1231 5243 1262 5293 ut
1282 5236 1609 5293 statueruutEneratitae
1626 5238 1762 5293 referente
1774 5235 1916 5292 Clemente
1934 5235 1982 5292 lib.

263 5328 419 5384 -cumcisio
438 5336 464 5382 et
474 5329 563 5397 foeta
582 5337 622 5382 cst
644 5328 793 5392 mortifera
813 5328 933 5382 ominium
951 5326 1071 5397 penatium
1086 5344 1120 5379 ac
1149 5332 1173 5381 ³.
1193 5329 1296 5389 strom,
1320 5322 1369 5378 sed
1392 5327 1413 5377 1.
1435 5321 1501 5394 quia
1519 5321 1646 5378 instituta
1663 5321 1717 5375 fuit
1735 5320 1771 5374 ad
1791 5326 1898 5376 eertum
1915 5328 1982 5378 tem-

286 5415 464 5469 Juslaeorum
476 5414 601 5484 populo,
624 5413 692 5481 quio
710 5413 834 5466 haeresis
852 5419 892 5465 cst
911 5413 1019 5479 dicere,
1045 5412 1121 5481 quod
1148 5428 1210 5481 pus,
1229 5425 1284 5480 que
1300 5406 1465 5463 adveniente
1482 5405 1611 5479 abrogari
1632 5406 1727 5477 utiquc
1740 5405 1847 5462 debuit.
1873 5412 1897 5462 2.
1910 5408 1984 5472 Quia

287 5500 393 5570 topatio
423 5506 539 5554 corrasit
564 5516 626 5552 eum
648 5497 709 5565 lepe
738 5497 900 5566 coanpeiico
923 5513 983 5567 cap.
1000 5496 1120 5568 Majores
1147 5495 1182 5553 N.
1201 5494 1235 5548 Τ.
1261 5492 1339 5547 novis
1366 5493 1449 5549 etiam
1473 5492 1622 5565 signaculis
1645 5491 1703 5546 sive
1721 5492 1900 5546 sacramentis
1918 5511 1982 5550 eon·

287 5592 352 5642 extr.
376 5584 412 5640 de
434 5582 512 5655 bapt.
554 5587 578 5636 i.
596 5585 662 5638 Non
682 5601 738 5635 nno
757 5584 904 5651 codemque
925 5591 1046 5651 tempore
1065 5600 1121 5635 ces·
1148 5586 1220 5634 stare
1239 5578 1343 5633 debuit
1387 5583 1410 5634 3.
1431 5578 1503 5643 Quia
1521 5576 1650 5632 Messinm
1677 5592 1710 5629 ex
1728 5575 1860 5632 Abrahae
1877 5579 1983 5635 semine

286 5672 357 5725 sarit
382 5666 664 5738 circumcisio'sacta
687 5669 838 5735 mortifera
861 5669 941 5738 apud
962 5668 1078 5738 pensiles
1097 5676 1122 5721 st
1147 5663 1315 5719 irasciturum
1340 5662 1596 5736 praesignifieabat,
1627 5660 1749 5717 exhibito
1774 5661 1860 5733 igitur
1880 5664 1983 5720 Messio

288 5751 433 5811 consonos
462 5772 495 5809 ea
517 5756 648 5819 maaca,
680 5755 748 5825 quia
775 5762 907 5823 quantum
935 5755 977 5807 ad
1003 5754 1121 5824 pentilus
1147 5750 1299 5822 eodemque
1317 5747 1345 5803 in
1362 5766 1443 5805 cruce
1461 5755 1569 5805 mortue
1586 5746 1749 5819 abroganda
1765 5754 1831 5803 erat
1868 5754 1892 5805 4.
1909 5749 1982 5815 Quia

285 5843 404 5895 cacavit
421 5840 606 5907 circumcisio,
625 5841 667 5894 ita
685 5848 715 5893 ut
733 5840 774 5893 eis
785 5837 880 5907 suerit
893 5840 1042 5903 mortifera
1054 5847 1121 5908 post
1147 5835 1338 5909 distinguebat
1363 5835 1496 5908 populum
1518 5831 1700 5890 Israbliticum
1721 5851 1738 5890 a
1756 5833 1871 5907 reliquis
1889 5836 1981 5908 genti-
