4800 6659
920 594 973 650 Du
991 593 1106 654 BONIS
1123 594 1320 657 operimus.
1932 610 1968 667 ib

281 750 349 806 Nat
362 752 426 807 bena
444 765 548 820 opera,
565 766 601 805 ns
618 766 667 806 eos
682 752 870 823 offendamus,
892 752 943 821 qus·
958 752 1038 805 nobis
1056 751 1107 803 ad·
1135 748 1209 815 beat,
1227 769 1261 808 ex
1279 771 1312 810 ee
1331 758 1425 811 tamen
1442 756 1568 811 nondum
1587 756 1720 827 seqnitur,
1740 753 1906 810 vocabulum
1923 772 1972 812 ns·

286 824 344 889 ‘lits'
359 846 413 892 sunt
435 837 576 892 cunodea
611 836 743 892 Procimi
765 841 860 907 pratia
883 840 1022 904 facienda
1044 843 1107 890 sant
1135 837 1271 893 cessitatis
1291 840 1453 912 simpliciter
1469 841 1696 913 proscribendum
1718 858 1778 897 esse
1798 858 1832 897 ex
1845 841 1972 898 docmina

291 909 353 978 bom
375 941 472 996 opera,
499 940 535 977 ne
561 931 659 977 nostre
684 926 808 995 ecemple
832 926 907 979 alios
931 926 1107 995 offendamus
1136 923 1171 978 de
1196 924 1277 981 bonis
1304 927 1447 998 operibus,
1471 944 1535 982 cum
1560 927 1620 999 ipsa
1640 926 1784 997 Scriptura
1807 928 1913 999 optima
1930 930 1970 984 lo·

294 1009 330 1061 vsi
343 1011 516 1080 teimpietate
528 1010 729 1074 confirmemus.
756 1012 857 1065 Nostri
870 1011 1107 1074 causasaeienda
1135 1011 1238 1081 quendi
1264 1013 1399 1085 magistra
1425 1014 1454 1068 in
1484 1013 1540 1069 elia
1564 1013 1764 1086 significatione
1787 1030 1821 1068 ae
1840 1021 1969 1085 respectu

296 1106 349 1166 met,
363 1106 391 1151 at
412 1098 496 1161 ridens
516 1098 643 1149 nonram
662 1112 846 1161 exerceamus,
860 1114 971 1166 poenas
983 1097 1107 1156 citemus,
1134 1095 1301 1153 vocabulum
1326 1099 1378 1153 hoc
1402 1100 1438 1154 de
1462 1099 1542 1154 bonis
1565 1099 1696 1170 operibus
1721 1099 1822 1155 dissum
1845 1107 1968 1171 usurpet
1981 1108 2042 1149 Vfll
2055 1105 2089 1149 Ἀ

294 1184 399 1245 mnemia
424 1198 627 1253 consequamur
649 1186 701 1236 etc.
742 1183 868 1236 Tandem
892 1182 1002 1235 diaboli
1020 1198 1107 1234 cama
1135 1180 1214 1251 Bona
1230 1199 1315 1254 opera
1331 1190 1397 1239 sunt
1415 1186 1573 1242 necessaria
1591 1186 1700 1242 rations
1718 1186 1856 1255 mandati,
1880 1185 1969 1243 debiti

289 1267 409 1331 faa'enda
432 1270 505 1323 bona
522 1283 625 1337 opera,
646 1283 680 1320 ne
694 1284 750 1338 per
768 1269 939 1338 impietatem
957 1276 983 1321 et
1002 1267 1106 1320 securi·
1136 1272 1221 1339 atque
1240 1270 1345 1324 ordinis
1364 1272 1497 1327 divinitus
1515 1272 1643 1337 instituti,
1661 1289 1717 1327 non
1736 1276 1801 1327 sunt
1818 1273 1970 1345 adiaphora

291 1363 356 1410 talen
373 1356 525 1426 hospitium
542 1354 601 1423 spei
616 1356 647 1408 in
663 1355 797 1408 cordibus
807 1354 998 1423 praebeamus.
1028 1352 1106 1406 Haec
1133 1354 1178 1407 vel
1204 1354 1365 1426 arbitraria3
1394 1358 1490 1413 eadem
1514 1365 1608 1413 tamar
1633 1359 1662 1413 in
1679 1360 1784 1415 renatis
1803 1367 1868 1414 sunt
1888 1378 1969 1431 spon-

287 1440 328 1499 ile.
361 1442 483 1497 Possunt
504 1444 597 1494 autem
622 1438 694 1496 duae
713 1439 778 1495 illae
798 1438 899 1495 classes
917 1439 955 1493 ad
974 1438 1106 1492 usitatam
1134 1444 1218 1495 tanea
1244 1458 1276 1496 ac
1303 1443 1474 1508 voluntaria,
1501 1444 1567 1516 quia
1592 1462 1649 1499 non
1676 1465 1710 1501 ex
1738 1446 1893 1515 coactione,
1921 1446 1970 1501 sed

282 1545 416 1584 mmmm
439 1524 673 1582 enumerationem
697 1524 795 1580 referri
812 1526 864 1580 hoc
882 1525 977 1579 mode:
1003 1523 1107 1593 Angeli
1133 1526 1221 1583 libero
1240 1534 1269 1583 et
1290 1536 1442 1600 spontaneo
1457 1530 1557 1600 spiritu
1570 1530 1788 1601 proficiscantur.
1815 1532 1971 1603 Opponitur

278 1632 325 1669 non
349 1613 528 1668 offenduntur
552 1613 656 1666 uostris
677 1611 821 1683 operibus,
840 1611 894 1665 nisi
914 1610 1011 1663 isdem
1029 1608 1106 1663 Deus
1133 1612 1220 1683 igitur
1236 1614 1305 1670 haec
1324 1616 1473 1671 necessitas
1490 1622 1528 1686 τῷ
1548 1617 1716 1690 ἀδιαφόρῳ,
1735 1635 1792 1673 nou
1811 1625 1905 1674 autem
1924 1634 1972 1673 vo-

273 1701 442 1767 offendstur,
465 1698 592 1770 quisquis
612 1715 678 1770 ergo
696 1715 729 1753 ex
747 1714 811 1753 vero
829 1695 883 1752 Dei
901 1696 1000 1751 timore
1018 1700 1106 1763 cavet,
1134 1697 1261 1755 luntario.
1286 1701 1445 1758 Necessitas
1464 1703 1616 1758 coactionis
1635 1703 1759 1759 excludit
1776 1705 1971 1776 voluntarium,

271 1806 304 1842 ne
326 1786 409 1840 malis
434 1784 565 1855 operibus
585 1783 676 1839 Deum
700 1783 825 1838 offendat
848 1789 877 1838 et
901 1780 1020 1853 gratiam
1047 1782 1106 1851 ejus
1133 1800 1188 1838 uon
1218 1794 1310 1842 autern
1341 1789 1491 1844 necessitas
1519 1790 1760 1846 immutabilitatis.
1806 1790 1883 1846 Deus
1911 1792 1971 1863 ipse

266 1874 391 1940 amittat,
415 1871 439 1924 is
462 1887 495 1925 eo
522 1870 583 1941 ipso
602 1875 696 1938 aare,
719 1886 754 1923 nc
773 1869 887 1939 angelos
905 1866 1034 1921 custodes
1054 1865 1107 1919 sibi
1133 1887 1188 1924 non
1206 1873 1398 1945 contingenter
1416 1892 1468 1929 nee
1488 1883 1584 1931 coacte
1602 1876 1693 1931 bonus
1712 1883 1753 1933 est
1772 1882 1800 1933 et
1817 1877 1892 1932 bona
1903 1875 1972 1947 agit,

267 1959 379 2014 additos
403 1956 529 2012 offendat
550 1971 654 2028 eosque
679 1972 696 2010 a
720 1973 750 2011 se
767 1954 872 2026 abigat.
908 1951 975 2007 Pari
1000 1952 1106 2007 ratione
1135 1957 1184 2011 sed
1208 1960 1363 2014 necessario
1387 1961 1476 2015 bonus
1503 1969 1545 2017 est
1570 1968 1598 2017 et
1615 1963 1689 2019 bona
1710 1964 1783 2035 agit,
1807 1963 1972 2019 necessitate

265 2063 323 2100 non
350 2044 499 2115 praebetur
522 2042 635 2097 diabolo
659 2041 688 2095 in
708 2040 791 2095 eorde
810 2039 930 2094 hominis
948 2038 1106 2110 hospitium,
1133 2043 1379 2113 immutabilitatis,
1405 2046 1479 2102 idem
1506 2054 1600 2104 tamen
1626 2057 1668 2106 est
1686 2066 1772 2121 agens
1793 2047 1971 2105 liberrimum.

267 2132 323 2186 nisi
342 2130 463 2201 Spiritus
491 2128 580 2183 sancti
604 2128 715 2183 desinat
738 2142 797 2181 esse
823 2124 1007 2190 domicilium,
1033 2126 1107 2196 quis·
1133 2129 1302 2185 Addendum
1318 2137 1411 2186 tamen
1431 2132 1492 2202 hoc,
1510 2151 1573 2189 cum
1591 2136 1680 2191 renati
1702 2137 1758 2190 sint
1779 2153 1812 2191 ex
1831 2140 1912 2204 parte
1924 2133 1971 2188 sd·

267 2218 333 2289 qais
354 2232 421 2286 ergo
440 2214 575 2285 Spiritum
592 2217 719 2268 sanctum
738 2218 850 2267 veretur
871 2217 1013 2281 exemere,
1033 2211 1057 2264 is
1074 2227 1107 2266 eo
1133 2214 1188 2270 huc
1216 2217 1347 2269 camales
1364 2216 1443 2272 Rom.
1465 2225 1495 2282 t,
1520 2237 1545 2273 v.
1569 2227 1608 2276 14.
1636 2239 1699 2277 eum
1724 2223 1840 2292 spiritus
1860 2220 1972 2292 quidem

267 2304 332 2374 ipso
352 2306 434 2357 cavet
451 2300 563 2356 diabolo
581 2298 731 2370 hospitium
750 2298 893 2371 praebere.
1133 2301 1162 2355 in
1187 2301 1254 2371 ipsis
1279 2301 1316 2355 sit
1333 2312 1478 2373 promtus,
1507 2324 1576 2359 caro
1605 2314 1697 2360 autem
1723 2309 1838 2375 infirma
1872 2306 1971 2364 Matth.

218 2397 250 2477 ζ.
304 2395 348 2446 28.
384 2387 491 2442 Causas
520 2385 597 2452 illas,
626 2393 741 2456 propter
764 2402 835 2457 quas
865 2384 1021 2439 necessaria
1043 2388 1109 2438 sunt
1134 2392 1180 2452 26,
1203 2404 1229 2442 v.
1250 2393 1291 2443 tl.
1320 2387 1383 2443 ideo
1411 2391 1579 2462 quandoque
1606 2392 1677 2463 legis
1697 2393 1841 2448 coactione
1860 2410 1972 2448 earnem

218 2500 246 2529 ss
266 2491 358 2548 opera
385 2473 473 2537 bona,
504 2471 618 2543 quidam
646 2476 746 2527 vocant
768 2470 866 2527 finales
888 2475 916 2526 et
938 2468 1107 2540 impulsivas,
1133 2473 1256 2543 ipsorum
1277 2474 1419 2546 indigere,
1443 2478 1584 2548 quinimo
1604 2479 1711 2532 nullum
1731 2478 1924 2548 bonumopus
1942 2478 1971 2531 in

218 2557 235 2632 'j
268 2561 440 2618 mouendum
461 2574 535 2629 vero,
560 2558 709 2615 terminum
728 2575 830 2615 causae
853 2558 944 2612 finalis
964 2557 992 2610 in
1016 2555 1108 2610 latiori
1133 2559 1185 2614 hac
1204 2559 1262 2613 vita
1279 2576 1312 2615 ex
1330 2567 1409 2616 tanta
1430 2562 1544 2632 spiritus
1562 2563 1761 2634 promtitudine
1774 2564 1868 2633 oritur,
1887 2580 1971 2635 quam

218 2664 223 2672 ’
267 2646 476 2721 significatione
504 2645 540 2700 ab
571 2644 626 2701 illis
653 2646 756 2717 accipi,
791 2648 831 2701 ita
854 2649 886 2699 ut
909 2643 1109 2714 complectatur
1134 2662 1199 2701 caro
1217 2645 1378 2702 nussatenus
1397 2649 1519 2703 retardet
1535 2656 1583 2704 aut
1602 2649 1743 2719 impediat.

267 2736 355 2791 etiam
372 2732 403 2787 ui
425 2731 558 2807 ἑπόμενα,
577 2747 611 2786 ea
629 2746 700 2802 quae
719 2730 1108 2803 consequunturbouaopera
1169 2737 1211 2787 30.
1247 2731 1346 2804 Neque
1371 2739 1414 2789 est
1440 2734 1515 2803 quod
1540 2734 1577 2788 ad
1605 2734 1761 2790 libertatem
1787 2735 2100 2791 caeremoniales·

268 2827 438 2888 renatorum,
458 2835 515 2873 non
532 2836 566 2874 ex
580 2818 702 2889 quadam
715 2817 837 2888 ipsorum
847 2816 993 2887 dignitate,
1011 2817 1061 2871 ssd
1074 2834 1108 2872 ex
1133 2825 1310 2888 provocetur,
1335 2820 1414 2890 quasi
1441 2837 1474 2875 ea
1493 2820 1624 2875 excludat
1639 2820 1776 2875 bonorum
1794 2838 1908 2892 operum
1924 2838 1971 2876 ns·
1983 2790 2092 2885 3222*

268 2907 394 2979 gratuita
415 2906 470 2960 Dei
497 2904 651 2959 miserentis
675 2902 808 2959 bonitate.
846 2904 945 2974 Neque
969 2903 1043 2959 enim
1067 2904 1106 2958 in·
1135 2903 1302 2958 cessitatem.
1345 2904 1411 2959 Alis
1437 2906 1510 2961 enim
1540 2912 1583 2962 est
1609 2906 1725 2961 libertas
1754 2909 1886 2978 spiritns,
1916 2894 2092 2963 alia‘¹⁰¹⁰‘¹⁸‘

266 2994 360 3048 tuitus
384 2991 570 3063 praemiorum
593 2996 677 3062 atque
695 2988 807 3044 evitatio
825 3005 979 3059 poenarum
997 2990 1107 3061 proprie
1134 3007 1198 3045 vero
1224 2990 1319 3044 carnis
1345 2992 1467 3048 licentia.
1504 2991 1567 3047 Gal.
1588 2999 1617 3057 5,
1642 3011 1666 3047 v.
1690 2999 1734 3050 1³:
1766 2994 1820 3048 Vos
1840 2996 1870 3048 in
1889 2995 1971 3048 liber·
1985 2948 2094 3047 iiiia„

269 3086 299 3133 et
318 3085 446 3133 accurate
463 3076 604 3150 loquendo
621 3074 704 3130 debet
724 3091 783 3130 esse
801 3091 887 3129 causa
903 3075 996 3130 finalis
1013 3082 1042 3131 et
1058 3076 1107 3129 im·
1134 3085 1217 3130 tatem
1241 3079 1334 3132 soced
1357 3079 1438 3146 estu,
1465 3086 1605 3133 tantumve
1628 3080 1784 3134 libertatem
1803 3082 1833 3134 in
1850 3081 1971 3134 occasio·
1984 3049 2086 3143 mn

269 3164 382 3236 paleira
402 3164 538 3218 bonorum
564 3179 692 3232 eperum,
718 3177 781 3215 cum
800 3177 874 3216 nova
891 3161 1050 3217 obedientia
1067 3178 1107 3216 re·
1134 3179 1196 3215 nem
1220 3164 1292 3216 dna
1317 3164 1407 3217 carni.
1446 3171 1467 3219 1.
1490 3164 1566 3221 Petr.
1590 3170 1618 3235 2,
1643 3184 1669 3220 r.
1692 3173 1735 3221 15:
1758 3168 1838 3220 Haec
1862 3175 1902 3220 est
1927 3185 1972 3221 uo-

271 3258 401 3307 natorum
429 3268 462 3304 cx
490 3248 597 3304 sincera
625 3248 680 3302 Dei
707 3247 823 3303 caritate
850 3255 879 3303 et
905 3247 984 3302 filiali
1010 3248 1109 3302 timore
1135 3248 1230 3302 luntas
1254 3250 1325 3319 Dei,
1354 3258 1385 3303 ut
1413 3250 1619 3315 benefacientes
1644 3254 1829 3306 ommutescere
1854 3254 1973 3319 faciatis

271 3335 410 3409 proficisci
424 3335 540 3404 debeat,
555 3337 616 3406 jam
634 3352 699 3390 vero
716 3336 817 3390 caritas
835 3353 891 3390 non
911 3341 953 3389 est
970 3351 1107 3390 mercena·
1129 3337 1275 3400 ,lominum
1295 3338 1515 3406 imprudentiam
1535 3338 1744 3409 iqnorantiam5
1769 3357 1794 3393 v.
1818 3345 1863 3395 16:
1891 3338 1975 3409 quasi

272 3426 324 3494 ria,
342 3440 376 3477 ac
393 3420 500 3477 servilis
516 3421 599 3478 timor
616 3428 666 3489 est,
683 3435 738 3475 non
757 3419 858 3489 filialis,
876 3425 989 3492 propter
1008 3420 1109 3475 consti·
1135 3422 1219 3477 liberi
1235 3431 1262 3476 et
1279 3440 1335 3476 non
1353 3423 1438 3492 quasi
1453 3424 1579 3477 velamen
1601 3426 1732 3480 labentes
1744 3425 1872 3479 malitiae
1890 3426 1973 3479 liber-

270 3517 347 3565 tutas
377 3524 481 3580 poenas
513 3523 531 3561 a
558 3506 682 3578 peccatis
715 3522 821 3563 cavere.
874 3506 938 3561 Non
966 3522 1109 3578 negamus,
1135 3517 1228 3578 taum,
1247 3511 1300 3563 sed
1318 3511 1390 3563 mera
1406 3509 1484 3566 serui
1502 3510 1568 3564 Dei.
1605 3510 1733 3565 Libertas
1751 3511 1914 3580 esanpelica
1932 3519 1974 3565 est

271 3612 385 3651 carnem
402 3593 599 3658 refractariam,
618 3608 691 3664 qaae
709 3592 817 3663 spiritui
835 3592 864 3646 in
881 3591 949 3663 ipsis
967 3592 1050 3647 etiarn
1066 3610 1107 3649 re·
1135 3596 1252 3649 libertas
1281 3596 1483 3665 eomeientiae,
1514 3614 1572 3665 qrsa
1601 3596 1720 3651 sumitur
1749 3599 1920 3652 emsseientia
1938 3592 1999 3651 abx

271 3682 346 3738 nafis
365 3681 536 3749 mvcmatnr,
554 3679 774 3734 consideratione
791 3678 976 3751 praemiorum
988 3680 1108 3734 exciten·
1136 3681 1281 3751 operibus,
1303 3700 1360 3735 non
1383 3690 1414 3735 ut
1432 3682 1514 3735 niella
1532 3683 1624 3751 siant,
1648 3687 1701 3738 ssd
1716 3694 1747 3739 ut
1764 3687 1795 3739 in
1810 3685 1892 3739 nulla
1910 3702 1972 3740 een-

271 3771 346 3835 dam,
371 3766 394 3820 si
416 3765 484 3821 velit
501 3767 530 3820 in
548 3764 594 3820 via
610 3764 746 3819 bonorum
767 3781 882 3835 operum
900 3771 1063 3836 torpescere,
1082 3772 1110 3820 et
1136 3768 1230 3830 fidat,
1261 3782 1332 3838 quae
1358 3772 1423 3822 sunt
1446 3768 1533 3823 verba
1557 3768 1675 3824 Lutheri
1700 3770 1729 3825 in
1752 3771 1825 3827 libro
1845 3773 1880 3827 de
1902 3772 1972 3826 votis

271 3852 495 3910 consideratione
511 3866 665 3922 poenarum
682 3851 712 3905 in
730 3851 854 3906 ordinem
876 3850 1030 3922 cogendam
1042 3868 1110 3921 esse,
1136 3852 1305 3909 monasticis.
1340 3854 1424 3910 Fides
1445 3854 1476 3908 in
1499 3854 1640 3911 Christum
1663 3857 1765 3914 liberat
1786 3876 1838 3914 nos
1861 3875 1878 3913 a
1902 3858 1972 3929 legis

269 3942 293 3996 si
317 3940 387 3995 velit
410 3939 446 3993 ad
470 3937 528 3993 rias
551 3937 685 4008 pessimas
710 3937 865 4006 declinare3
889 3937 998 3992 interim
1017 3943 1110 3991 tamen
1137 3937 1343 4007 maledictione,
1368 3957 1545 4013 nequaquam
1572 3959 1638 3997 vero
1666 3943 1703 3999 ab
1729 3945 1888 4000 obedientia
1913 3944 1973 3999 Deo

270 4030 345 4083 bena
362 4042 462 4097 opera,
482 4031 618 4096 qnatenus
637 4024 719 4094 talia,
739 4041 772 4079 ex
793 4025 892 4096 spiritu
912 4032 1063 4096 spontaneo
1082 4030 1110 4078 et
1136 4025 1314 4096 praestanda.
1348 4024 1456 4080 Eadem
1484 4026 1555 4083 fides
1582 4030 1611 4083 in
1630 4028 1770 4085 Christum
1796 4031 1898 4086 liberat
1923 4048 1973 4086 nos

270 4116 381 4170 sincera
398 4113 450 4167 Dei
475 4111 623 4166 dilectione
647 4113 754 4182 absque
776 4111 834 4167 ullo
854 4112 988 4167 mercedis
1008 4111 1110 4166 intuitu
1137 4111 1242 4183 alegis
1261 4128 1379 4177 carcere,
1396 4130 1452 4168 non
1472 4115 1743 4186 utmulafaciamns,
1764 4116 1812 4172 scd
1826 4116 1973 4171 utbonum

269 4199 404 4256 facienda
421 4204 495 4265 sunt,
512 4213 569 4269 qua
587 4197 622 4252 de
640 4214 670 4252 re
688 4197 803 4254 inferius
821 4198 903 4269 plura
1137 4198 1216 4267 illud,
1234 4199 1270 4253 ad
1289 4198 1363 4270 quod
1382 4214 1432 4254 nos
1451 4200 1495 4255 lex
1513 4202 1641 4273 cogebat,
1660 4203 1747 4258 libere
1763 4202 1973 4269 iaciamus‚hoc

310 4293 352 4343 29.
390 4286 483 4351 Quare
509 4302 572 4339 cum
598 4290 641 4339 tot
665 4285 754 4341 modis
777 4284 936 4340 necessaria
959 4284 1014 4338 sint
1038 4284 1125 4339 bona·
1138 4290 1180 4338 est
1212 4290 1324 4356 sponte,
1352 4300 1414 4338 cum
1444 4287 1548 4357 gaudio
1575 4296 1604 4343 et
1631 4288 1814 4344 delectatione
1843 4290 1971 4361 quadam.

227 4409 245 4434 ,.
272 4390 368 4445 opera,
386 4371 509 4427 studium
529 4388 622 4426 eorum
640 4372 669 4425 in
688 4371 806 4427 ecclesia
825 4371 989 4439 docendum,
1010 4387 1110 4442 urgan·
1137 4369 1212 4424 Illud
1236 4370 1376 4426 Lutherus
1400 4370 1430 4425 in
1447 4373 1629 4443 explicatione
1648 4375 1781 4445 epistolae
1800 4376 1973 4431 dominicalis

218 4464 227 4486 t
272 4463 342 4515 dum
367 4466 395 4514 et
418 4457 615 4512 inculcandum
641 4458 701 4512 erit.
736 4460 833 4527 Aeque
853 4458 1042 4511 necessarium
1062 4464 1110 4521 est,
1138 4456 1232 4511 Galat.
1250 4464 1274 4512 t.
1298 4458 1349 4510 sub
1373 4458 1433 4527 lepe
1457 4460 1582 4513 conclusi
1599 4454 1826 4517 camodiebamur
1846 4470 1897 4517 etc.
1917 4463 1973 4518 ele·

271 4545 373 4602 scribit
402 4543 437 4597 D.
466 4542 580 4598 Luther.
611 4549 677 4599 tem
706 4550 729 4599 4.
759 4544 835 4601 latin.
867 4561 894 4614 p.
927 4549 984 4600 165.
1015 4552 1046 4596 nt
1067 4544 1114 4613 pii
1137 4542 1301 4615 gantissima
1318 4543 1499 4600 similitudine
1516 4546 1652 4602 declarat:
1681 4548 1737 4611 Qui
1753 4549 1783 4602 in
1801 4566 1915 4604 earcere
1933 4558 1974 4605 est

272 4636 405 4688 electores
422 4639 481 4684 tam
500 4630 651 4699 dilipenter
668 4638 788 4699 urqeant
806 4631 964 4685 doctrinam
980 4632 1016 4684 de
1034 4632 1112 4684 bonis
1138 4628 1252 4700 (inquit)
1284 4632 1392 4683 duobus
1420 4631 1514 4684 modis
1545 4631 1664 4686 liberari
1689 4642 1799 4703 potest,
1827 4635 1923 4705 primo
1947 4635 1975 4688 ss·

273 4718 421 4788 operibus,
451 4734 536 4786 quam
564 4717 724 4771 doctrinam
749 4718 785 4770 de
809 4717 874 4778 fide.
923 4715 1014 4770 Satan
1040 4718 1112 4771 enim
1138 4732 1252 4768 carcere
1270 4717 1389 4785 effracto
1407 4718 1597 4785 corporaliter
1617 4720 1681 4788 quis
1699 4720 1847 4789 liberetur,
1865 4728 1903 4789 ut,
1919 4738 1973 4790 qrse

272 4805 385 4874 rarique
408 4804 539 4869 infensus
564 4809 604 4856 est
629 4810 656 4856 et
680 4803 831 4856 accerrime
854 4802 961 4856 resistit
979 4808 1031 4857 etc.
1056 4822 1112 4857 non
1123 4787 1126 4850 i
1138 4803 1236 4871 libeat,
1258 4811 1376 4873 perqua-
1397 4806 1520 4857 seeundo
1545 4806 1573 4858 si
1588 4822 1727 4860 carcerem
1746 4807 1809 4876 quis
1829 4806 1871 4860 ita
1889 4824 1973 4861 orma·

272 4891 366 4945 solum
389 4889 548 4943 doctrinam
565 4890 646 4957 fidei,
672 4891 723 4942 sed
739 4889 824 4943 stiam
844 4890 977 4943 bonerum
997 4906 1112 4958 eperum
1137 4896 1180 4942 ret
1198 4896 1224 4942 et
1243 4888 1436 4943 delectabilem
1461 4892 1595 4945 redderet
1618 4899 1787 4961 mentemque
1807 4898 1833 4945 et
1850 4893 1973 4946 animam

272 4978 445 5031 veliementer
464 4976 524 5029 odit
542 4983 568 5029 et
585 4975 710 5044 impedit.
740 4974 855 5031 *albia
873 4974 921 5030 tot
937 4981 998 5030 109:
1018 4979 1111 5030 Eatra
1138 4974 1189 5027 tibi
1205 4982 1337 5039 multaret,
1361 4983 1392 5028 ut
1410 4976 1502 5030 nolles
1520 4978 1632 5046 epredi,
1656 4979 1708 5031 sed
1724 4986 1837 5049 optares
1856 4979 1897 5033 ibi
1914 4997 1972 5033 ma·

273 5080 390 5117 eausam
410 5060 628 5131 justificationis
654 5077 734 5114 nemo
754 5069 851 5129 petest
878 5061 952 5114 bena
978 5078 1066 5132 opera
1093 5080 1111 5114 a
1136 5076 1201 5113 nere
1220 5078 1275 5114 non
1293 5067 1427 5130 tanqrsam
1444 5062 1609 5132 incarcere,
1628 5066 1827 5134 sedtanquam
1841 5065 1973 5135 inpara-

276 5152 341 5203 Deo
360 5154 516 5218 praecepta
539 5148 609 5200 satis
626 5145 774 5216 mapnifice
791 5149 993 5201 commendare.
1023 5147 1111 5219 Chry·
1137 5146 1216 5215 disc,·
1234 5146 1275 5198 ita
1289 5145 1418 5200 Obie-istra
1434 5148 1627 5217 spiritualiter
1644 5168 1696 5204 nos
1714 5169 1733 5204 a
1753 5151 1814 5221 ispe
1833 5151 1971 5217 liberauit,

274 5242 412 5290 sostomus
437 5232 530 5290 homil.
554 5232 589 5288 de
615 5232 660 5287 fid.
680 5238 708 5287 et
727 5232 791 5303 lege
807 5236 872 5286 tom.
893 5239 922 5287 5:
949 5233 1065 5302 Oportet
1085 5242 1111 5287 et
1136 5250 1191 5286 non
1207 5233 1370 5300 sranpendo
1390 5241 1440 5287 aut
1457 5233 1582 5288 tollendo
1601 5236 1697 5305 lepem,
1717 5238 1769 5291 sed
1788 5244 1972 5290 cornastrum

275 5329 340 5376 ante
366 5336 454 5389 opera
472 5320 565 5373 lucere
578 5321 668 5389 fldem
685 5325 712 5372 et
722 5318 799 5386 fidei
809 5318 984 5387 pedissequa
1001 5336 1111 5390 semper
1136 5325 1224 5372 mutat
1242 5326 1269 5371 et
1285 5319 1374 5387 lepem
1388 5320 1430 5373 ita
1442 5320 1636 5375 delectabilem
1645 5322 1729 5391 facit,
1746 5329 1849 5376 uteum
1864 5323 1972 5391 pandis
2020 5369 2025 5378 .

275 5425 334 5462 esse
361 5406 495 5475 eperat*t
529 5405 700 5478 Nequeunt,
726 5403 801 5476 quod
820 5404 882 5476 quis
904 5403 1043 5472 obvertet,
1069 5422 1110 5460 re
1137 5413 1163 5459 et
1188 5405 1374 5459 delectatione
1400 5424 1486 5460 nouus
1515 5406 1595 5461 bomo
1618 5407 1649 5461 in
1673 5425 1708 5462 ea
1735 5416 1897 5464 exerceatur
1919 5413 1972 5464 etc.

275 5500 357 5549 natos
378 5510 411 5547 ex
424 5490 511 5545 libem
523 5498 551 5546 et
563 5499 714 5564 spontaneo
726 5490 826 5563 spiritu
839 5490 912 5545 bene
926 5506 1009 5560 agere
1027 5497 1111 5561 atque
1135 5491 1200 5546 Huc
1223 5491 1345 5563 pertinet
1367 5492 1507 5547 distinctio
1524 5494 1676 5564 Augustini
1701 5493 1773 5549 inter
1796 5511 1880 5563 opera
1898 5494 1970 5567 legis

275 5582 404 5650 ipsorum
422 5576 608 5633 obedientiam
627 5595 683 5632 non
702 5595 762 5634 esse
782 5582 917 5642 coactam,
938 5574 1008 5646 legis
1030 5576 1110 5629 minis
1136 5582 1165 5631 et
1182 5594 1268 5648 opera
1281 5579 1397 5650 gratiae,
1416 5578 1489 5634 inter
1501 5579 1532 5633 id
1544 5580 1618 5651 quod
1633 5579 1665 5634 fit
1681 5580 1779 5635 timore
1793 5595 1899 5648 poenae
1913 5598 1972 5636 ser·

274 5672 425 5733 extortam,
444 5662 559 5734 proinde
577 5664 650 5719 bons
669 5678 755 5733 opera
772 5680 907 5719 nonense
927 5662 1109 5716 dicendane
1135 5663 1240 5727 viliter,
1264 5669 1293 5718 et
1311 5664 1382 5720 inter
1399 5664 1428 5718 id
1456 5664 1530 5736 qnod
1549 5665 1581 5719 fit
1599 5681 1691 5720 amore
1706 5663 1833 5735 justitiae
1850 5664 1971 5721 liberali·

273 5751 411 5820 cessaria3
448 5751 572 5821 quamvis
609 5744 684 5801 enim
712 5750 863 5808 necessitas
894 5747 1051 5815 coactionis,
1079 5748 1109 5802 rb
1135 5755 1193 5814 ter;
1211 5750 1283 5807 iuter
1301 5750 1331 5805 id
1350 5751 1424 5823 quod
1444 5752 1489 5806 lex
1508 5768 1622 5823 operum
1642 5750 1773 5805 minando
1791 5750 1916 5823 imperat,
1943 5758 1972 5808 et

273 5837 421 5905 bsoieror,
446 5854 464 5892 a
488 5836 567 5892 bonis
596 5829 726 5901 operibus
744 5843 903 5894 renatorum
920 5834 1045 5892 emulare
1063 5835 1111 5890 de·
1137 5836 1210 5893 inter
1243 5837 1274 5892 id
1301 5837 1376 5908 quod
1402 5836 1447 5893 lex
1474 5837 1541 5894 fidei
1568 5836 1707 5894 credendo
1733 5836 1878 5909 impetrat,
1906 5839 1971 5893 vide
