4800 6659
955 543 1005 600 nn
1025 542 1299 603 sacunnunns.
1496 582 1498 587 -
1913 563 1969 621 nr

281 694 426 767 utriusque
446 695 479 750 T.
503 696 610 754 ratione
635 698 738 755 decreti
755 700 858 769 divini,
877 701 982 756 ratione
999 698 1112 771 promis·
1139 697 1237 755 leviter
1255 701 1384 774 attingit3
1412 703 1463 757 sub
1488 702 1535 758 fin.
1561 720 1586 761 c.
1607 709 1645 760 11.
1670 707 1831 777 respondet,
1859 725 1892 764 ex
1910 711 1971 764 loco

282 781 365 836 sionis
384 788 413 836 et
433 784 540 838 ratione
559 782 700 840 efficaciae
719 787 916 856 extendantur,
936 787 1000 842 inde
1018 784 1113 856 rudga-
1139 784 1224 841 Hebr.
1246 794 1284 844 1³.
1314 790 1387 842 nihil
1407 790 1489 844 aliud
1507 792 1638 845 concludi
1652 809 1751 861 posse,
1771 812 1856 863 qrsum
1874 813 1971 848 sacru

281 872 340 921 turn
362 868 447 924 illud:
468 871 569 938 passio
594 870 701 925 Christi
720 874 846 942 profuit,
874 882 1024 943 antequam
1041 875 1113 941 fuit5
1138 881 1233 926 menta
1255 884 1347 928 vetera
1366 876 1439 930 idern
1453 877 1629 946 siqniricare,
1653 882 1731 948 quod
1750 888 1848 933 nostra
1865 883 1969 948 sipiriti-

282 964 308 1008 st
333 956 468 1026 beneficia
499 957 606 1012 Christi
628 959 721 1012 valent
745 968 802 1013 tarn
828 968 1001 1029 antrorsum,
1029 976 1112 1028 quarn
1138 967 1208 1026 cent,
1222 960 1352 1013 nimirum
1366 960 1515 1031 Christum,
1536 964 1663 1033 quierat
1682 966 1712 1018 in
1734 967 1764 1018 V.
1778 967 1809 1018 Τ.
1829 967 1921 1020 lutens
1938 970 1967 1020 in

281 1050 442 1096 retrorsum.
485 1042 562 1098 Sicut
592 1044 711 1101 creditor
735 1045 835 1117 aliquis
861 1047 999 1103 dimittere
1023 1051 1113 1116 potest
1138 1046 1238 1113 tianis
1257 1054 1284 1099 et
1298 1047 1453 1116 cosmiana
1472 1048 1527 1102 imo
1545 1067 1578 1102 ne
1595 1051 1646 1103 hoc
1664 1052 1775 1121 qssidem
1794 1070 1826 1105 ea
1845 1054 1896 1107 illo
1909 1055 1969 1108 loco

283 1128 434 1184 debitorem
453 1129 489 1185 ob
509 1131 672 1186 solutionem
691 1131 821 1201 futuram,
841 1150 924 1203 quam
943 1133 1112 1188 aliusbonse
1139 1131 1271 1184 concludi
1282 1150 1380 1202 posse,
1404 1152 1466 1187 eum
1492 1136 1637 1204 apostolus
1657 1138 1788 1206 loquatur
1808 1141 1842 1191 de
1854 1141 1924 1206 fide
1945 1149 1970 1192 at

282 1212 345 1270 fidei
378 1214 460 1271 horno
491 1217 578 1289 ipsius
609 1218 671 1274 loco
700 1219 866 1291 spopondit3
901 1219 941 1276 sic
971 1220 1048 1276 Deus
1083 1219 1113 1272 iu
1140 1220 1352 1288 nostrumnon
1365 1222 1401 1274 de
1415 1224 1598 1275 sacramentis
1610 1242 1646 1276 ac
1656 1224 1723 1276 uelit
1735 1225 1814 1276 credi
1829 1225 1970 1278 Christum

281 1299 314 1354 V.
333 1301 367 1358 T.
394 1304 572 1359 credentibus
595 1306 734 1360 remittere
758 1314 868 1377 poterat
893 1313 922 1363 st
939 1323 1002 1362 vere
1020 1305 1112 1361 remit·
1139 1321 1197 1356 csse
1212 1314 1362 1372 uaernum,
1375 1327 1430 1361 non
1442 1309 1632 1376 temporalem.
1654 1308 1873 1379 Respondemus:
1891 1312 1969 1366 Chri-

282 1387 358 1443 tebst
388 1397 566 1460 peccatorum
596 1392 690 1448 debita
726 1391 814 1464 iisque
846 1393 983 1464 justitiam
1010 1391 1113 1447 Christi
1139 1396 1197 1444 stus
1206 1390 1289 1470 lesus
1299 1401 1342 1447 est
1352 1392 1410 1449 heri
1426 1400 1454 1449 et
1465 1393 1554 1463 hodie,
1570 1411 1624 1448 non
1640 1396 1728 1448 solum
1738 1397 1843 1451 ratione
1852 1401 1969 1453 aeterni-

282 1474 440 1545 imputabat
464 1486 577 1549 propter
599 1479 719 1532 futuram
743 1477 935 1553 ἀπολύτρωσιν
954 1485 983 1535 et
1000 1479 1111 1535 solutio-
1139 1477 1371 1546 rameslenses
1385 1479 1491 1534 ratione
1504 1478 1708 1550 beneficiorum,
1722 1484 1834 1552 quaein
1846 1485 1930 1539 verbo
1943 1494 1970 1539 et

283 1560 393 1625 tionem,
414 1580 499 1634 quarn
519 1581 548 1618 sc
565 1565 761 1635 praestiturum
779 1566 867 1621 Filius
885 1565 940 1621 Dei
959 1565 1112 1638 recipiebat
1139 1565 1317 1619 sacramentis
1334 1572 1389 1619 tam
1403 1566 1430 1619 in
1443 1565 1477 1620 V.
1491 1583 1574 1637 quam
1587 1568 1621 1623 N.
1636 1566 1668 1620 T.
1682 1568 1839 1623 hominibus
1851 1569 1969 1625 offerun-

283 1653 310 1701 et
333 1665 406 1719 quae
431 1666 524 1704 coram
543 1651 604 1705 Deo
625 1652 683 1721 jam
711 1652 775 1708 inde
798 1653 834 1708 ab
854 1659 966 1709 aeterna
983 1669 1111 1724 praesen·
1138 1656 1184 1705 tur
1202 1657 1231 1707 et
1248 1653 1424 1709 credentibus
1442 1653 1633 1724 applicantur,
1659 1661 1691 1709 ut
1708 1663 1817 1711 constat
1834 1674 1867 1712 ex
1887 1658 1968 1713 dietis

283 1734 387 1790 tissima
410 1742 476 1791 erat.
517 1737 634 1802 Quando
660 1740 729 1809 justi
752 1739 786 1795 V.
812 1739 845 1793 Τ.
873 1741 1003 1796 dicuntur
1025 1742 1111 1797 credi·
1138 1739 1265 1809 superius
1276 1739 1411 1811 allegatis.
1433 1740 1525 1804 Quare
1534 1758 1596 1795 curn
1605 1757 1739 1812 organum
1750 1745 1914 1814 receptionis
1923 1744 1969 1801 be·

283 1821 354 1877 disse
376 1822 406 1876 iu
426 1823 554 1878 Messium
572 1831 732 1894 venturum,
758 1826 787 1881 id
812 1844 988 1900 nequaquam
1006 1829 1046 1884 sic
1071 1829 1111 1883 in·
1137 1824 1297 1879 neficiorum
1306 1826 1409 1881 Christi
1422 1844 1454 1882 ex
1464 1833 1542 1898 parte
1551 1835 1645 1882 nostra
1652 1828 1724 1882 idem
1734 1830 1771 1882 sit
1783 1830 1811 1884 in
1819 1830 1853 1885 V.
1860 1832 1927 1887 etN.
1935 1831 1968 1885 T.
1986 1839 2045 1879 V111·
2058 1836 2103 1879 Ἀ

282 1909 471 1981 telligendum,
491 1912 564 1982 quod
578 1917 686 1966 tantum
698 1913 959 1986 praefigurationem
971 1916 1109 1987 quandam
1138 1911 1269 1968 videlicet
1282 1913 1357 1976 tides,
1376 1913 1513 1984 quomodo
1525 1915 1620 1985 negari
1633 1921 1732 1985 potest,
1746 1914 1819 1970 idem
1831 1917 1913 1971 ctiam
1926 1935 1970 1973 or-

284 1996 388 2067 gratiae
407 1997 437 2051 in
459 1995 568 2052 Christo
588 1999 738 2069 promissae
756 2000 911 2071 habuerint,
929 2003 989 2058 fore
1008 2003 1112 2058 scilieet
1137 2014 1241 2070 ganum
1258 2000 1452 2071 applicationis
1471 2017 1530 2055 esse
1549 2018 1581 2055 ex
1599 2008 1679 2071 parte
1691 2001 1745 2055 Dei
1763 2001 1791 2055 in
1804 2003 1839 2059 V.
1852 2004 1922 2060 etN.
1937 2004 1969 2060 T.

285 2089 313 2136 ut
329 2089 395 2154 post
413 2091 510 2139 natum
525 2085 664 2140 Christum
683 2086 793 2141 demum
813 2089 903 2159 gratia
919 2088 1031 2144 daretur
1048 2090 1113 2159 illis,
1138 2085 1269 2140 videlicet
1286 2087 1401 2141 verbum
1420 2092 1449 2141 et
1461 2088 1655 2141 sacramenta?
1673 2088 1753 2144 Unus
1766 2095 1794 2142 et
1808 2088 1881 2144 idem
1894 2090 1971 2146 Chri-

286 2170 331 2241 qni
354 2178 420 2241 post
444 2179 660 2228 consummatam
683 2175 840 2245 passionom
859 2174 960 2231 christi
982 2177 1111 2233 credituri
1140 2177 1199 2226 stus
1226 2179 1269 2227 est
1292 2172 1322 2226 in
1350 2174 1435 2228 verbo
1462 2173 1649 2244 promissionis
1676 2179 1705 2227 ct
1729 2177 1908 2230 sacramentis
1932 2177 1972 2231 illi

286 2264 388 2324 essent,
406 2258 455 2313 sed
473 2261 547 2331 quad
568 2259 678 2330 ipsimet
694 2261 831 2318 credendo
850 2263 877 2316 in
895 2262 1033 2318 Christum
1051 2282 1113 2335 pro·
1142 2258 1256 2313 annexis
1273 2266 1330 2313 tam
1348 2259 1376 2313 in
1394 2258 1429 2315 V.
1450 2276 1533 2329 quam
1552 2259 1586 2314 N.
1605 2258 1637 2313 Τ.
1656 2260 1831 2314 credentibus
1849 2265 1972 2333 proposi-

287 2343 396 2399 missum
425 2360 489 2401 rere
507 2352 534 2401 et
553 2351 619 2400 actu
636 2347 784 2419 participes
804 2348 872 2403 facti
889 2350 997 2421 gratiae
1014 2348 1067 2405 Dei
1087 2356 1115 2406 et
1142 2350 1193 2399 tus.
1233 2344 1297 2402 Una
1315 2351 1357 2401 est
1373 2351 1457 2416 atque
1477 2345 1573 2399 eadem
1594 2338 1678 2412 fides,
1702 2361 1773 2416 qnae
1797 2354 1825 2402 et
1843 2346 1871 2400 in
1889 2348 1972 2404 verbo

286 2428 479 2486 beneficiorum
497 2431 613 2502 Christi,
638 2433 712 2505 quod
730 2433 831 2489 virtute
851 2435 961 2491 futurae
979 2438 1114 2509 passionis
1141 2431 1331 2502 promissionis
1355 2432 1434 2487 etin
1458 2431 1635 2486 sacramentis
1662 2432 1838 2501 promissioni
1866 2436 1973 2505 gratiae

286 2516 385 2572 Christi
414 2519 497 2573 etiarn
520 2519 555 2576 V.
574 2519 607 2574 T.
635 2527 758 2592 tempore
782 2522 848 2576 data
869 2522 936 2593 ipsis
958 2522 994 2577 sit
1017 2524 1114 2596 gratia,
1141 2526 1198 2573 tam
1223 2519 1252 2573 in
1278 2519 1313 2574 V.
1341 2535 1424 2591 quam
1449 2518 1483 2575 N.
1502 2518 1535 2574 T.
1564 2519 1677 2572 annexis
1704 2519 1819 2574 candem
1846 2523 1972 2594 gratiam,

287 2604 421 2676 siquidem
448 2605 539 2676 passio
566 2606 668 2661 Christi
695 2614 723 2663 et
753 2609 879 2664 meritum
906 2609 976 2664 illud
1001 2615 1115 2682 propter
1141 2605 1285 2676 justitiam,
1304 2604 1490 2659 remissionem
1508 2611 1691 2675 pcccatorum,
1709 2607 1827 2661 salutem
1848 2608 1971 2663 civitam

286 2691 357 2762 quod
379 2709 439 2746 non
463 2692 552 2747 solum
574 2694 603 2747 in
621 2695 655 2750 N.
675 2695 707 2749 T.
735 2695 817 2750 datur
835 2697 940 2768 gratia,
963 2698 1012 2753 sed
1032 2699 1114 2754 etiam
1141 2698 1282 2747 aeternum
1306 2690 1462 2763 quaeritet
1481 2689 1591 2761 accipit.
1629 2690 1780 2748 Obvertere
1800 2701 1892 2749 autern
1910 2695 1973 2764 quis

283 2778 337 2846 jam
356 2777 424 2833 olim
439 2779 467 2833 in
479 2779 513 2835 V.
527 2779 559 2836 T.
578 2781 754 2836 credentibus
770 2781 825 2836 fuit
843 2781 917 2837 data.
956 2782 1114 2839 Adventum
1140 2785 1246 2850 posset:
1265 2779 1368 2833 Patres
1391 2778 1419 2831 V.
1442 2778 1472 2830 T.
1486 2784 1549 2830 ante
1567 2778 1768 2832 institutionem
1786 2783 1972 2836 ciraancisio·

287 2871 312 2919 et
334 2865 494 2937 passionem
515 2866 615 2922 Christi
640 2867 819 2922 crediderunt
842 2868 950 2932 future,
978 2871 1027 2924 sed
1052 2888 1113 2942 gro·
1140 2866 1185 2919 nis
1209 2865 1290 2918 nutes
1313 2865 1470 2918 babuerunt
1491 2872 1676 2919 sacramenta.
1715 2868 1792 2932 Erqo
1815 2884 1834 2918 a
1852 2869 1972 2935 promis·

286 2951 348 3006 tiam
359 2951 416 3008 Dei
436 2957 464 3008 et
482 2952 617 3008 beneficia
632 2954 768 3009 adrentus
788 2971 821 3009 ac
839 2955 975 3026 passionis
990 2954 1046 3011 fide
1058 2974 1114 3011 em·
1140 2954 1217 3006 done
1240 2953 1351 3020 qratioe
1376 2955 1417 3005 ud
1439 2961 1615 3006 sacramenta
1634 2971 1689 3006 raon
1702 2954 1808 3021 polerit
1826 2973 1972 3024 arqunscn-

287 3037 355 3108 plexi
379 3045 447 3094 suut
466 3039 631 3111 praesentis.
671 3040 714 3095 De
740 3042 921 3097 antecedente
943 3042 1030 3114 igitur
1054 3044 1114 3098 nnl-
1141 3047 1198 3092 tum
1230 3040 1302 3094 dinei.
1350 3038 1574 3109 Respondemus:
1606 3038 1754 3094 Deiectum
1781 3041 1858 3094 illum
1883 3060 1973 3097 sacra-

287 3124 338 3179 lum
364 3130 461 3198 potest
482 3143 541 3181 esse
568 3127 696 3196 dubium,
722 3128 854 3182 connexio
871 3129 1004 3198 probatur
1022 3147 1056 3186 ex
1074 3147 1114 3200 eo,
1141 3132 1295 3181 mentorum
1315 3126 1515 3196 suppleverunt
1540 3125 1655 3191 (radone
1677 3125 1750 3179 illius
1769 3125 1845 3195 finis,
1865 3128 1973 3200 dequo

287 3212 357 3283 qnod
376 3220 551 3268 sacramenta
572 3213 641 3267 nihil
659 3212 735 3268 aliud
756 3215 826 3282 sint,
846 3233 930 3288 quom
949 3216 1034 3273 verbs
1052 3217 1115 3273 visi·
1137 3212 1197 3281 jam
1221 3211 1344 3283 ammas.
1370 3211 1423 3283 qui·
1434 3218 1476 3267 est
1495 3211 1666 3267 confirmatio
1684 3211 1759 3278 fidei)
1779 3213 1914 3269 sacrificis
1933 3216 1973 3269 di·

286 3297 365 3370 bilis;
384 3300 454 3356 ritus
472 3302 575 3356 externi
594 3302 766 3373 promissioni
785 3303 891 3374 gratiae
906 3304 1009 3375 additi;
1026 3306 1115 3378 signs,
1141 3298 1243 3353 vinitus
1267 3298 1395 3354 instituta
1418 3304 1446 3353 et
1464 3299 1525 3369 jam
1550 3299 1616 3353 inde
1640 3299 1676 3354 ab
1700 3299 1807 3371 origine
1833 3302 1928 3356 muudi
1945 3303 1973 3357 in

286 3387 384 3458 qubus
411 3387 558 3458 promissio
584 3389 691 3460 gratiae
717 3388 803 3445 veluti
830 3390 951 3444 vestitur.
990 3390 1018 3447 Si
1049 3409 1115 3464 ergo
1141 3386 1259 3442 ecclesia
1287 3391 1397 3458 patrum
1427 3385 1537 3440 usitata.
1578 3385 1729 3457 Gregorius
1757 3387 1805 3441 lib.
1830 3394 1853 3444 l.
1878 3390 1973 3444 moral.

286 3473 452 3542 conceditur,
471 3492 522 3546 per
540 3474 656 3530 verbum
674 3476 862 3547 promissionis
882 3477 910 3530 in
927 3476 961 3535 V.
976 3478 1008 3534 T.
1022 3478 1116 3534 oblata
1142 3491 1165 3528 c.
1184 3479 1214 3529 2:
1235 3474 1316 3537 Quod
1332 3475 1414 3542 apud
1430 3491 1480 3525 nos
1500 3473 1666 3541 baptismus,
1692 3474 1743 3527 hoc
1761 3475 1816 3542 epit
1833 3478 1914 3543 apud
1931 3494 1973 3529 oe·

286 3565 311 3614 et
322 3559 448 3615 exhibite
460 3560 545 3618 fuisse
559 3580 576 3617 a
590 3560 651 3617 Deo
671 3563 847 3619 credentibus
865 3565 983 3636 gratim
999 3570 1028 3620 et
1043 3565 1114 3621 solu·
1141 3569 1214 3615 teres
1232 3561 1277 3614 vel
1289 3577 1345 3630 pra
1361 3560 1493 3630 paruulis
1510 3559 1573 3612 sola
1584 3559 1676 3626 sides,
1693 3559 1737 3613 uel
1750 3578 1806 3629 pro
1821 3563 1975 3631 nsaJ'oribns

287 3653 347 3718 tem,
369 3649 508 3720 quomodo
526 3651 704 3706 sacramentis
723 3650 792 3706 illud
810 3651 895 3705 adimi
913 3658 1019 3724 potest,
1043 3670 1115 3725 quae
1142 3649 1230 3701 virtue
1252 3647 1397 3717 ⁸⁰0r2'fi01‘1'·
1432 3646 1606 3718 Auguffiffl
1627 3651 1666 3702 15·
1691 3646 1726 3701 de
1743 3647 1794 3701 eil·
1811 3648 1866 3704 Dei
1884 3666 1908 3705 0·
1933 3657 1972 3706 lb·

286 3733 351 3789 nihil
370 3735 448 3790 aliud
467 3742 544 3806 snut,
570 3754 653 3808 quam
671 3738 756 3793 rerba
775 3737 914 3792 risibilia?
938 3755 1001 3795 curn
1018 3741 1115 3801 ,eadem
1143 3735 1216 3790 circa
1243 3733 1339 3789 finem:
1375 3735 1471 3786 Utrum
1501 3733 1620 3801 aliquod
1649 3735 1751 3802 fuerit,
1781 3735 1824 3788 rel
1855 3737 1882 3790 si
1906 3739 1974 3809 fuit,

287 3822 320 3878 sit
347 3822 420 3878 ratio
452 3829 480 3878 et
509 3823 580 3879 idem
613 3842 680 3879 usus
710 3824 786 3880 verbi
818 3831 846 3880 et
873 3833 1116 3886 sacramentorum.
1143 3824 1226 3894 quale
1244 3823 1335 3886 fuerit
1354 3821 1503 3890 corporale
1522 3829 1605 3889 atque
1624 3820 1734 3875 visibile
1754 3825 1975 3901 renumerationis

287 3907 405 3966 &edem
433 3926 532 3966 causae
559 3910 739 3967 institutionis
767 3917 999 3967 sacramentorum
1027 3914 1056 3968 in
1082 3914 1116 3973 V.
1142 3912 1251 3979 sianrm
1278 3917 1342 3963 ante
1370 3909 1522 3977 dianium,
1546 3909 1617 3961 sicut
1641 3909 1774 3962 Abrahae
1800 3911 1974 3967 circumcisio

288 3997 357 4054 etN.
372 3996 405 4053 T.
427 3996 517 4051 locum
535 3997 669 4064 obtinent,
688 3998 866 4071 benignitatis
887 4000 992 4056 scilicet
1008 4000 1117 4058 divinae
1143 4006 1182 4051 est
1198 3998 1346 4068 imperatu,
1364 4013 1449 4049 saera
1461 3994 1582 4048 historia
1593 4001 1674 4059 tacet,
1693 3995 1868 4065 soenfleasse
1883 4006 1974 4052 tamon

288 4084 484 4142 demonstratio
502 4092 531 4140 et
546 4084 611 4140 fidei
630 4085 808 4142 confirmatio.
844 4086 913 4143 Tam
932 4087 961 4141 in
979 4087 1014 4145 V.
1033 4106 1116 4160 quam
1143 4084 1313 4140 Decetiam
1338 4082 1405 4136 illas
1432 4080 1642 4150 antiquissimos
1665 4081 1789 4135 homines
1813 4101 1868 4137 non
1891 4093 1974 4151 tacet,

287 4170 317 4230 N.
334 4173 367 4228 T.
393 4172 485 4229 locum
509 4171 594 4228 babet
619 4172 687 4227 illud
705 4173 894 4244 Chrysostomi
919 4174 990 4232 hom.
1012 4182 1053 4232 63.
1080 4180 1116 4234 sd
1143 4175 1221 4245 quod
1236 4179 1263 4225 et
1282 4171 1313 4223 in
1331 4167 1439 4224 duabsu
1453 4167 1558 4237 primis
1567 4168 1715 4236 fratribus
1734 4169 1846 4240 claruit,
1867 4181 1892 4225 et
1911 4175 1974 4229 Nor

287 4277 347 4332 pop.
366 4259 514 4316 Anuocn:
535 4260 570 4314 Si
587 4260 768 4331 incorporeus
789 4278 869 4329 esses,
888 4262 963 4316 nude
983 4264 1035 4318 libi
1052 4265 1117 4337 ipm
1140 4269 1207 4331 posi
1229 4259 1380 4322 diluvium,
1406 4274 1468 4311 cvm
1495 4256 1530 4307 ‘10
1550 4272 1620 4307 ma
1635 4255 1740 4321 sumti
1759 4273 1901 4328 termut,
1927 4261 1975 4316 bo·

287 4350 360 4403 dona
382 4349 553 4418 incorporea
576 4349 656 4401 Deus
682 4349 862 4412 tradidisset,
894 4350 1026 4417 quonium
1051 4369 1116 4408 sero
1144 4349 1215 4402 stiae
1246 4349 1309 4401 Deo
1340 4344 1497 4399 immolasse
1525 4342 1634 4411 lepitur.
1681 4342 1813 4407 Quamvis
1844 4344 1917 4400 enim
1947 4347 1976 4403 in

286 4436 436 4505 conjuncta
455 4442 494 4488 est
512 4435 627 4503 corpori
643 4435 738 4487 anirnu
758 4441 814 4497 tua,
834 4435 864 4488 in
883 4436 1059 4492 sensibilibus
1075 4441 1116 4494 in·
1144 4434 1284 4492 sacrificiis
1302 4433 1363 4488 Deo
1387 4430 1492 4503 aliquid
1511 4428 1547 4485 ab
1565 4429 1722 4484 hominibus
1739 4429 1824 4486 fuerit
1841 4433 1975 4502 oblatum,

285 4523 440 4592 tellipendu
459 4521 512 4574 tibi
527 4524 688 4575 traduntur.
718 4519 891 4592 Augustinus
910 4521 949 4577 lib
965 4529 1004 4579 19.
1022 4531 1116 4581 conns
1145 4538 1199 4596 quo
1212 4526 1340 4593 respectu
1351 4535 1368 4573 a
1380 4517 1558 4573 sacramentis
1570 4515 1723 4571 formaliter
1734 4516 1875 4588 differunt,
1885 4526 1977 4576 tamen

286 4607 379 4664 Faust.
404 4626 428 4663 c.
452 4613 497 4664 te:
537 4609 571 4664 Si
596 4609 693 4662 eadem
717 4624 763 4660 res
788 4607 872 4660 alite'r
890 4610 1051 4663 enuntiatur
1068 4612 1117 4679 fa·
1145 4612 1211 4684 quis
1232 4607 1354 4663 vicissim
1380 4603 1565 4661 mediantibus
1590 4602 1645 4657 illis
1670 4602 1812 4659 sacrifieiis
1830 4605 1907 4661 Deus
1926 4607 1975 4661 sli-

285 4697 403 4766 ciendu,
435 4703 466 4749 ut
493 4697 528 4750 de
551 4694 661 4748 Chrsalo
686 4712 823 4764 passuro,
849 4703 1039 4751 resurrecturo
1065 4705 1117 4754 stc.
1145 4697 1211 4770 quid
1233 4695 1319 4749 dabat
1336 4691 1510 4761 hominibus,
1526 4690 1577 4745 hoc
1596 4694 1638 4744 est
1657 4707 1708 4744 sua
1724 4690 1884 4746 conserebat
1902 4693 1976 4747 dona

284 4785 369 4838 aliter
394 4783 556 4837 enuntiatur
580 4782 673 4846 facta,
697 4789 727 4835 ut
750 4783 786 4834 de
814 4779 924 4835 Christo
945 4800 1048 4852 passo,
1074 4802 1117 4840 re·
1144 4790 1173 4840 et
1195 4783 1283 4848 bonu,
1309 4786 1337 4836 et
1362 4780 1390 4835 in
1407 4779 1532 4834 futurum
1550 4775 1716 4833 sacrificium
1734 4773 1852 4833 Messias
1870 4785 1976 4834 mentes

282 4873 419 4926 matulo
451 4874 504 4925 etc.
531 4869 602 4938 quid
626 4869 742 4938 mirum,
771 4869 797 4921 si
827 4867 895 4922 aliis
925 4871 1117 4938 mysteriorum
1143 4870 1267 4926 fidelium
1284 4875 1461 4937 convertens,
1479 4866 1562 4922 fidem
1581 4883 1676 4922 eorum
1698 4863 1894 4932 confirmabat,
1913 4867 1976 4921 idco

283 4956 440 5028 &quamdis
462 4957 563 5026 passio
583 4963 609 5008 et
625 4954 791 5008 resurrectio
813 4954 919 5009 Christi
927 4957 1034 5024 fertura
1048 4977 1117 5028 pro·
1143 4974 1200 5012 non
1225 4958 1276 5013 abs
1295 4972 1337 5026 re,
1365 4956 1418 5011 hoc
1446 4954 1557 5028 quidem
1574 4959 1717 5025 respectu,
1745 4959 1977 5008 sacramentorum

282 5047 371 5100 missa
398 5050 456 5112 est,
478 5040 545 5095 aliis
564 5042 628 5110 jum
649 5042 733 5107 facta
752 5042 934 5095 enuntiatur!
955 5043 1026 5113 qnid
1045 5046 1117 5099 enirn
1143 5043 1205 5100 vice
1229 5044 1360 5099 defuncta
1384 5057 1444 5096 esse
1468 5039 1617 5104 sacrificia,
1643 5040 1862 5112 pronuntiamus.
1903 5037 1976 5095 Vide

283 5140 348 5186 arsut
382 5130 468 5185 uliud
497 5146 621 5199 quaeque
647 5129 811 5198 corporalia
842 5139 1031 5201 sacramenta,
1062 5133 1118 5187 nisi
1144 5131 1180 5189 D.
1193 5127 1298 5184 Hunnii
1311 5134 1461 5184 tractatum
1472 5127 1507 5183 de
1521 5126 1677 5182 sacramin
1690 5143 1791 5199 genero
1803 5143 1826 5180 c.
1842 5132 1862 5180 1.
1876 5131 1940 5181 tom.
1955 5131 1976 5180 1.

283 5219 427 5291 φιαιᾱαιιι
447 5218 529 5286 qnasi
546 5216 627 5269 verbu
647 5216 773 5269 visibilia
793 5221 996 5272 sacrosancta?
1015 5219 1117 5276 Luthe·
1144 5218 1196 5273 c'ol.
1218 5221 1277 5274 982.
1311 5216 1498 5271 Accesserunt
1526 5213 1638 5285 insuper
1664 5212 1776 5267 crebrae
1805 5211 1922 5266 visiones
1951 5216 1979 5265 et

282 5321 333 5362 rus
363 5311 429 5361 totu.
456 5309 478 5358 1.
506 5302 533 5356 in
557 5301 658 5357 Genea.
683 5319 710 5373 p.
738 5308 785 5358 42:
812 5303 875 5358 Hoc
902 5322 995 5359 omnes
1018 5325 1118 5362 sacrae
1145 5302 1333 5376 apparitiones
1365 5302 1491 5370 divinae,
1524 5299 1626 5372 quibus
1657 5298 1876 5372 patriarcharum
1910 5297 1979 5354 fides

284 5393 423 5447 dietarios
453 5389 645 5460 comprobant,
674 5391 751 5458 qseod
780 5390 938 5445 misericors
961 5393 1042 5446 Deus
1064 5412 1124 5463 per·
1145 5390 1242 5447 itidem
1268 5404 1327 5450 acu
1348 5389 1522 5445 mediocriter
1546 5387 1601 5442 fuit
1629 5385 1798 5442 confirmata.
1843 5385 1882 5441 Ut
1908 5385 1980 5441 euim

285 5477 562 5550 superabundantem
588 5475 709 5546 qratiam
737 5494 818 5530 snum
834 5495 942 5548 senrper
961 5480 1041 5546 iusta
1061 5498 1119 5534 oer-
1147 5476 1283 5534 sacrificia
1308 5475 1401 5531 modis
1425 5483 1453 5531 et
1472 5475 1622 5547 passionis·
1648 5473 1688 5527 ita
1707 5471 1897 5544 apparitiones
1915 5471 1980 5527 illae

286 5570 349 5622 bum
375 5564 518 5621 constitnit
544 5563 663 5634 aliquod
684 5571 823 5617 externum
842 5573 901 5618 et
886 5565 995 5620 risibile
1012 5567 1121 5637 eiqnum
1148 5561 1345 5620 incarnationis
1365 5561 1429 5618 Filii
1447 5562 1500 5618 Dei
1520 5560 1646 5633 symbola
1661 5560 1783 5614 fuerunt
1991 5611 2012 5654 ²
2016 5612 2115 5654 cm

286 5673 355 5710 suae
372 5653 493 5724 qratiae,
510 5659 540 5704 ut
557 5651 681 5706 homines
701 5659 812 5707 erte-rna
830 5653 910 5722 siquo
928 5657 954 5705 et
973 5670 1056 5720 opere
1071 5670 1122 5707 ceu
1184 5653 1224 5706 65.
1260 5648 1467 5704 Circumcisioni
1486 5647 1619 5702 divinitus
1639 5646 1781 5701 institutae
1801 5661 1908 5699 annexa
1927 5644 1982 5700 fuit
1994 5664 2079 5706 sistent

221 5737 264 5789 >⁸¹⁰
286 5747 466 5798 sacramento
482 5738 621 5793 admondi
636 5737 736 5792 certius
749 5739 899 5802 crederent,
920 5738 1011 5792 Deum
1022 5740 1123 5805 fauere
1149 5735 1293 5810 promissio
1318 5736 1437 5808 gratiae:
1471 5738 1531 5789 Ero
1557 5737 1636 5787 Deus
1661 5742 1724 5786 tuns
1751 5742 1776 5787 et
1799 5733 1912 5786 semissis
1941 5716 2109 5816 tuifflfaq

288 5840 315 5885 et
334 5827 543 5884 misaicordem
563 5842 629 5880 esse.
664 5824 848 5880 Bellerminus
866 5824 917 5880 hoc
929 5833 1122 5897 argumentum
1146 5833 1211 5895 pou
1239 5827 1277 5888 tc,
1311 5820 1411 5880 (denes.
1443 5829 1486 5890 11,
1516 5840 1540 5875 r.
1575 5828 1597 5875 t.
1632 5816 1707 5893 Ergo
1733 5819 1904 5876 circumcisio
1929 5817 1984 5874 fuit
1997 5818 2077 5859 ΝΜ

1996 5870 2091 5921 ertum·

343 5923 445 5966 uernum
459 5921 507 5964 loci
536 5923 1648 5979 lV.12
