4800 6659
984 641 1036 698 DE
1055 640 1328 701 adonaisama.
1945 647 2003 705 133

290 796 390 854 aione
409 804 545 867 occurrat,
562 798 674 870 proprie
690 805 783 854 tamen
802 804 830 855 et
848 797 978 870 specifice
997 816 1052 854 non
1069 817 1147 854 usur·
1174 799 1282 853 actions
1301 798 1434 853 divinitus
1455 796 1593 863 instituta,
1619 793 1649 850 in
1672 812 1730 867 qua
1748 812 1799 866 per
1817 800 1960 850 externum
1978 799 2006 850 st

293 892 396 951 patur
421 883 457 939 de
479 886 598 939 externis
616 885 671 939 illis
692 902 724 939 ac
743 885 899 942 visibilibus
919 886 1064 941 invisibilis
1084 904 1147 959 gra·
1172 885 1283 940 visibile
1309 886 1419 956 signum
1446 885 1604 955 applicatur
1628 890 1656 937 et
1678 883 1841 953 obsignatur
1860 879 2005 952 promissio

293 970 367 1025 tiae
381 971 485 1042 signis,
505 972 539 1026 de
557 972 659 1043 quibus
677 971 728 1027 hoc
747 973 807 1028 loco
828 974 950 1045 agimus,
978 974 1026 1027 scd
1047 974 1146 1027 ascri·
1172 971 1310 1042 evangelii
1329 970 1454 1041 propria3
1474 986 1529 1041 quo
1548 987 1629 1024 sensu
1647 969 1701 1022 duo
1719 974 1828 1022 tantum
1846 966 1881 1023 N.
1902 967 1935 1023 Τ.
1954 983 2004 1021 ιιιι·

296 1057 439 1125 ptoribus
465 1056 659 1113 ecclesiasticis
684 1059 721 1111 ad
749 1075 782 1113 ea
807 1061 918 1115 demum
945 1061 1079 1114 translata
1098 1065 1147 1125 est,
1172 1064 1313 1110 merantur
1338 1062 1526 1124 sacramenta,
1552 1054 1704 1125 baptismus
1728 1064 1757 1108 st
1778 1070 1865 1109 coena
1882 1052 2003 1108 Domini.

299 1142 545 1211 quemadmodum
574 1149 603 1197 et
633 1160 686 1198 vox
719 1152 871 1219 μυστηρίου
903 1162 920 1199 a
950 1146 1147 1215 superstitiosis
1172 1141 1347 1213 Augustinus
1367 1143 1413 1198 lib.
1433 1147 1456 1196 3.
1476 1142 1511 1196 ds
1531 1141 1616 1195 doctr.
1635 1140 1735 1195 Christ.
1753 1157 1776 1194 c.
1791 1147 1819 1196 9:
1839 1141 1939 1194 Pauca
1949 1155 2004 1209 pro

297 1226 485 1282 Graecorum
513 1228 613 1283 ritibus
640 1231 675 1284 ad
703 1231 841 1286 meliorem
868 1248 949 1285 usum
975 1232 1004 1285 in
1031 1231 1147 1286 ecclesia
1172 1230 1266 1283 miultis
1290 1245 1377 1297 eaque
1397 1231 1484 1296 factu
1495 1229 1645 1295 facillima
1664 1236 1689 1280 et
1709 1228 1848 1281 intellectu
1867 1226 2004 1293 anquene

299 1315 521 1370 accommodata
536 1332 577 1384 =ac
600 1316 685 1372 ueluti
706 1318 770 1386 jure
795 1317 914 1372 civitatis
932 1335 1027 1374 sacras
1045 1319 1147 1374 donata
1171 1317 1244 1368 ama
1271 1324 1296 1367 ot
1323 1315 1513 1368 observatione
1541 1315 1698 1381 cmtnsima
1726 1315 1786 1382 ipat
1810 1313 1950 1366 Dominus
1977 1318 2005 1365 oi

301 1408 360 1455 est
401 1402 484 1456 Absit
502 1385 592 1470 enlm,
619 1409 650 1456 ut
668 1402 833 1458 Carolstadii
852 1421 970 1460 errorem
989 1404 1146 1474 probemus,
1172 1402 1330 1470 apostolica
1360 1401 1485 1454 tradidit
1514 1400 1683 1468 disciplina,
1714 1400 1785 1452 mcvi
1810 1406 1850 1451 αἱ
1874 1395 2006 1466 balim

304 1488 358 1556 qui
376 1488 544 1542 sacramenti
562 1487 784 1558 appellationem,
801 1507 863 1544 cum
881 1490 916 1544 sit
928 1488 1063 1563 ἄγραφος,
1082 1492 1145 1545 sim·
1171 1496 1375 1541 casamentum
1393 1496 1420 1539 et
1436 1488 1585 1540 celebratio
1603 1487 1730 1555 corporis
1744 1494 1769 1537 et
1782 1485 1928 1552 sanquinis
1944 1484 2003 1536 Do·

303 1569 422 1639 pliciter
451 1575 582 1642 rejectam
615 1574 719 1639 voluit,
754 1592 835 1645 quem
868 1576 1016 1647 diligenter
1045 1577 1147 1631 refellit
1171 1575 1248 1630 mini.
1289 1574 1322 1627 ln
1354 1575 1417 1642 jure
1451 1573 1583 1627 canonico
1619 1577 1770 1642 usurpatur
1803 1576 2003 1623 sacramentum

305 1655 344 1709 D.
368 1657 509 1713 Lutberus
535 1660 564 1713 in
585 1660 634 1715 lib.
660 1671 757 1715 contra
780 1663 848 1717 coel.
871 1663 968 1733 proph.
1003 1663 1144 1717 Bellarmi·
1172 1668 1193 1716 i.
1218 1661 1274 1716 Pro
1294 1662 1461 1730 juramento
1486 1677 1510 1716 c.
1555 1660 1610 1723 Qui
1634 1663 1808 1714 sacramento
1832 1663 1872 1712 22.
1904 1673 1948 1728 qu.
1977 1661 2002 1712 4.

305 1760 362 1796 nus
391 1742 441 1797 lib.
466 1751 488 1799 t.
517 1744 553 1800 de
581 1761 695 1801 sacram.
727 1765 786 1817 cap.
815 1755 838 1804 i.
870 1750 989 1819 probare
1020 1756 1143 1817 conatur,
1170 1752 1192 1799 2.
1215 1744 1248 1800 In
1269 1762 1371 1818 genere
1395 1762 1445 1817 pro
1463 1747 1607 1813 mysteria,
1630 1762 1729 1815 nempe
1747 1760 1826 1799 sacro
1844 1749 1957 1797 secreto.
1976 1757 1999 1796 c.

306 1826 465 1882 Lutberum
484 1830 561 1884 initio
580 1830 618 1884 ab
637 1830 688 1886 hoc
705 1833 816 1887 nomine
833 1834 1016 1903 abhorruisse,
1035 1853 1098 1889 cum
1115 1836 1143 1889 in
1168 1831 1258 1886 Multi.
1287 1841 1308 1887 l.
1339 1850 1384 1903 qu.
1411 1839 1433 1887 l.
1478 1836 1502 1886 3.
1527 1832 1582 1886 Pro
1611 1833 1691 1900 aqna
1720 1831 1826 1884 visibili
1854 1827 2003 1881 insesibilis
2110 1892 2112 1896 y

306 1914 356 1970 lib.
381 1915 416 1970 de
447 1921 519 1986 capt.
541 1916 678 1988 Babylon.
707 1936 730 1972 c.
759 1919 793 1973 dc
816 1921 934 1974 matrim.
960 1926 1081 1991 statuat,
1113 1924 1142 1975 in
1168 1921 1280 1987 prutina
1298 1937 1321 1972 c.
1344 1917 1509 1973 sacrificium
1528 1918 1564 1971 ds
1583 1923 1734 1972 consecrat.
1752 1917 1815 1970 dist.
1835 1920 1859 1970 2.

309 2000 463 2069 Scriptura
480 2021 537 2057 nan
554 2003 652 2057 baberi
671 2022 769 2058 nanzeu
788 2009 960 2060 sacramenti
971 2009 1001 2060 in
1014 2026 1046 2060 aa
1057 2011 1143 2078 sipni-
1204 2012 1227 2059 7.
1255 2005 1373 2069 Primus,
1395 2005 1442 2076 qui
1461 2003 1677 2076 appellationem
1694 2003 1858 2057 sacrmenti
1872 2001 2080 2073 adsignemus

306 2090 452 2153 nicotiana,
479 2107 535 2158 qua
555 2092 600 2145 bic
621 2101 793 2161 usrrrpntnr,
821 2095 899 2163 atqui
924 2102 1072 2166 utrumque
1097 2115 1141 2152 ve·
1168 2092 1276 2162 gratiae
1306 2091 1439 2145 divinitus
1469 2091 1596 2144 instituta
1625 2089 1858 2152 accommodavit,
1892 2088 2002 2142 videtur
2012 2062 2117 2156 iffi*

306 2192 377 2235 rum,
398 2180 547 2246 utrumque
566 2193 583 2229 a
601 2176 909 2249 Lutberoacceptatur3
928 2181 1053 2251 quamvis
1069 2182 1139 2236 enim
1167 2178 1254 2232 fuisse
1272 2176 1473 2245 Tertullianus,
1492 2176 1540 2247 qui
1560 2177 1596 2230 ad
1618 2182 1754 2245 martyres
1772 2176 1806 2230 de
1826 2174 2001 2229 abrenuntia·

306 2277 408 2314 nomen
427 2262 590 2317 sacramenti
609 2281 664 2317 non
676 2264 853 2342 habeaturin
870 2266 1029 2337 Scripturis,
1047 2275 1140 2323 tamen
1168 2265 1250 2327 bons,
1270 2281 1341 2336 quae
1356 2264 1389 2316 fit
1406 2264 1435 2316 in
1452 2263 1599 2333 baptismo,
1617 2268 1646 2316 st
1665 2263 1700 2317 ds
1717 2262 1830 2333 reliquis
1848 2262 1999 2331 interroga·

306 2364 350 2401 res
367 2347 430 2417 ipsa
451 2348 503 2403 hoc
525 2349 635 2405 nomine
659 2350 792 2405 denotata
809 2352 837 2405 in
858 2353 896 2407 eis
914 2354 1038 2408 habetur.
1075 2356 1141 2409 Alia
1166 2350 1289 2405 tionibus
1312 2350 1416 2421 inquit:
1450 2350 1547 2403 Vocati
1570 2349 1611 2401 ad
1634 2349 1766 2402 militiam
1784 2349 1814 2400 in
1831 2347 2002 2400 sacramenti

305 2433 378 2487 ratio
401 2440 443 2488 est
468 2436 661 2505 appellationis
680 2437 824 2503 sacrificii,
856 2441 936 2509 cnjus
962 2458 1014 2495 nes
1032 2458 1139 2510 nomen,
1166 2438 1251 2489 verba
1278 2436 1473 2505 respondimus
1497 2434 1545 2490 lib.
1573 2434 1608 2488 de
1632 2450 1735 2488 corona
1758 2433 1861 2488 militis.
1900 2432 1999 2486 creat

305 2536 357 2574 nse
374 2538 419 2575 res
437 2520 495 2575 sive
512 2523 625 2592 propria
643 2525 777 2595 requisita
794 2542 889 2581 sacrae
908 2542 1009 2582 coenae
1027 2527 1138 2583 inScri·
1168 2540 1277 2591 mione,
1317 2524 1467 2576 humanum
1494 2528 1697 2574 casamentum
1727 2521 1823 2573 diuino
1850 2520 2002 2588 superduci

307 2607 397 2676 pturis
423 2607 590 2664 tribuuntur.
627 2608 740 2664 Rectius
759 2610 871 2666 fecisset
890 2612 1089 2681 Bellarminus,
1116 2613 1139 2667 si
1167 2609 1254 2661 licere
1274 2616 1299 2661 ct
1316 2610 1345 2660 in
1366 2609 1454 2660 alium
1472 2608 1625 2659 Dominum
1646 2608 1815 2676 respondere
1834 2613 1901 2674 post
1920 2604 1998 2658 Chri·

307 2692 417 2764 Cinglio
442 2692 680 2750 Carolstadianam
706 2697 789 2767 hujus
809 2698 937 2753 vocabuli
963 2702 1139 2770 rejectionem
1168 2697 1263 2748 otum!
1291 2694 1341 2749 ubi
1359 2693 1460 2748 alludit
1477 2694 1514 2746 ad
1533 2694 1680 2747 militarem
1699 2692 1783 2762 hujus
1801 2692 1877 2745 vocis
1896 2688 2000 2762 signifi·

306 2779 514 2850 adsumpsisset,
532 2779 555 2833 is
574 2781 646 2835 enim
666 2782 695 2835 in
713 2783 761 2838 lib.
782 2783 816 2839 de
835 2802 902 2839 vera
918 2786 1050 2857 religione
1066 2805 1094 2857 p.
1115 2793 1140 2842 2.
1167 2780 1312 2835 tationem·
1350 2780 1588 2844 Quemadmodum
1607 2778 1681 2833 euim
1698 2777 1798 2832 milites
1812 2777 1900 2847 jurati
1913 2778 1999 2848 impe·

307 2881 421 2935 operum
448 2882 513 2937 pag.
535 2873 591 2923 197.
615 2868 655 2922 sic
672 2868 781 2924 scribit:
813 2869 911 2923 Vocem
938 2872 1020 2924 satam
1044 2891 1140 2927 naara-
1167 2867 1251 2921 ratori
1279 2867 1414 2921 exercitus
1441 2864 1524 2921 fidem
1552 2873 1581 2921 et
1606 2865 1791 2920 obedientiam
1815 2865 1932 2932 debent3
1960 2864 2001 2920 ita

307 2954 393 3004 menti
421 2970 592 3022 mapnopere
616 2955 727 3023 cupiam
751 2956 902 3009 Gerrnarn's
926 2975 1067 3026 nunqnam
1087 2961 1139 3026 sn·
1167 2952 1303 3024 baptisati
1323 2953 1384 3007 Deo
1402 2969 1432 3007 ss
1450 2952 1590 3023 obligant,
1610 2952 1684 3022 quod
1703 2950 1755 3006 sub
1773 2950 1879 3006 vexillis
1898 2950 2000 3005 Christi

308 3039 362 3091 isse
385 3047 539 3107 receptam,
566 3041 623 3092 nisi
646 3058 777 3108 permane
806 3051 875 3095 esset
898 3053 1031 3112 accepta,·
1058 3044 1141 3100 ratio.
1167 3046 1264 3093 tantm
1282 3038 1414 3094 Satanam
1433 3044 1543 3093 chenus
1561 3039 1617 3092 sint
1634 3037 1806 3105 dimicaturi;
1831 3037 2000 3108 quinetiam

306 3140 369 3178 nem
393 3123 551 3197 subjungit:
588 3124 657 3180 Cum
679 3129 752 3180 enim
775 3129 847 3182 banc
869 3147 960 3183 vacem
983 3147 1140 3185 cunamen.
1167 3126 1275 3197 quoties
1300 3124 1329 3179 in
1351 3141 1430 3179 sacra
1453 3141 1540 3179 coena
1565 3123 1729 3195 sanguinem
1746 3121 1848 3178 Christi
1871 3121 2000 3190 bibimus,

307 3217 362 3263 tum
390 3212 526 3274 audiunt,
562 3212 628 3280 jam
661 3213 776 3282 aliquid
802 3233 933 3282 mapnum
963 3224 1141 3285 sanmrrmqae
1166 3212 1248 3266 toties
1266 3212 1302 3265 ad
1322 3210 1546 3281 profimdendum
1569 3217 1693 3264 noenum
1719 3208 1748 3261 in
1768 3224 1835 3262 casu
1853 3206 2000 3265 confessio-

308 3295 480 3366 intelligunt,
509 3300 584 3367 quad
615 3298 644 3351 oi
673 3316 725 3354 suu
751 3303 947 3356 conscientiam
977 3321 995 3356 a
1023 3313 1139 3372 peccato
1165 3298 1210 3351 nio
1228 3299 1390 3368 sanguinem
1409 3303 1515 3352 nosmet
1535 3297 1609 3367 ipsos
1627 3295 1834 3366 obstringimus.
1866 3292 1999 3365 Augusti·

307 3381 413 3437 liberet.
1166 3402 1219 3439 nus
1233 3384 1388 3455 symbolum
1400 3385 1458 3437 sive
1470 3398 1604 3437 summam
1617 3381 1758 3436 doctrinae
1770 3380 1951 3449 Christianae,
1970 3379 1999 3433 in

342 3473 366 3525 6.
402 3468 436 3522 In
455 3486 507 3524 usu
524 3471 710 3527 ecclesiastico
728 3473 892 3528 sacramenti
910 3475 1075 3531 vocabulum
1092 3478 1139 3532 tri·
1167 3488 1250 3543 quom
1278 3488 1329 3541 per
1354 3469 1522 3541 bapilfflum
1544 3468 1694 3523 emilam
1717 3467 1891 3539 wlganius,
1918 3473 2000 3522 '⁰⁰⁸²

307 3554 418 3624 pliciter
436 3555 609 3626 potissimum
627 3564 790 3629 usurpatur:
811 3563 835 3615 1.
853 3560 1073 3617 Generalissime
1089 3581 1139 3634 pro
1167 3564 1369 3612 sacromentum
1398 3557 1432 3611 do
1460 3555 1575 3626 Symbol·
1606 3554 1641 3608 ad
1669 3554 1773 3609 witich·
1805 3553 1852 3610 lib·
1876 3560 1899 3610 3·
1927 3572 1951 3610 0·
1975 3560 1997 3610 i·

307 3657 337 3695 re
360 3658 462 3696 arcana
480 3646 509 3697 et
528 3651 646 3713 secreta,
675 3651 707 3699 ut
728 3652 844 3717 apparet
867 3664 900 3701 sx
918 3648 1020 3703 Latina
1037 3650 1139 3705 Biblio-
1167 3644 1375 3699 Sacramsntum
1391 3642 1518 3714 symboli,
1537 3641 1610 3713 quod
1631 3641 1778 3712 8θθθ12ῑθῒῑ3
1797 3641 1999 3713 memilsstque

308 3744 368 3781 rum
387 3728 574 3784 translations.
613 3736 634 3783 1.
651 3730 723 3787 Tim.
744 3739 767 3800 3,
788 3751 814 3787 v.
835 3740 874 3789 13.
901 3735 988 3806 Apoc.
1011 3742 1049 3806 17,
1069 3756 1095 3793 v.
1114 3745 1138 3795 7,
1166 3732 1327 3785 mandatum
1346 3748 1396 3801 pro
1414 3735 1505 3783 vestra
1523 3728 1614 3782 salute
1632 3728 1769 3796 retinetis,
1796 3728 1926 3784 noveritis
1947 3730 1997 3785 boc
2031 3806 2033 3808 ι

307 3820 336 3867 et
356 3812 423 3867 alibi
441 3815 552 3884 passim.
588 3814 649 3868 Hoc
665 3834 747 3871 sensu
763 3817 952 3876 Tertullianus
971 3822 1016 3876 lib.
1037 3829 1061 3878 4.
1076 3840 1139 3878 con·
1165 3834 1225 3872 ome
1252 3816 1317 3871 fidei
1344 3815 1496 3871 milmllcae
1524 3813 1743 3869 suffimentum
1777 3813 1937 3882 (Sohardilm
1968 3816 1997 3869 in

308 3904 352 3954 tra
368 3900 453 3955 Marc.
473 3900 711 3957 Christianismum
727 3913 810 3960 vocat
833 3908 982 3975 relipians's
1001 3909 1138 3963 Christia-
1164 3905 1267 3959 Lsxico
1292 3905 1321 3957 in
1344 3903 1429 3958 verbo
1448 3902 1625 3957 sacramenti:
1652 3904 1726 3956 sicut
1751 3903 1819 3957 olim
1843 3903 1996 3956 militesne

308 4003 361 4038 nae
383 3994 596 4043 sacramentum.
640 3988 826 4062 Hieronymus
856 3998 921 4049 tom.
946 3998 971 4049 9,
998 4012 1063 4066 pag,
1088 4003 1138 4052 592
1158 3993 1324 4060 juramento
1342 3991 1554 4057 adstringebant
1572 4008 1622 4043 suo
1645 3990 1725 4057 duci,
1744 3991 1821 4058 quad
1838 3989 1887 4042 illi
1901 3996 2131 4043 sama-malt.

310 4073 493 4127 Sacramenta
523 4077 583 4129 Dei
607 4085 670 4128 sunt
694 4080 881 4149 praedicare,
917 4082 1077 4136 benedicere
1105 4101 1139 4137 aa
1164 4086 1284 4131 mentum
1306 4085 1488 4145 vacaverunt,
1512 4077 1554 4130 ita
1577 4095 1629 4130 nas
1647 4086 1755 4145 quo'qw
1771 4076 1802 4128 in
1819 4075 1954 4144 baptisma
1971 4084 1997 4130 et

218 4151 229 4195 ¹·
244 4162 295 4214 ²0⁴.
307 4162 480 4228 confirmare,
497 4164 713 4216 communionem
729 4166 859 4228 reddere,
877 4166 991 4220 viciare
1004 4169 1138 4237 infirmos,
1165 4182 1251 4220 coena
1272 4165 1383 4218 Christo
1401 4165 1469 4217 daci
1489 4165 1531 4216 ad
1545 4164 1722 4233 spiritualem
1740 4163 1872 4216 militiam
1890 4164 1996 4233 obliqu-

307 4263 399 4300 arare.
435 4247 610 4318 Augustinus
634 4249 663 4303 in
685 4257 803 4305 enamat.
831 4251 933 4307 Psalm.
958 4258 999 4310 33.
1025 4259 1053 4308 et
1071 4255 1138 4309 alibi
1165 4256 1247 4320 mur.)
1283 4253 1356 4317 Quin
1374 4251 1429 4306 imo
1448 4251 1549 4320 duplex
1560 4249 1646 4304 veluti
1657 4250 1995 4318 juramentuminnostris

307 4335 410 4404 passim
432 4334 578 4404 mysticam
603 4335 661 4389 siva
681 4335 859 4408 allegoricam
879 4337 1038 4409 Scripturas
1057 4358 1138 4411 erpo·
1164 4339 1343 4393 sacramentis
1363 4336 1545 4393 animadverti
1564 4340 1670 4406 potest:
1690 4351 1776 4388 unum
1793 4351 1826 4389 ex
1844 4344 1923 4407 parte
1941 4337 1995 4394 Dei

306 4420 433 4475 altionem
452 4428 533 4474 vocat
552 4430 762 4476 casamentum.
805 4428 831 4480 2.
854 4423 1015 4493 Specialius
1037 4427 1138 4497 accipi·
1160 4429 1318 4496 juramento
1343 4441 1373 4479 se
1397 4424 1477 4478 nobis
1495 4423 1523 4476 in
1541 4422 1613 4476 Filio
1633 4427 1660 4477 et
1676 4427 1791 4492 propter
1807 4422 1909 4478 lilium
1927 4423 1995 4479 obli-

307 4512 352 4560 tur
370 4523 420 4576 pro
439 4506 536 4577 quovis
553 4508 592 4562 rei
613 4524 707 4563 sacrae
727 4510 819 4579 signo,
840 4511 864 4563 si
881 4511 926 4565 vel
944 4512 1061 4568 maxims
1083 4531 1138 4568 non
1163 4513 1256 4584 gantis
1274 4519 1302 4568 st
1317 4512 1389 4567 hanc
1406 4510 1614 4582 promissionem
1637 4509 1744 4564 solenni
1761 4510 1817 4564 ritu
1835 4510 1997 4566 confirman-

306 4592 343 4645 sit
361 4592 492 4646 divinitus
510 4592 539 4647 in
557 4593 592 4650 N.
610 4594 643 4648 Τ.
667 4594 838 4666 institutum,
868 4597 917 4651 sed
937 4598 981 4652 val
998 4616 1031 4654 ex
1050 4601 1137 4656 veteri
1164 4600 1216 4667 tis,
1243 4598 1317 4670 quod
1344 4598 1481 4668 propitius
1507 4596 1588 4651 nobis
1613 4595 1650 4649 sit
1670 4596 1794 4666 inhrrns3
1824 4598 1939 4651 alterum
1963 4612 1997 4651 ex

307 4679 495 4749 desumptum,
519 4686 551 4734 ut
572 4680 704 4746 chrisma3
727 4681 810 4737 vela
833 4683 886 4754 piis
909 4684 974 4737 viris
1000 4688 1137 4757 excogita·
1163 4691 1244 4756 parte
1273 4684 1374 4747 nostri,
1407 4683 1481 4754 quod
1509 4682 1685 4752 pollicemur,
1712 4700 1762 4736 nos
1778 4684 1860 4754 juxta
1879 4682 1996 4737 formam

307 4774 378 4833 tum,
405 4772 437 4821 ut
462 4766 574 4837 signum
598 4769 694 4823 crucis.
735 4770 910 4841 Augustinus
932 4770 978 4825 lib.
997 4778 1020 4826 2.
1042 4781 1138 4828 contm
1164 4770 1283 4826 foederis
1306 4772 1398 4841 ipsum
1424 4768 1561 4835 culturos,
1590 4766 1711 4822 Satanas
1735 4785 1800 4824 vero
1827 4768 1997 4824 advenerim

307 4852 345 4905 lit
363 4852 446 4908 Pstil.
471 4869 494 4907 c.
517 4859 572 4909 104.
598 4856 753 4909 studiosam
777 4858 902 4928 appellat
925 4869 1137 4928 samanrentam,
1164 4856 1449 4928 perpetuos-futuros.
1486 4854 1522 4908 D.
1541 4852 1718 4909 Chemnicius
1739 4855 1769 4909 in
1792 4872 1880 4912 exam.
1900 4852 1996 4911 concil

307 4938 391 5009 idque
414 4938 627 4994 discernendum
652 4941 720 4995 dicit
738 4941 774 4996 ab
795 4938 925 4999 invisibili
945 4945 1075 5000 unctione
1093 4962 1138 5000 ca·
1164 4944 1290 5000 Trident.
1318 4950 1390 5013 part.
1416 4948 1441 4997 2.
1468 4957 1531 5010 cap.
1560 4940 1596 4995 ds
1619 4940 1716 4997 vocab.
1741 4948 1903 4999 sacrament.
1927 4941 1999 4996 bane

307 5025 404 5079 sitatis.
440 5025 488 5081 lib.
517 5032 556 5082 19.
590 5030 687 5081 conha
709 5027 843 5083 Faustum
868 5047 929 5102 cap.
957 5038 994 5087 14.
1029 5034 1138 5100 sianum
1164 5031 1251 5085 tradit
1269 5027 1462 5100 appellationis
1479 5027 1628 5082 rationem:
1661 5021 1767 5082 &aeci
1790 5031 1954 5098 baptismum
1973 5036 1999 5082 et
2049 5080 2059 5105 ι

308 5114 399 5165 mucis
418 5112 489 5166 inter
507 5120 680 5167 sacramenta
696 5122 831 5171 numerat.
849 5116 877 5171 in
898 5125 1015 5176 enarrat.
1034 5120 1135 5175 Psalm.
1165 5135 1280 5171 caenam
1297 5116 1467 5169 dominicam
1485 5123 1586 5168 uacant
1602 5112 1754 5188 μυστήρια,
1778 5116 1846 5184 pisia
1869 5115 1920 5167 sub
1944 5114 1998 5168 elc-

309 5206 365 5254 141.
388 5205 416 5254 et
434 5198 513 5252 addit
531 5200 680 5267 rationem,
705 5200 773 5268 qaia
790 5200 821 5253 in
838 5204 942 5270 fronte
960 5207 1137 5275 erubescitur,
1164 5204 1262 5258 mentis
1280 5203 1437 5256 visibilibus
1456 5203 1574 5271 offertur
1592 5209 1618 5255 et
1635 5202 1776 5255 exhibetur
1793 5218 1899 5255 arcano
1914 5201 1998 5254 modo

308 5286 398 5355 ipsam
425 5286 606 5354 ignominiam
637 5286 842 5355 quodammodo
871 5296 899 5342 et
924 5308 1007 5359 quam
1030 5294 1140 5362 poponi
1165 5290 1260 5360 pratia
1279 5289 1452 5360 spiritualis,
1472 5305 1544 5357 quae
1563 5288 1688 5341 sensibus
1706 5306 1761 5342 non
1780 5288 1999 5357 apprehenditur

307 5373 450 5438 derident,
480 5372 509 5425 in
531 5372 592 5425 loco
614 5371 735 5440 pudoris
759 5373 850 5426 nostri
866 5378 1020 5447 consiluit,
1049 5396 1083 5438 ne
1102 5381 1136 5432 dc
1166 5386 1192 5432 et
1209 5378 1321 5431 ratione
1337 5394 1392 5428 non
1413 5376 1595 5444 intelligitur,
1622 5376 1674 5428 sed
1696 5391 1729 5427 ec
1749 5374 1812 5427 sola
1830 5373 1907 5426 uerbi
1922 5390 1996 5427 rece·

307 5475 386 5511 cruce
410 5458 611 5511 erubescamus.
646 5456 694 5511 lib.
717 5462 741 5511 t.
769 5456 803 5512 ds
824 5458 913 5529 symb.
932 5478 965 5517 ac
984 5465 1137 5522 catechum.
1165 5465 1271 5519 latione
1280 5465 1342 5533 fide
1360 5464 1541 5529 cognoscitur.
1576 5463 1612 5514 In
1630 5460 1813 5514 casamentis
1827 5459 1912 5513 aliud
1921 5461 1997 5515 oide-

308 5561 366 5614 cap.
389 5550 410 5598 1.
432 5549 461 5597 et
477 5544 505 5597 in
522 5544 624 5597 Psalm.
644 5550 685 5599 65.
703 5560 796 5598 omnes
814 5546 894 5614 ritus,
914 5548 961 5617 qui
980 5549 1009 5605 in
1028 5552 1138 5607 actione
1164 5560 1219 5613 tur,
1237 5551 1321 5604 aliud
1339 5549 1515 5618 intellipitur,
1535 5548 1633 5602 dicunt
1646 5553 1767 5609 veteres,
1786 5545 1860 5617 quod
1878 5546 1997 5617 uidetur,

308 5631 438 5700 baptismi
464 5636 531 5685 tunc
554 5631 686 5699 temporis
703 5629 922 5701 adhibebantur,
948 5643 1028 5691 vocat
1046 5656 1136 5693 sacra·
1164 5636 1284 5707 speciem
1307 5636 1389 5689 babet
1412 5635 1604 5705 corporalem·
1630 5635 1707 5701 prod
1728 5632 1907 5701 intelliqitur,
1926 5635 1996 5700 fru-

307 5723 405 5773 menta.
443 5715 512 5770 Inde
538 5715 686 5771 Lambard.
709 5716 739 5770 in
761 5734 863 5790 genere
880 5718 984 5777 definit.
1005 5723 1050 5779 lib.
1071 5726 1134 5782 dist.
1164 5733 1237 5778 ctum
1255 5723 1337 5775 babet
1356 5722 1541 5791 spiritualem.
1577 5719 1614 5772 Et
1634 5717 1785 5788 appellatio
1802 5719 1995 5789 mysteriorum

308 5808 329 5858 l.
351 5803 382 5857 B.
401 5807 604 5857 sacramentum
626 5807 669 5855 est
690 5819 791 5859 sanae
810 5804 853 5859 rei
867 5806 984 5875 signum.
1019 5814 1046 5865 3.
1067 5813 1136 5880 Sps-
1161 5810 1190 5864 in
1207 5808 1260 5864 hac
1277 5806 1481 5880 significatione
1497 5804 1647 5876 invulgati
1665 5803 1798 5859 eeclesias
1815 5822 1995 5862 sermoncrs-

306 5889 457 5945 minume
478 5894 506 5943 ei
524 5887 640 5942 maxims
661 5889 773 5960 proprie
794 5889 928 5961 militm
950 5911 1002 5967 pro
1027 5897 1134 5954 solenni
1161 5904 1244 5969 capta
1268 5902 1297 5952 st
1320 5901 1455 5968 usurpata
1472 5892 1526 5949 fuis
1544 5897 1657 5963 propter
1673 5888 1749 5951 hans
1766 5890 1849 5947 ctiam
1867 5906 1994 5960 musam,
