4800 6659
399 664 439 721 42
990 652 1113 717 Locus
1130 651 1299 715 cccmus
1316 653 1506 717 SEPTIMUS

399 812 462 880 quie
486 810 666 881 qlcricbitur,
696 816 829 867 mumdum
857 831 887 868 ee
912 830 972 869 eree
999 832 1017 866 a
1044 822 1168 885 peccato.
1204 812 1234 867 iu
1262 813 1517 869 demonstravimus.
1553 814 1598 867 Au
1620 811 1792 884 imperfectio
1814 810 1863 864 ilie
1879 808 1915 863 eb
1934 805 2097 879 Augmtiuo

399 912 422 951 c
438 903 461 953 t.
473 897 592 953 Enim:
611 897 706 967 Opera
727 900 794 968 quia
812 916 863 969 per
875 918 977 969 corpur
988 902 1234 967 administrantur,
1259 907 1377 970 negetur
1392 916 1453 955 eece
1471 907 1623 971 peecatum,
1638 898 1759 969 judicari
1778 902 1870 967 potent
1884 911 1917 949 ex
1929 893 2037 966 epietcl.
2055 899 2097 948 29.

399 983 497 1051 aliquo
520 1000 638 1053 temper*
655 1003 751 1040 errore
778 988 927 1041 commixta
947 997 1017 1043 eunt.
1058 986 1234 1058 Augustinus
1260 984 1296 1038 cd
1317 983 1444 1040 Hieron:
1470 987 1642 1039 Plenieoima
1662 985 1781 1045 coritae,
1808 982 1911 1053 inquit,
1941 998 2015 1049 quem
2039 996 2098 1032 non

401 1069 539 1150 epictiti.
558 1071 595 1125 ad
614 1070 743 1127 Hieron:
762 1074 932 1127 leieeima
950 1074 1066 1143 coritae,
1085 1074 1234 1143 quaejam
1256 1069 1349 1137 poerit
1373 1072 1486 1138 nuperi,
1509 1072 1644 1140 quamdiu
1665 1070 1710 1122 bic
1734 1070 1813 1122 homo
1836 1069 1916 1134 eicit,
1941 1075 1981 1119 ert
1999 1068 2029 1119 in
2050 1080 2097 1118 ne·

399 1172 456 1207 non
474 1154 569 1224 poerit
586 1159 699 1225 nuperi,
721 1162 857 1228 quamdiu
878 1160 923 1213 bic
941 1162 1022 1213 borno
1040 1161 1119 1226 civit,
1145 1168 1184 1213 eet
1204 1160 1234 1212 in
1259 1157 1344 1223 mine,
1363 1159 1499 1225 quamdiu
1517 1166 1609 1211 autem
1627 1157 1726 1224 nuperi
1741 1162 1841 1224 potere,
1859 1154 1991 1222 profecto
2010 1152 2097 1218 iilud,

402 1242 536 1310 nomines
548 1244 683 1311 quamdiu
699 1253 791 1297 autem
809 1248 909 1314 nuperi
923 1255 1027 1315 potect,
1053 1246 1182 1316 profecto
1200 1244 1235 1297 il·
1260 1244 1336 1312 quod
1357 1244 1450 1297 minue
1469 1252 1521 1312 cet,
1548 1260 1631 1312 quam
1649 1243 1740 1304 debet,
1766 1257 1798 1292 ec
1817 1240 1886 1292 citio
1905 1247 1965 1308 αις
1989 1255 2022 1290 ec
2041 1254 2098 1306 quo

400 1327 454 1381 lud
479 1329 557 1396 quod
579 1329 671 1381 minue
695 1338 735 1383 ert
757 1348 840 1399 quom
865 1330 956 1400 debet,
980 1350 1013 1385 en
1034 1334 1102 1386 citio
1123 1340 1178 1398 eet,
1201 1346 1235 1381 ee
1259 1329 1326 1382 uitio
1350 1345 1407 1381 non
1433 1336 1474 1381 eet
1490 1330 1587 1397 jurene
1611 1329 1642 1381 in
1660 1335 1752 1395 terro,
1776 1327 1825 1395 qui
1842 1325 1934 1388 faciat
1953 1326 2054 1378 bonum
2072 1330 2098 1374 et

398 1427 452 1481 quc
476 1414 544 1468 citio
569 1432 624 1467 non
647 1424 688 1467 eet
711 1417 761 1484 qui
780 1418 876 1482 faciat
900 1418 999 1472 bonum
1017 1426 1043 1471 ct
1059 1435 1115 1470 non
1132 1422 1235 1486 peccet.
1260 1432 1315 1467 non
1334 1423 1446 1484 peccet,·
1471 1431 1504 1469 ee
1528 1432 1582 1483 quo
1605 1414 1671 1467 citio
1690 1431 1745 1466 non
1758 1411 1963 1480 juctificabitur
1982 1412 2013 1462 in
2031 1427 2098 1461 con·

399 1496 478 1552 idem
496 1498 543 1554 lib.
564 1500 599 1554 de
616 1500 730 1571 perfect
745 1501 886 1572 justitiae:
909 1502 977 1565 Qun
996 1504 1145 1571 ploriatur,
1158 1520 1234 1555 mun·
1259 1510 1355 1569 spectu
1385 1501 1445 1554 Dei
1476 1502 1565 1553 omnir
1593 1501 1703 1567 uiuene,·
1734 1505 1850 1568 propter
1883 1498 1960 1565 quod
1988 1497 2099 1562 citium,

401 1586 467 1637 ‹lrrm
484 1602 513 1637 ee
533 1602 591 1640 erte
611 1606 629 1640 a
643 1596 769 1657 peccato,
788 1590 845 1641 niti
854 1590 932 1653 sorte
949 1591 1005 1657 imi,
1024 1590 1075 1658 qui
1090 1590 1185 1642 colunt
1204 1589 1235 1640 in
1260 1587 1461 1654 quantumlibet
1480 1586 1706 1654 profecerimus,
1733 1584 1922 1636 neceesarium
1949 1590 1989 1635 eet
2016 1583 2099 1635 nobie

399 1688 452 1723 cuo
477 1672 607 1741 juetitic,
640 1692 696 1727 non
724 1675 754 1727 in
783 1675 874 1745 ipeiuc
897 1676 1009 1744 jurlicie
1036 1675 1235 1728 misericordia
1260 1673 1370 1725 dicere:
1391 1673 1499 1725 dimitte
1518 1672 1597 1726 nobie
1615 1670 1708 1724 debita
1726 1678 1832 1723 noetro.
1868 1668 1941 1723 Vide
1960 1675 2042 1725 eruet
2063 1668 2099 1721 dc

400 1757 544 1825 otmtarie
565 1757 653 1815 Ibid.:
680 1762 798 1829 Inpredi
818 1762 879 1814 eine
902 1762 1014 1814 macula
1036 1779 1092 1815 non
1111 1760 1234 1813 absurde
1260 1753 1598 1831 lepe§.1ttt.eteeqq.)
1633 1756 1712 1809 Idem
1730 1754 1759 1807 io
1779 1753 1881 1809 Poelm.
1906 1758 1967 1809 129:
1991 1754 2026 1807 Si
2043 1755 2098 1806 ini-

399 1844 483 1895 etiom
505 1844 555 1897 ille
580 1846 698 1913 dicimur,
722 1865 778 1900 non
796 1846 847 1915 qui
859 1848 925 1916 jorn
940 1850 1089 1916 persectue
1108 1855 1160 1913 eet,
1184 1848 1236 1898 ced
1260 1844 1380 1912 quitater
1395 1843 1591 1909 obeervaeerie,
1612 1843 1741 1909 Domine,
1766 1842 1895 1907 Domine,
1915 1841 2014 1909 inquit,
2033 1840 2099 1908 quic

400 1930 450 1998 qui
470 1930 511 1981 ad
533 1929 625 1998 ipeom
645 1933 849 1999 perfectionum
872 1934 1153 2003 irreprehensibiliter
1172 1950 1235 1985 cur·
1260 1930 1424 1983 euetinebiti
1444 1932 1518 1983 Ecce
1529 1930 1675 1998 apparuit,
1688 1931 1786 1997 dequo
1789 1929 1941 1996 profundo
1951 1928 2098 1980 clamaret.

399 2015 446 2083 rit,
464 2032 564 2068 careno
581 2016 743 2070 criminibus
761 2020 969 2072 damnabilibus
986 2028 1069 2089 atque
1086 2020 1152 2090 ipra
1166 2035 1233 2085 pec·
1263 2016 1373 2069 Olamct
1400 2017 1472 2068 enim
1499 2016 1549 2067 eub
1574 2016 1694 2068 malibuo
1717 2022 1744 2067 et
1761 2014 1894 2083 jluctibur
1915 2014 2097 2081 iniquitatum

400 2108 466 2153 cota
489 2103 615 2155 venialia
639 2122 694 2156 non
719 2104 863 2173 neptipene
888 2108 1026 2159 mundare
1048 2106 1234 2173 eleemoepnie.
1258 2117 1391 2169 tuoruum
1412 2101 1607 2170 circumspexit
1627 2118 1671 2163 ee,
1690 2097 1885 2167 circumspexit
1905 2100 1990 2152 citum
2007 2115 2097 2165 eitam,

400 2188 562 2255 Inprmwm
585 2190 690 2260 quippe
712 2191 763 2244 lioc
786 2192 841 2244 iter
858 2200 998 2260 noetmm,
1022 2210 1076 2261 quo
1094 2192 1234 2245 tendimus
1258 2187 1330 2240 cidit
1354 2204 1416 2240 eam
1438 2187 1561 2255 undique
1579 2187 1701 2254 flaqitiie
1726 2195 1752 2239 et
1769 2186 1954 2252 facinoribue
1982 2201 2096 2253 cooper-

400 2276 441 2327 ad
460 2275 675 2343 perfectionem,
700 2278 805 2329 munda
823 2280 941 2331 mundat
961 2280 1067 2345 oratio,
1089 2279 1138 2330 ubi
1153 2293 1233 2332 uera·
1258 2281 1330 2340 tam,
1352 2289 1516 2341 quincunque
1539 2272 1675 2340 reepecit,
1701 2273 1773 2325 nibil
1797 2273 1827 2324 in
1851 2289 1880 2325 ee
1900 2272 1965 2324 boni
1984 2270 2096 2338 incenit,

400 2360 470 2414 citer
487 2362 609 2415 dieitur:
628 2364 746 2417 Dimitte
764 2364 852 2432 nobie,
869 2365 942 2417 riou
959 2373 1047 2418 etnoe
1061 2364 1232 2431 dimittimur,
1258 2360 1328 2412 nihil
1358 2360 1407 2413 illi
1424 2358 1557 2427 justitiae
1584 2375 1711 2411 cenenum
1731 2359 1826 2428 potuit
1853 2372 2009 2411 occurrere.
2055 2357 2096 2409 Et

401 2456 448 2516 ut,
476 2450 540 2501 dum
566 2449 781 2518 reprehenditur
807 2451 884 2518 quod
901 2468 956 2504 non
974 2451 1141 2519 imputatur,
1172 2450 1232 2502 eine
1258 2464 1320 2498 curn
1353 2452 1433 2499 tanta
1471 2454 1496 2498 et
1532 2453 1590 2497 tam
1627 2445 1715 2497 multa
1751 2449 1871 2512 peccota
1905 2443 2032 2510 undique
2070 2450 2096 2495 et

400 2534 512 2588 marma
528 2543 629 2590 noetra
647 2537 690 2589 od
701 2538 905 2603 perfectionem
922 2538 1059 2590 iubeatur
1077 2554 1185 2604 cureue,
1204 2537 1233 2589 in
1260 2540 1384 2585 cateruae
1418 2532 1553 2584 ecelerum
1581 2549 1696 2583 tuorum
1727 2529 1847 2596 rideret,
1883 2536 2018 2596 tanquam
2050 2546 2096 2581 ee-

401 2638 458 2691 qua
472 2623 648 2690 perfectione
666 2639 728 2675 cum
744 2624 786 2675 od
802 2639 863 2675 eam
871 2624 1088 2692 pemcnerimue,
1101 2625 1234 2692 jamnon
1256 2634 1408 2686 poceecene
1441 2616 1624 2670 acclamavit:
1666 2614 1701 2666 Si
1740 2614 1902 2682 iniquitates
1933 2615 2095 2667 obuncare-
2108 2622 2139 2662 vi

401 2710 439 2761 eit
459 2708 569 2761 omnino
588 2708 666 2775 quod
680 2708 849 2777 iqnorcendo
866 2711 1023 2763 mentimur.
1059 2708 1147 2763 Ibid.:
1165 2710 1233 2763 Pec
1260 2705 1316 2768 rie,
1341 2703 1478 2769 Domine,
1504 2696 1640 2765 Domine,
1663 2699 1726 2766 quit
1744 2699 1907 2752 eminebit!
1929 2717 1987 2752 non
2005 2702 2095 2754 dicit:

400 2802 492 2849 mum
509 2801 556 2861 at,
573 2811 634 2847 cum
651 2795 696 2849 vel
713 2813 769 2850 m
789 2803 830 2849 m
847 2797 962 2864 cadiae,
980 2812 1051 2865 qum
1069 2812 1128 2849 ωε
1146 2797 1234 2864 deba,
1260 2808 1309 2859 eqo
1346 2805 1401 2840 nott
1438 2783 1593 2847 ethelbritho,
1631 2785 1683 2837 ted
1712 2785 1775 2852 qtlt'c
1805 2785 1976 2839 sustinebit?
2018 2787 2097 2840 Vidit

399 2881 443 2935 „d
466 2881 557 2934 „pm
581 2888 635 2948 m,
664 2898 748 2951 quam
771 2883 859 2936 dem,
901 2881 1020 2953 (Excipit
1042 2881 1234 2947 Reum-mium,
1261 2874 1346 2937 onim,
1369 2885 1461 2937 prope
1484 2878 1571 2923 totam
1594 2871 1680 2923 citam
1709 2871 1860 2924 bunionem
1882 2872 2098 2926 circumlatrari

399 2964 587 3033 ΛΜΝ,
605 2975 751 3036 peccatum
774 2976 800 3021 ,g
823 2969 919 3021 „psum
936 2968 1120 3036 pamma„
1137 2964 1233 3033 αἶψά.
1256 2956 1395 3027 pcccatie,
1429 2956 1561 3009 aceueari
1588 2973 1682 3010 omnet
1708 2958 1892 3011 corwcicntiae
1920 2959 2096 3025 capitationi-

400 3053 472 3122 lare,
493 3053 572 3122 quod
585 3054 705 3124 proprie
722 3072 778 3107 non
797 3055 835 3107 eit
847 3062 1002 3124 peccatum,
1019 3053 1064 3100 oui
1078 3048 1234 3116 exceptioni
1259 3040 1309 3093 bue
1342 3042 1415 3107 om,
1449 3059 1505 3095 non
1541 3042 1662 3095 inueniri
1697 3061 1747 3098 cor
1777 3052 1884 3096 cautum
1908 3061 2096 3112 praeeumeru

402 3138 472 3210 quid
496 3138 675 3194 tribuendum
697 3141 747 3198 oie,
771 3146 849 3204 putot
870 3153 905 3192 ox
923 3137 1043 3186 unctum
1061 3130 1096 3185 de
1112 3131 1233 3201 peccatis
1259 3127 1295 3179 de
1322 3144 1376 3180 tua
1398 3127 1521 3195 jmtitia.
1558 3127 1620 3181 libr.
1648 3134 1686 3184 10.
1714 3129 1749 3182 de
1771 3127 1845 3184 civit.
1873 3128 1927 3184 Dei
1955 3146 2018 3200 cap.
2048 3136 2095 3186 22:

401 3224 559 3281 eotudibuo
587 3221 614 3291 6.
647 3228 688 3275 67.
715 3226 743 3272 et
768 3228 835 3287 seq.)
886 3214 965 3269 Idem
989 3215 1037 3271 iib.
1064 3222 1088 3272 9.
1116 3217 1232 3274 consone,
1259 3213 1441 3266 Peccatorum
1466 3213 1498 3266 in
1525 3214 1578 3266 bac
1610 3213 1669 3267 uita
1697 3232 1754 3267 non
1784 3218 1817 3280 tit
1851 3222 1947 3268 noetra
1983 3217 2096 3285 uirtute,

401 3326 426 3365 o.
452 3316 497 3358 te:
538 3301 596 3353 Vae
623 3301 764 3355 bominum
786 3304 858 3355 ettae
881 3304 1056 3372 quantummt
1083 3302 1233 3372 laudabili,
1257 3301 1308 3352 ced
1325 3299 1422 3351 ctrina
1442 3299 1620 3353 miseratione
1634 3302 1786 3369 purqatio,
1809 3318 1866 3369 per
1888 3302 2096 3369 indulpentiam

403 3393 431 3441 ei
460 3394 565 3440 remota
600 3386 797 3440 miem'cordic
830 3388 967 3441 dicendine
996 3406 1066 3442 eam.
1112 3389 1234 3459 (Excipit
1257 3386 1345 3454 illiue,
1364 3403 1422 3438 non
1439 3403 1495 3453 per
1515 3394 1640 3440 noctram
1652 3387 1873 3456 poenitentiam,
1898 3390 1965 3457 quia
1984 3397 2010 3440 ct
2030 3390 2096 3457 ipec

333 3538 340 3546 ρ
403 3469 602 3541 Bellunninue,
628 3474 813 3543 Aequumne
834 3489 1010 3543 nequaquam
1028 3476 1134 3544 dicere,
1157 3478 1234 3544 quod
1258 3472 1507 3542 quantulacunquev
1526 3473 1626 3540 virtue,
1658 3491 1730 3542 quae
1757 3475 1861 3527 dicitur
1878 3484 1991 3540 noctra,
2014 3476 2097 3528 iltuto

402 3557 476 3611 bona
503 3574 589 3626 opem
616 3559 673 3612 tritt
694 3568 828 3628 peecata,
859 3561 887 3612 ei
910 3568 1018 3615 remota
1038 3563 1234 3616 mttericordia
1258 3568 1299 3613 eet
1319 3560 1442 3613 bonitate
1465 3576 1604 3612 conceeea.
1641 3559 1764 3613 Multum
1787 3568 1878 3614 autem
1896 3562 1975 3614 nobie
1995 3563 2024 3613 in
2043 3563 2097 3614 bac

402 3644 601 3713 mtcmientur,
615 3646 669 3699 eod
684 3646 736 3698 boc
749 3645 843 3698 colum
859 3663 993 3709 atterere,
1012 3649 1089 3715 quod
1102 3649 1160 3701 vita
1171 3650 1233 3703 lau·
1257 3662 1343 3699 cerne
1363 3646 1552 3713 tribueremm,
1570 3646 1628 3699 niei
1642 3664 1729 3715 utque
1747 3650 1789 3700 ad
1808 3648 1869 3715 ejuo
1892 3648 2097 3715 depotitionem

400 3729 506 3783 cautu
529 3738 648 3799 propter
672 3747 760 3799 opera
782 3731 855 3785 bona
875 3742 956 3799 epeat
981 3734 1180 3788 metericordia
1202 3735 1232 3788 in
1258 3733 1308 3783 rub
1325 3732 1406 3785 uenia
1423 3733 1584 3786 ciceremue.
1615 3733 1772 3803 Propterea
1790 3750 1858 3801 erpo
1877 3734 1957 3787 nobie
1974 3752 2029 3804 per
2041 3754 2097 3789 me·

396 3816 510 3885 judicio
525 3818 585 3869 Dei
597 3825 717 3886 propter
735 3826 852 3886 peccata
868 3819 969 3873 saltem
985 3821 1120 3889 venialia,
1137 3818 1156 3874 a
1173 3824 1233 3891 qui·
1259 3818 1397 3871 dictorem
1412 3818 1554 3885 praestita
1572 3826 1614 3871 ert
1633 3819 1743 3888 qratia,
1763 3829 1793 3873 ut
1806 3821 1914 3889 polluti
1929 3838 2013 3874 carue
2029 3840 2096 3890 pec-

400 3903 453 3955 eor
467 3917 550 3957 neme
568 3903 640 3957 liber
657 3905 805 3959 inuenitur.
840 3905 881 3961 At
899 3906 923 3959 ei
940 3906 1076 3961 laudabili
1093 3908 1233 3964 homiuum
1258 3905 1316 3957 cati
1332 3904 1428 3957 carnii
1450 3904 1563 3973 peccati
1579 3904 1766 3959 cimilitudine
1784 3908 1991 3963 mundaremur.
2029 3909 2096 3961 Huc

399 3989 629 4046 rimoeumm
640 4006 700 4055 rue,
719 3990 772 4045 hoe
790 3998 832 4047 eet
849 3991 1049 4057 condemuttim
1069 3994 1194 4058 debetur,
1210 3994 1234 4049 ei
1258 3990 1318 4044 Dei
1335 3990 1440 4059 qratia,
1459 4007 1516 4059 qua
1532 3991 1563 4043 in
1581 4009 1631 4044 noe
1650 3993 1770 4045 ostendit
1789 4011 1917 4060 mapnam
1935 3994 2096 4047 mirericor-

401 4071 528 4131 temeto
549 4074 604 4130 M
630 4076 737 4148 iudicio
763 4084 870 4132 remae·
891 4078 1080 4134 mirericordie
1104 4080 1232 4135 discuti*
1258 4078 1337 4130 diam
1360 4092 1455 4144 eum,
1483 4084 1509 4129 et
1530 4078 1560 4129 in
1586 4077 1640 4130 bac
1661 4078 1721 4130 cita
1741 4095 1796 4146 per
1813 4080 1897 4140 fidem
1918 4080 2045 4148 repimur
2070 4089 2095 4133 et

398 4170 458 4231 mr,
479 4162 621 4233 'quomodo
642 4169 799 4218 muntem
821 4162 895 4218 bonu
909 4180 997 4234 opem
1014 4182 1070 4220 nou
1088 4173 1168 4221 erunt
1183 4166 1233 4220 im·
1253 4171 1319 4232 poet
1343 4165 1415 4217 banc
1438 4163 1525 4215 citam
1539 4182 1595 4233 per
1612 4165 1705 4233 ipeam
1723 4166 1842 4233 epeciem
1858 4166 2096 4220 incommutabilis

401 4247 506 4302 munde
519 4248 740 4319 etimpmfectei
755 4248 1015 4305 Siuemoeetliber
1028 4251 1233 4307 abactuctibm
1257 4250 1384 4304 ocream
1407 4250 1449 4303 ac
1468 4251 1669 4318 perfectionem
1681 4252 1879 4319 plenieeimam
1896 4255 2093 4320 perducemur.

400 4333 1233 4406 mmdibwpematinquomodcperiectioectuniiejuetitiee
1258 4335 1401 4390 “Auctor
1419 4351 1517 4390 comm.
1537 4335 1565 4389 in
1588 4344 1609 4392 1.
1630 4336 1710 4406 epiet.
1729 4336 1793 4391 boh.
1814 4338 1862 4408 qni
1874 4339 2029 4410 Augustini
2047 4359 2095 4396 no-

398 4417 489 4474 locum
506 4418 644 4476 habeon?
662 4420 848 4491 Sijudicio
857 4420 912 4476 Dei
922 4421 975 4493 ipsi
984 4423 1074 4478 renuti
1082 4424 1233 4479 mirericor-
1259 4421 1332 4476 mine
1355 4420 1547 4476 circumfertur
1570 4420 1600 4475 in
1626 4422 1740 4493 exposit.
1767 4441 1792 4478 c.
1811 4430 1841 4478 2:
1874 4426 1974 4479 Videte
2001 4427 2095 4495 iprum

398 4503 591 4577 tiiu'iudigeut,
605 4506 742 4577 quomodo
753 4506 876 4577 iptorum
890 4525 974 4579 opere
985 4509 1168 4580 ercoudigoo
1177 4527 1232 4566 me·
1257 4509 1414 4563 Jobannem
1428 4508 1618 4561 altercantem
1635 4509 1826 4567 bumilitatem.
1854 4512 1933 4565 Certe
1944 4512 2092 4581 oirjuttue

297 4587 301 4598 '
398 4597 636 4648 internecionem
645 4592 790 4663 jutitiae?
805 4593 913 4649 iuterim
927 4596 1232 4652 tcmcnmunetdiocri·
1258 4603 1320 4648 erat
1345 4604 1370 4648 et
1396 4613 1527 4665 mopiam,
1554 4595 1604 4663 qui
1628 4598 1663 4648 de
1686 4604 1801 4664 pectore
1820 4597 1880 4649 Dei
1895 4600 2092 4666 mysteriorum

399 4693 462 4732 meu
480 4677 553 4733 iuter
567 4677 909 4751 pcccatcetbomopere,
926 4698 1015 4753 neque
1024 4681 1097 4735 euim
1106 4681 1232 4750 dicimur,
1257 4690 1365 4735 recreta
1382 4683 1507 4736 babebat.
1544 4682 1601 4736 Ille
1619 4684 1680 4748 illc,
1709 4685 1759 4751 qui
1784 4683 1901 4737 bibendo
1926 4688 1962 4738 de
1976 4695 2095 4753 pectore

400 4762 474 4818 bone
486 4781 570 4835 opere
578 4781 641 4820 esec
649 4763 803 4822 formaliter
811 4774 935 4836 peccato,
947 4766 1231 4838 ecdpecontieooutu·
1259 4768 1378 4821 Domini
1398 4769 1518 4822 ructavit
1542 4769 1730 4833 diuinitatem,
1756 4771 1806 4826 ille
1828 4772 1896 4825 talio
1910 4773 1954 4824 cir
1971 4790 2028 4825 non
2047 4776 2091 4826 di·

398 4850 504 4913 miucte
511 4858 625 4922 propter
631 4850 906 4923 imperiectioucmet
917 4852 1119 4909 immunditiem
1132 4855 1231 4910 adhoc·
1257 4856 1315 4908 cit.-
1333 4856 1498 4908 cdcocatum
1515 4856 1623 4908 tobctio
1635 4858 1721 4924 apud
1731 4866 1861 4926 patrem,
1880 4860 1932 4912 ced
1951 4860 2091 4928 etquidem

397 4937 524 5007 meum).
544 4936 621 4993 Idem
640 4937 689 4994 lib.
708 4944 732 4995 3.
748 4943 848 4993 eontra
860 4939 929 4993 duee
941 4938 1073 5010 epietolue
1087 4940 1231 5013 Pelngiou.
1255 4942 1423 5011 peccauerit,
1441 4943 1608 4995 advocatum
1626 4943 1774 5013 labemur,·
1794 4961 1851 4996 non
1869 4946 1957 4997 dicit:
1977 4946 2093 5016 lrobctie,

397 5038 422 5079 c
443 5029 472 5078 7:
498 5024 545 5077 Em
562 5041 616 5092 quo
631 5025 812 5093 factumue,
838 5027 981 5095 uirtutem,
1005 5042 1075 5096 quae
1095 5046 1168 5081 nunc
1192 5037 1233 5083 eet
1258 5046 1309 5082 nec
1333 5046 1376 5082 me
1396 5027 1504 5081 babetie
1522 5029 1608 5095 dicit,
1632 5031 1684 5082 red
1707 5031 1797 5098 epium
1817 5031 1957 5085 Cbreetnm
1976 5032 2094 5100 babetie,

389 5110 429 5164 'ie
449 5110 558 5164 bomine
575 5111 670 5179 juno,
690 5114 849 5180 perfectam
865 5114 1002 5167 bactenue
1019 5114 1178 5178 nominari,
1201 5123 1232 5168 ut
1258 5117 1312 5169 ead
1329 5124 1356 5168 et
1375 5114 1516 5169 Clrristum
1531 5115 1641 5184 poenit,
1664 5135 1719 5172 non
1739 5136 1776 5174 ee.
1812 5118 1920 5172 Maluit
1937 5136 1968 5172 ee
1983 5136 2094 5187 ponere

395 5198 441 5250 ud
464 5197 526 5267 ejece
545 5198 748 5267 perfectionem
761 5200 903 5268 pertineat
921 5200 1005 5254 enam
1023 5201 1113 5269 ipeiue
1130 5201 1233 5270 imper-
1259 5205 1290 5258 in
1307 5219 1422 5255 numero
1438 5210 1628 5271 peccatorum,
1644 5211 1674 5255 ut
1695 5204 1807 5257 baberet
1828 5207 1994 5259 aduocatum
2014 5209 2095 5262 Citri-

397 5284 530 5349 sectionr'e
555 5291 583 5337 et
613 5284 644 5336 in
677 5285 794 5339 ueritate
818 5286 939 5355 coqnitio
964 5294 991 5339 et
1021 5287 1050 5339 in
1076 5287 1233 5341 bumilitate
1259 5297 1345 5355 mum,
1369 5305 1452 5356 quam
1470 5304 1576 5356 ponere
1594 5306 1624 5341 ee
1637 5308 1694 5358 pro
1716 5292 1855 5343 aduocato
1878 5290 1987 5347 blerieto
2006 5303 2032 5346 et
2052 5297 2094 5348 in-

399 5369 548 5434 eanfeeeio.
589 5369 710 5441 (Excipit
732 5369 931 5440 &fluminum
958 5371 1104 5440 juetitiam
1125 5374 1156 5427 in
1179 5374 1234 5427 bac
1258 5373 1350 5429 ueniri
1373 5376 1447 5426 inter
1470 5375 1664 5442 reprobandae
1680 5377 1858 5444 uiperboe.**
1893 5378 1951 5433 Leo
1969 5396 2049 5435 cerm.
2069 5386 2094 5438 l.

398 5455 458 5509 ee'ta
483 5473 541 5510 eece
562 5457 768 5527 imperfectam,
794 5458 823 5510 ei
836 5466 1016 5528 comparetur
1034 5460 1076 5513 ad
1091 5460 1232 5528 iuetitiam
1259 5459 1367 5532 puoch:
1399 5460 1488 5513 Nemo
1516 5469 1573 5513 tam
1597 5470 1710 5515 innotui
1737 5471 1790 5527 cet,
1821 5471 1852 5515 ut
1877 5481 1932 5517 non
1960 5468 2096 5532 iunctior,

399 5542 473 5596 citae
499 5542 611 5614 beatae,
635 5544 877 5614 imperiectionem
900 5561 966 5598 cero
990 5545 1072 5600 illam
1095 5565 1152 5601 non
1172 5564 1232 5602 ecee
1258 5564 1337 5601 nemo
1365 5554 1423 5599 tam
1450 5548 1578 5615 decotue,
1605 5556 1636 5600 ut
1663 5566 1718 5601 non
1745 5548 1845 5602 debeat
1872 5566 1932 5603 ecee
1958 5553 2094 5609 devotior.

278 5661 295 5669 -«
396 5643 449 5683 mec
473 5630 509 5682 ab
527 5631 684 5699 Aupurtino
705 5630 802 5685 uocari
820 5638 975 5700 peceatum
1010 5630 1100 5703 Atqui
1120 5633 1233 5703 justitia
1262 5634 1330 5697 Quis
1357 5633 1430 5685 enim
1456 5633 1487 5685 in
1512 5633 1596 5702 bujue
1622 5634 1697 5688 citae
1725 5636 1889 5690 conetitutue
1913 5637 2019 5692 incerto
2046 5649 2095 5693 out

393 5731 514 5786 *operum
542 5716 706 5787 imperfecto
726 5716 868 5771 euticete
890 5734 946 5772 uon
969 5715 1058 5772 colum
1084 5719 1121 5773 ed
1146 5719 1233 5775 vitum
1259 5716 1388 5772 immunis
1413 5737 1431 5772 a
1456 5720 1605 5774 tentatione
1632 5728 1682 5773 ortt
1707 5720 1779 5775 liber
1802 5722 1934 5777 uideatur
1950 5743 1969 5777 a
1987 5725 2096 5795 culpat

394 5808 554 5869 ntem,
581 5801 630 5856 ned
655 5801 739 5857 etium
763 5801 802 5856 cd
823 5801 914 5874 Qum
935 5802 990 5859 Dei
1018 5805 1233 5875 computatione,
1262 5805 1332 5869 Qun
1360 5814 1412 5875 eet,
1439 5806 1488 5876 qui
1512 5806 1585 5859 nibil
1612 5807 1724 5860 virtutis
1751 5808 1806 5862 eibi
1833 5810 1939 5882 adiici,
1970 5820 2020 5865 citt
2045 5815 2097 5884 qui

391 5886 694 5959 huju-perictionem
713 5887 837 5944 noudum
854 5891 1025 5961 umquitcir,
1050 5896 1084 5947 ut
1101 5907 1153 5947 tuo
1168 5891 1232 5947 ioco
1259 5892 1332 5946 nibil
1356 5892 1419 5945 citii
1439 5892 1495 5945 eibi
1518 5900 1591 5964 optet
1615 5893 1731 5961 auferri
1737 5895 1751 5948 i
1780 5895 1908 5967 Prosper.
1931 5898 2020 5970 epigr.
2041 5905 2094 5957 88:
