4800 6659
413 664 452 726 11
1004 657 1128 717 LOO'UB
1144 654 1315 715 vecutus
1333 656 1522 716 SEPTIMUS

411 816 549 886 majorem
561 814 741 869 odlibsserint
752 816 1046 887 operamproytcisndi
1060 823 1086 870 et
1097 812 1248 881 8881881ιά1,
1273 819 1409 884 torqueam
1429 814 1550 868 1181111881
1568 812 1896 883 quoddmnmeolromue
1911 814 2112 885 etofferamue,

411 909 491 957 tardo
515 918 545 956 se
563 902 752 972 pauperiores
769 910 915 972 rspmant,
941 910 1077 973 tanquam
1100 908 1208 969 8888188
1222 906 1248 952 81
1275 900 1379 970 quippe
1396 919 1458 954 cum
1482 901 1555 954 nihii
1574 901 1735 966 1181888118,
1762 902 1839 969 quod
1856 917 1913 953 non
1931 901 1967 953 ab
1982 900 2048 970 epto
2067 916 2111 955 aa·

411 987 485 1042 nihil
499 988 693 1058 possidentem
711 989 763 1043 188
781 990 853 1043 enim
866 990 977 1044 dicunt:
995 1007 1050 1043 non
1062 1007 1123 1043 essm
1135 990 1248 1059 dipnus,
1275 990 1405 1057 cepimus,
1424 989 1505 1041 Deus
1522 996 1614 1041 autem
1632 988 1706 1041 celsa
1722 987 1861 1042 Donsinus
1879 985 2006 1040 otherus
2016 992 2111 1039 noster

411 1082 442 1128 ut
458 1074 503 1129 eol
518 1074 612 1127 radiis
629 1076 689 1128 secie
706 1092 749 1129 me
769 1076 915 1132 illuminet.
950 1074 1045 1131 homil.
1066 1080 1106 1131 37.
1134 1092 1162 1145 p.
1182 1080 1248 1130 ets:
1274 1075 1419 1128 8118888888
1452 1075 1585 1142 natuque
1612 1075 1710 1144 patim
1739 1075 1828 1126 118881
1856 1089 1940 1141 quam
1973 1072 2111 1140 rependet.

410 1161 476 1214 Non
485 1161 967 1231 propriumopussaluatlominem,
984 1162 1097 1232 sedqui
1108 1161 1249 1231 operandi
1274 1160 1437 1215 Ambrosius
1460 1160 1509 1215 lib.
1534 1166 1558 1216 9.
1582 1159 1721 1229 epistolar.
1741 1158 1821 1229 epist.
1840 1164 1881 1213 ll.
1909 1156 2111 1212 celiensem

408 1246 578 1315 facultatem
595 1248 736 1316 larpitur,·
759 1249 788 1302 si
807 1265 873 1319 erpo
894 1250 957 1319 puis
979 1250 1111 1318 stipmata
1130 1248 1250 1302 Domini
1275 1246 1348 1301 circs
1364 1245 1413 1303 fin.
1433 1254 1498 1301 tom.
1517 1252 1540 1302 3.
1559 1263 1586 1316 p.
1602 1250 1665 1302 iso:
1684 1247 1730 1299 Ea
1741 1244 1920 1313 praescripto
1932 1243 2006 1311 lepis
2018 1258 2112 1297 omnes

407 1334 534 1404 perfert,
565 1350 600 1387 ne
625 1335 760 1387 existimet
790 1335 904 1404 aliquid
930 1352 1005 1401 esse,
1037 1335 1103 1388 licet
1136 1334 1248 1404 psidcis
1275 1331 1475 1387 conducuntur
1493 1340 1519 1386 et
1537 1349 1571 1385 88
1587 1333 1718 1402 operibus
1737 1332 1810 1399 lepis
1825 1347 1903 1384 nemo
1923 1329 2112 1398 justificatur,

411 1420 526 1487 feeerit,
552 1419 596 1474 uel
623 1421 708 1473 811818
728 1422 804 1490 quod
819 1438 925 1474 summo
943 1438 1039 1475 amore
1058 1428 1141 1490 1118118
1160 1420 1250 1474 animi
1275 1420 1368 1472 idest
1392 1420 1460 1489 quia
1485 1436 1538 1489 per
1562 1420 1650 1489 lepem
1668 1426 1815 1487 peceatssm
1840 1416 2034 1484 capnoseitur,
2060 1416 2113 1470 ssd

413 1513 514 1559 conatu
531 1505 612 1575 operi
624 1509 810 1575 producendo
828 1508 991 1560 incubuerit.
1026 1508 1070 1561 Ne
1089 1507 1176 1575 ipitur
1194 1507 1248 1560 eei·
1275 1506 1360 1575 culpa
1379 1525 1436 1560 non
1455 1508 1620 1572 relocatur,
1644 1505 1792 1558 uidebatur
1810 1504 1854 1557 lec
1871 1503 2010 1566 nocuisse,
2040 1516 2113 1569 quae

412 1591 513 1661 stimet,
531 1599 561 1646 te
576 1593 608 1645 in
623 1593 724 1647 uirtute
734 1593 916 1662 praevenisse
928 1593 1079 1648 Dominum
1097 1595 1248 1647 secundum
1276 1609 1368 1645 omnes
1398 1594 1508 1659 seruat
1536 1599 1715 1661 peccatores,
1747 1591 1799 1645 sed
1829 1588 1942 1644 8881888
1971 1588 2113 1642 Domimce

280 1681 333 1722 vm
358 1682 399 1725 110.
413 1694 488 1745 eum,
518 1678 569 1748 qui
586 1678 672 1731 suo.-
697 1680 758 1749 ipse
777 1687 830 1746 est,
860 1680 911 1749 qui
927 1688 1062 1748 operatur
1079 1680 1110 1733 in
1127 1680 1208 1733 nobis
1224 1690 1249 1733 et
1274 1678 1361 1731 Jesus
1374 1687 1522 1748 peceatum
1540 1680 1673 1742 omnibus,
1684 1679 1762 1748 quod
1777 1694 1856 1731 uento
1872 1682 1985 1746 poterat
1996 1673 2113 1737 enitare,

412 1764 483 1818 velie
508 1772 534 1818 et
553 1766 688 1833 perficere
707 1782 764 1835 pro
788 1766 860 1819 bona
879 1766 1028 1823 uoluntate.
1066 1783 1094 1836 p.
1114 1771 1176 1821 206:
1200 1766 1249 1819 De
1276 1766 1437 1818 1188881181
1466 1753 1681 1835 811888888111181
1702 1772 1829 1818 nostrum
1841 1764 1888 1816 eui
1902 1760 2053 1828 sanquinis
2070 1760 2112 1827 sf-

413 1866 534 1919 munere,
555 1852 633 1919 quod
646 1849 805 1905 Christiani
819 1851 991 1905 hereditario
1003 1853 1073 1921 jure
1086 1853 1250 1922 possessuri
1275 1852 1387 1913 fusione
1406 1852 1508 1905 deiecit
1524 1858 1577 1907 etc.
1619 1851 1690 1905 Ideo
1718 1869 1797 1905 nemo
1813 1850 1950 1920 plorietur
1968 1848 1999 1902 in
2016 1847 2113 1917 operi·

411 1936 491 2004 8881,
519 1945 593 1990 recte
619 1937 670 1990 loc
694 1937 757 2006 quis
781 1938 876 1991 dicere
898 1939 1002 2007 possit,
1036 1939 1064 1992 si
1080 1940 1196 2008 quisque
1215 1956 1248 1993 es
1276 1937 1338 2005 1188,
1354 1938 1421 2005 quia
1440 1954 1519 1992 nemo
1536 1939 1623 2001 factis
1641 1939 1700 1990 aiis
1711 1938 1902 2006 justificatur,
1928 1937 1981 1988 sed
1998 1937 2050 2004 qui
2061 1937 2113 2005 ju·

412 2038 467 2091 quo
485 2031 597 2075 creatus
614 2031 654 2076 est
671 2024 781 2092 Adam,
806 2040 894 2094 usque
917 2026 959 2078 nd
984 2026 1247 2079 consummationem
1274 2031 1333 2076 stus
1351 2031 1403 2090 est,
1421 2025 1553 2077 donatum
1573 2024 1667 2091 luctet,
1686 2024 1755 2092 quio
1768 2040 1823 2093 per
1841 2023 1988 2075 lavacrum
2002 2021 2112 2089 jacenti·

412 2109 512 2163 mundi
542 2109 691 2164 dimicaret
722 2118 821 2164 888188
860 2110 999 2165 Seianam
1036 2119 1063 2165 et
1100 2112 1248 2165 ersstineret
1274 2119 1353 2164 catus
1371 2119 1419 2165 est.
1438 2112 1526 2164 Fides
1539 2128 1605 2181 erpo
1618 2119 1666 2178 est,
1680 2128 1751 2179 quae
1766 2107 2112 2178 liberatpersanpuinem

412 2195 592 2264 afflictiones,
610 2196 682 2250 nihii
703 2199 802 2266 mapni
810 2208 962 2268 peraperet
983 2206 1110 2269 respectu
1126 2198 1246 2269 pemmo.
1275 2195 1388 2259 Christi,
1408 2198 1473 2266 qaia
1494 2199 1590 2252 beatus
1608 2199 1666 2261 iiie,
1685 2198 1733 2250 cui
1745 2204 1890 2266 peccatum
1911 2194 2068 2247 remittitur
2084 2202 2111 2249 d

412 2297 496 2351 811881
519 2292 716 2337 censendum
735 2291 789 2353 est,
823 2286 951 2353 repnabit
976 2286 1049 2338 enim
1079 2286 1110 2338 in
1135 2285 1245 2349 infinita
1273 2284 1355 2336 senia
1376 2284 1508 2339 11888188.
1541 2283 1582 2350 (Si
1602 2284 1732 2354 operibus
1751 2283 1913 2356 legisnemo
1928 2280 2110 2351 justificatur,

411 2368 508 2422 secula
536 2386 594 2422 una
624 2386 686 2423 cum
707 2369 826 2425 0111118.
873 2369 994 2425 Basilius
1023 2371 1052 2425 in
1072 2369 1174 2424 Psalm.
1204 2375 1246 2426 ³2.
1274 2369 1360 2423 multo
1379 2369 1469 2424 minus
1480 2370 1587 2424 eodum
1599 2370 1812 2441 promerebitur3
1831 2368 2002 2423 ostendimus
2013 2374 2110 2423 antam

411 2460 476 2509 totu.
499 2461 521 2509 1.
540 2472 568 2525 p.
585 2460 650 2512 tet:
679 2456 710 2509 Is
729 2466 827 2526 sperat
843 2458 872 2511 in
892 2458 951 2512 Dei
966 2456 1176 2520 misericordia,
1198 2459 1248 2526 qui
1274 2472 1323 2510 suo
1343 2458 1412 2524 loeo,
1430 2474 1479 2525 per
1498 2473 1583 2527 opera
1599 2456 1670 2527 legis
1687 2456 1716 2510 in
1737 2456 1895 2511 universum
1911 2453 2005 2508 omnia
2022 2468 2112 2525 opera

411 2557 467 2594 non
498 2542 629 2611 propriis
657 2543 805 2596 uirtutibus
840 2551 890 2597 aut
913 2545 1053 2612 propriae
1075 2543 1248 2612 fortitudini
1275 2541 1454 2613 intelligenda
1471 2560 1544 2608 esse,
1571 2542 1672 2612 quibus
1698 2543 1727 2596 in
1745 2543 1902 2597 universum
1919 2540 2049 2596 omnibus
2064 2541 2111 2612 ju·

412 2628 543 2697 confidit,
571 2645 660 2698 nsque
679 2646 712 2682 88
728 2630 859 2698 operibus
876 2647 906 2683 re
926 2630 1084 2700 justificari
1101 2630 1247 2696 ecutimot,
1275 2626 1465 2683 stificationem
1488 2629 1540 2684 hoc
1567 2628 1629 2683 loco
1655 2628 1762 2683 detrahi
1787 2646 1821 2684 ex
1844 2628 2018 2699 oppositione
2044 2626 2112 2683 fidei

411 2715 465 2773 sed.
494 2720 600 2767 tantum
623 2716 653 2768 in
677 2715 739 2783 ejus
775 2716 972 2770 misericordia
995 2733 1072 2785 spem
1096 2716 1246 2783 collocans,
1275 2720 1304 2768 et
1331 2730 1462 2785 operum,
1493 2716 1534 2770 uti
1557 2716 1641 2769 etiem
1666 2730 1699 2768 ex
1725 2713 1884 2770 definitione
1899 2712 2112 2783 justificationis

411 2800 488 2853 illud
508 2800 702 2870 propheticum
720 2809 809 2855 18881.Ι
836 2804 910 2856 Ecce
930 2803 1070 2856 Dominus
1096 2810 1124 2855 et
1141 2818 1247 2856 mercer
1275 2818 1324 2871 per
1340 2801 1528 2856 remissionem
1546 2808 1721 2872 peccatorum
1739 2800 1914 2855 manifestum
1934 2802 1995 2867 est.)
2013 2799 2064 2856 lib.
2088 2805 2112 2856 1.

412 2886 474 2955 ejus
495 2894 621 2957 parata,
652 2889 773 2942 reddere
803 2888 953 2958 unicuique
981 2890 1133 2942 secundum
1159 2906 1245 2958 opera
1275 2886 1310 2941 de
1334 2886 1433 2944 Jacob.
1456 2895 1484 2942 et
1508 2888 1566 2942 vita
1589 2887 1672 2943 beata
1693 2904 1715 2942 c.
1740 2893 1765 2942 6.
1790 2888 1819 2940 in
1835 2886 1972 2957 principio
1995 2892 2063 2942 tom.
2085 2893 2112 2943 t.

412 2973 474 3042 ejus
498 2980 523 3026 et
543 2973 697 3043 perpendit
715 2992 803 3043 opera
820 2991 875 3028 sua
892 2975 970 3029 mala
993 2976 1120 3044 adeoque
1138 2984 1164 3029 et
1181 2994 1246 3046 sup·
1274 2991 1301 3045 p.
1321 2978 1386 3029 290:
1415 2973 1474 3027 Sed
1490 2982 1516 3027 et
1536 2974 1612 3028 illud
1629 2975 1698 3027 initi
1710 2976 1843 3043 prodest,
1863 2975 1940 3042 qssod
1956 2973 2114 3042 88818818·-

407 3059 529 3130 plinium
558 3060 636 3113 timet
656 3067 684 3113 et
708 3060 800 3114 minae
824 3061 885 3115 Dei
907 3062 1010 3116 donet
1044 3062 1096 3115 Ad
1113 3062 1166 3116 188
1181 3079 1247 3117 cero
1274 3062 1391 3123 ticamur
1407 3077 1441 3114 eu
1458 3061 1588 3129 operibus
1605 3060 1685 3127 lepis.
1721 3061 1787 3113 Non
1806 3059 1893 3113 118188
1911 3059 2006 3127 1811118,
2033 3060 2113 3114 unde

412 3162 447 3200 ne
464 3146 644 3200 8888818818
662 3164 683 3199 8
700 3146 830 3213 tristitia,
858 3164 908 3216 epe
926 3148 997 3202 hona
1015 3155 1056 3202 eet
1072 3150 1114 3201 ad
1129 3150 1246 3203 misera·
1273 3146 1397 3213 planiori
1415 3163 1448 3199 ea
1467 3147 1596 3215 operimus
1613 3146 1683 3199 mess
1698 3146 1820 3215 possim,
1843 3145 2017 3212 nannetes,
2035 3147 2113 3201 onds

412 3231 501 3285 tiones
537 3238 564 3285 et
597 3231 813 3286 benevolentiam
845 3233 905 3287 Dei
937 3234 1089 3302 respiciens
1120 3238 1171 3290 etc.
1218 3234 1247 3288 iu
1273 3249 1314 3286 me
1331 3233 1443 3302 jactem,
1460 3241 1488 3286 et
1505 3234 1569 3287 ideo
1586 3233 1731 3302 ploriabor
1749 3234 1779 3286 in
1793 3231 1912 3286 Christo.
1937 3230 2114 3298 1181181888·-

411 3317 513 3375 Psalm.
544 3324 601 3375 114.
626 3318 700 3373 eirca
728 3317 850 3373 medium
871 3334 899 3389 p.
924 3322 992 3374 1991
1015 3318 1116 3373 Manet
1137 3322 1247 3391 requies
1273 3320 1350 3388 abor,
1369 3320 1437 3388 quta
1452 3320 1544 3388 justus
1562 3338 1631 3387 sum,
1650 3318 1864 3389 sedploriador,
1884 3319 1951 3387 quia
1968 3319 2113 3373 ruderum

411 3405 580 3474 sempiterna
592 3404 667 3470 ilios,
686 3405 736 3473 qui
753 3403 920 3458 indetrita
933 3405 1055 3474 lepitime
1073 3409 1247 3472 certaverint,
1273 3425 1340 3463 sum.
1378 3403 1543 3473 Gloriatur,
1561 3424 1617 3460 non
1635 3406 1703 3475 quia
1720 3423 1825 3459 uacuus
1837 3404 1951 3473 peccati
1969 3422 2039 3468 sum,
2057 3406 2113 3460 ted

411 3510 467 3547 non
498 3500 631 3561 1811888111
658 3492 781 3545 1188111881
805 3493 937 3561 oporibm
959 3494 1114 3560 redditum,
1138 3497 1191 3548 sed
1213 3497 1246 3549 ob
1273 3494 1341 3563 qssia
1368 3492 1487 3546 remissa
1508 3492 1579 3545 milti
1603 3499 1668 3545 eunt
1687 3498 1815 3560 peecata.
1858 3492 1925 3544 Non
1949 3490 2111 3560 ploriaisor,

412 3576 670 3642 munificentissimi
687 3577 747 3632 Dei
770 3579 910 3648 pretinm,
931 3580 961 3633 in
985 3598 1040 3650 quo
1063 3591 1246 3651 speraverunt
1273 3581 1341 3649 qseia
1355 3580 1572 3650 pressiusque
1591 3579 1785 3647 quiaprofuit
1804 3577 2037 3646 milipuisquam,
2055 3579 2111 3633 sed

413 3664 542 3720 88111118.
583 3664 780 3731 (Bellsrminns
809 3664 926 3736 excipit:
959 3673 981 3721 1.
1009 3666 1039 3721 111
1069 3665 1177 3721 Graeco
1207 3668 1247 3723 sic
1266 3667 1340 3736 >ostia
1359 3684 1414 3736 pro
1437 3681 1479 3719 me
1504 3667 1656 3719 8118888188
1675 3667 1756 3734 apud
1772 3667 1885 3718 Patrem
1904 3663 2033 3717 Christro
2056 3672 2110 3729 eet,

412 3750 527 3806 haberi:
558 3747 591 3804 οὗ
612 3749 672 3804 κατ’
699 3748 839 3825 ὀφείλημα
858 3753 915 3805 τῶν
932 3752 1022 3826 ἔργων
1041 3750 1246 3826 ἀποδεδομένα,
1272 3755 1324 3807 sed
1352 3754 1420 3822 quia
1439 3770 1496 3821 pro
1520 3770 1562 3805 me
1580 3754 1695 3820 sanpuis
1716 3751 1822 3805 Christi
1846 3754 1951 3821 effusus
1969 3758 2018 3806 est.
2057 3750 2108 3806 lib.

413 3836 484 3893 111111
514 3830 583 3891 ime
608 3838 659 3891 τοῦ
685 3836 884 3910 μεγαλοδώρου
911 3840 994 3905 θεοῦ,
1024 3845 1056 3894 nt
1082 3840 1120 3894 sit
1141 3856 1247 3910 sensus,
1273 3839 1308 3894 de
1330 3838 1404 3894 bono
1430 3839 1525 3893 mortis
1554 3856 1584 3894 a·
1596 3844 1619 3895 1.
1640 3839 1676 3893 118
1691 3838 1801 3894 Davide
1821 3837 1908 3892 verba
1924 3836 2033 3892 faciens
2053 3835 2108 3891 ait:

412 3927 499 3980 uitam
518 3930 662 3978 adernam
673 3925 742 3978 dari
754 3942 810 3979 non
824 3927 977 3979 secundum
990 3926 1111 3979 1181118118
1123 3943 1246 3996 operum,
1275 3926 1356 3988 Quod
1368 3935 1502 3995 tanquam
1517 3926 1688 3996 pereprinus
1702 3927 1743 3978 od
1758 3926 1838 3979 iilam
1851 3932 2013 3977 sanctorum
2031 3941 2107 3977 eom·

411 4012 465 4065 sed
484 4012 636 4065 comodum
664 4011 786 4064 monum
808 4010 868 4064 Dei
889 4009 1146 4076 munificentissimi.
1194 4012 1247 4069 Re-
1272 4030 1380 4066 munem
1398 4013 1519 4067 omnium
1534 4014 1663 4082 patriam
1673 4013 1834 4080 festinabat
1848 4019 1961 4079 petens,
1981 4027 2038 4079 pro
2057 4010 2109 4066 hu·

411 4097 594 4171 spondemus:
630 4098 701 4156 bens
726 4104 783 4162 est,
816 4097 842 4153 si
867 4098 925 4152 vita
948 4105 1062 4154 aeterna
1084 4117 1141 4154 non
1165 4101 1247 4155 datur
1272 4100 1318 4167 ius
1335 4100 1561 4153 commorationis
1580 4100 1786 4167 inquinamento
1806 4098 1911 4151 remitti
1938 4097 1994 4150 sibi
2006 4113 2110 4166 peccc-

412 4186 564 4242 secuudum
589 4183 715 4240 debitum
736 4202 863 4256 operum,
896 4184 1034 4257 quomodo
1055 4203 1139 4256 opera
1166 4196 1247 4242 erunt
1273 4195 1315 4256 ta,
1337 4188 1505 4256 priusquam
1528 4187 1683 4240 discederet
1707 4185 1775 4238 sita.
1823 4183 1880 4246 Qui
1895 4184 1967 4237 enim
1986 4184 2032 4237 lic
2051 4201 2110 4238 non

414 4287 447 4326 ex
475 4271 613 4343 condigno
641 4271 716 4326 vitae
742 4278 872 4328 aeternae
902 4271 1057 4337 meritoris,
1086 4272 1171 4344 idque
1189 4291 1246 4328 non
1273 4274 1381 4343 accepit
1394 4273 1583 4326 remissionem
1597 4279 1786 4341 peecatorum,
1807 4270 1869 4324 dlis
1886 4287 1943 4323 non
1960 4270 2032 4338 erit,·
2051 4287 2109 4325 non

413 4358 501 4413 solum
520 4357 627 4412 18118118
643 4357 733 4428 pacti,
759 4358 910 4413 sedetiam
928 4359 1034 4413 ratione
1053 4375 1184 4429 operum,
1208 4359 1245 4415 its
1274 4359 1327 4412 erit
1344 4367 1454 4428 antem,
1478 4359 1546 4428 quia
1574 4359 1617 4411 ad
1640 4358 1727 4411 811811
1750 4366 1892 4410 aeternam
1912 4374 1967 4411 non
1980 4356 2111 4423 potuerit

412 4449 445 4498 nt
463 4443 592 4514 inopere
611 4443 685 4497 bono
705 4461 739 4498 ex
758 4444 851 4515 gratia
869 4444 1038 4515 procedente
1057 4444 1092 4500 sit
1109 4445 1246 4517 quaedam
1269 4446 1431 4515 peruenire,
1465 4446 1532 4514 qnia
1559 4445 1617 4498 sito
1639 4451 1754 4497 aeterna
1780 4443 1906 4497 remissio
1927 4447 2112 4512 precatoriae

410 4530 553 4602 proportio
570 4538 599 4586 et
616 4530 770 4600 aequalitas
791 4531 826 4586 ad
839 4531 992 4602 praemium
1004 4532 1080 4586 vitae
1098 4532 1246 4588 aeternae?
1274 4540 1323 4589 est.
1361 4532 1401 4599 (si
1421 4530 1514 4587 David
1539 4546 1588 4601 per
1614 4529 1801 4585 remissionem
1819 4535 1997 4599 peccatorum
2013 4545 2111 4586 conso

411 4618 466 4672 Per
483 4615 609 4671 debitum
626 4616 680 4672 Dei
708 4634 764 4672 non
783 4618 949 4689 intelligitur
975 4616 1099 4673 debitum
1119 4619 1247 4688 justitiae
1274 4625 1354 4674 cutus
1381 4626 1423 4674 est
1445 4618 1531 4672 vitam
1555 4623 1708 4685 aetmnam,
1732 4616 1828 4687 utique
1854 4631 1910 4670 non
1937 4632 1987 4686 per
2013 4616 2112 4673 merita

412 4704 442 4758 in
460 4702 638 4775 aequalitate,
658 4703 707 4759 sed
725 4703 849 4760 debitum
868 4703 1056 4775 promissionis
1073 4705 1103 4759 in
1122 4705 1247 4762 bonitate
1274 4722 1388 4778 operum
1415 4706 1545 4770 suorum.)
1586 4701 1773 4772 Hieronymus
1799 4700 1846 4756 lib.
1871 4707 1891 4758 1.
1916 4702 1978 4755 adv.
1997 4700 2111 4773 pelago

410 4791 566 4847 fundatum.
611 4796 636 4847 2.
655 4791 684 4846 A
702 4792 816 4847 Basilio
840 4792 953 4846 melodi
974 4810 1008 4845 ea
1031 4793 1121 4846 solum
1138 4794 1247 4861 merita,
1273 4793 1310 4846 ln
1331 4791 1550 4846 Deuteronomio
1569 4790 1721 4859 perspicue
1746 4790 1968 4857 demonstratur,
1991 4805 2049 4841 non
2081 4788 2111 4843 ts

411 4893 483 4946 puae
512 4876 569 4930 sint
600 4877 708 4932 homini
729 4896 748 4932 a
774 4895 812 4932 se.
859 4877 1084 4948 Respondemus:
1114 4877 1167 4934 hoc
1197 4878 1247 4952 fig·
1274 4878 1403 4948 operibns
1420 4876 1525 4930 nostris
1543 4883 1625 4943 atque
1630 4874 1756 4944 justitia,
1774 4876 1826 4928 sed
1843 4875 1903 4928 Dei
1913 4874 2112 4928 misericordia

412 4969 534 5020 mentum
556 4963 745 5035 apertissimus
770 4969 863 5019 textus
886 4964 1039 5021 clarissime
1063 4964 1183 5035 refellit,
1208 4966 1247 5022 lo·
1273 4983 1325 5018 nos
1343 4963 1518 5025 conseruari,
1551 4962 1661 5015 dicente
1680 4961 1803 5014 Domino
1827 4977 1884 5029 per
1909 4961 2043 5028 Moysen:
2075 4978 2111 5017 88

412 5051 508 5122 quitur
524 5051 597 5105 euim
617 5050 651 5106 ds
671 5048 753 5105 188118
781 5049 904 5123 legitime
929 5051 1108 5121 certantium,
1131 5070 1247 5124 quorum
1275 5053 1356 5105 dicas
1376 5051 1406 5103 in
1430 5050 1600 5116 cordetuo,
1626 5065 1688 5101 cum
1713 5047 1877 5100 subverterit
1901 5063 1948 5100 eos
1969 5047 2111 5102 Dominus

413 5141 487 5192 certe
510 5136 586 5191 facta
610 5135 668 5190 aive
692 5152 776 5206 opem
798 5153 854 5191 nou
877 5137 936 5193 sine
958 5138 1049 5210 gratia
1077 5139 1154 5193 facta
1175 5144 1247 5193 sunt.
1276 5138 1355 5190 Deus
1382 5154 1400 5189 o
1424 5135 1503 5199 faeie
1528 5143 1593 5201 tua,
1624 5134 1654 5185 in
1676 5132 1789 5201 justitia
1810 5149 1872 5185 mea
1895 5131 2051 5187 introdsmit
2070 5151 2112 5189 nee

413 5222 626 5278 aPrcsenan·
644 5223 698 5276 iila
716 5223 826 5292 merita,
844 5240 915 5293 quae
934 5233 998 5278 ssent
1015 5241 1048 5278 88
1064 5225 1168 5293 pratia,
1186 5243 1249 5278 eum
1275 5223 1430 5289 Dominus,
1450 5230 1481 5275 ut
1503 5222 1666 5290 possideam
1690 5227 1796 5272 18181118
1812 5219 1954 5274 11888818.
1994 5218 2024 5272 in
2042 5236 2066 5274 8
2087 5226 2111 5276 5.

412 5310 521 5379 requies
544 5318 659 5366 aeterna
684 5325 797 5363 manae
820 5311 933 5364 dicatur
956 5312 1077 5379 lepitime
1103 5319 1248 5365 certantes.
1274 5310 1369 5365 Rom:
1389 5310 1478 5362 Nemo
1496 5325 1547 5360 suo
1565 5308 1673 5373 merito,
1691 5308 1743 5359 sed
1760 5322 1854 5359 omnes
1876 5305 2034 5374 aequaliter
2052 5308 2115 5361 Dei

412 5395 637 5466 Respondemus:
667 5396 810 5451 continent
835 5396 905 5453 haee
929 5398 1015 5453 rerba
1038 5397 1247 5468 descriptionem
1275 5396 1371 5466 pratia
1396 5402 1461 5448 sunt
1484 5393 1597 5449 salvati.
1639 5392 1669 5446 in
1693 5391 1771 5464 epist
1795 5392 1832 5446 ed
1849 5391 1977 5446 Philem.:
2006 5390 2113 5446 &asic

398 5482 550 5553 'subjeeti,
575 5483 676 5556 quibus
702 5481 810 5537 scilieet
836 5481 918 5538 1181111·
946 5483 1004 5538 vita
1031 5490 1158 5551 aeterua,
1191 5500 1248 5539 non
1275 5490 1323 5549 est,
1344 5481 1491 5550 8118811118
1510 5483 1609 5534 merito
1626 5488 1675 5533 out
1695 5496 1778 5549 opere
1789 5478 1948 5533 servemini.
1975 5477 2065 5548 Epist.
2079 5484 2113 5536 8:

414 5568 1136 5640 88188888888881118118881881818888118181.)
1171 5569 1248 5624 Elias
1280 5568 1332 5621 Ubi
1355 5567 1466 5635 pratia,
1494 5584 1550 5620 non
1574 5583 1690 5635 operum
1713 5566 1877 5633 retributio,
1899 5568 1951 5618 sed
1977 5565 2113 5621 8811811118

414 5651 553 5709 Cretensis
570 5654 599 5709 in
617 5653 1087 5711 Nmisnc.orst.dssleouEu1m:
1109 5658 1249 5710 Debemus
1275 5664 1315 5708 eet
1345 5654 1475 5722 iarpitas.
1521 5652 1696 5724 Augustinus
1722 5651 1771 5708 lib.
1800 5651 1836 5707 de
1860 5652 1952 5723 gratia
1978 5664 2006 5706 81
2022 5650 2113 5708 libero

410 5758 466 5810 per
479 5739 703 5796 misericordiam
715 5743 870 5797 8818811881
883 5740 965 5795 111881
977 5742 1144 5810 inteilipsre,
1163 5760 1249 5813 88881
1275 5740 1390 5795 arbitrio
1411 5756 1435 5795 c.
1461 5745 1484 5795 9.
1510 5739 1539 5793 in
1562 5739 1664 5794 Psalm.
1689 5745 1731 5793 ¹10.
1755 5755 1830 5794 cone.
1859 5744 1882 5794 2.
1909 5755 1989 5794 serm.
2012 5744 2050 5794 15.
2076 5739 2114 5796 de

417 5828 496 5881 Deus
524 5826 604 5879 notes
631 5829 770 5896 rependit.
817 5828 879 5885 Nos
909 5828 981 5882 enim
1009 5835 1144 5897 tanquam
1173 5828 1251 5882 serui
1275 5826 1367 5882 verbis
1397 5831 1486 5896 spost.
1522 5831 1607 5897 atque
1636 5824 1702 5878 alibi
1730 5825 1833 5895 passim
1857 5827 1959 5879 merita
1980 5824 2112 5881 excludit

413 5912 548 5971 mn
559 5911 699 5979 mmm,
715 5894 747 5967 lc
765 5914 872 5984 muns
891 5927 1018 5985 quam
1041 5920 1067 5968 c
1082 5913 1148 5966 oco
1164 5870 1463 5982 maciomanum
1476 5910 1594 5982 exeipit,
1617 5927 1657 5965 ,ω
1673 5910 1765 5965 somn
1780 5912 1882 5966 noos
1897 5912 1934 5966 a
1951 5910 2112 5981 ommno
