4800 6659
423 447 463 513 bh
1013 446 1136 507 LOCU!
1152 442 1325 505 neamus
1344 445 1532 510 teramus

423 543 581 676 plectatur?
613 608 637 659 4.
655 601 828 674 Respondet:
845 603 879 658 id
896 605 973 675 quod
989 602 1095 657 dieitur
1114 601 1184 657 Gen.
1203 605 1254 656 lo.-
1281 603 1503 677 Respondemus:
1526 607 1555 662 id
1572 623 1638 663 vero
1661 611 1705 663 sst
1722 604 1822 679 nugari
1840 609 1869 661 et
1885 602 1977 660 ιιιιιιοι
1994 604 2117 661 clarissi-

424 688 556 745 Oredidit
573 689 718 744 Abraham
736 690 801 745 Deo
818 698 845 746 et
862 697 1021 761 repedatum
1040 696 1080 744 est
1099 689 1127 743 ei
1149 688 1224 743 ad
1204 707 1254 758 Ja
1281 708 1343 748 mae
1359 691 1416 748 luci
1434 693 1591 766 obvertere,
1609 698 1642 749 ut
1659 693 1742 751 etiam
1760 692 1828 749 abbi
1844 689 2009 747 ιιιοιιιιίιιιιιι
2042 690 2119 755 Quid

424 776 546 846 stitiam,
570 775 599 830 si
620 776 703 830 oeta
731 776 864 831 Hebraea
887 776 1038 847 dsiipentsr
1057 776 1254 845 inspiciantur,
1281 778 1354 834 enim
1385 779 1485 835 clarius
1514 780 1570 835 dici
1598 786 1720 853 poterut,
1751 796 1835 852 quem
1869 776 1945 850 quod
1973 777 2120 848 apostolus

425 863 497 917 tune
515 862 614 916 hadas
633 878 756 931 sensum,
779 864 856 932 qaod
877 870 956 917 aetus
975 862 1025 917 ille
1043 862 1179 924 credendi
1193 863 1256 926 fue·
1282 863 1414 932 affirmet,
1438 867 1628 921 Abrotonum
1644 866 1840 937 jmesioaemn
1857 881 1912 918 non
1932 879 1966 918 ee
1985 863 2120 933 οροιίὸιιι

425 950 465 1003 ιιι
482 966 551 1019 opus
563 950 672 1018 justum
692 957 719 1003 et
736 949 909 1004 meritorium
930 956 956 1003 et
970 966 1025 1019 pro
1045 950 1099 1003 tati
1109 948 1145 1001 sit
1160 966 1179 1001 a
1191 949 1256 1002 Deo
1282 968 1307 1005 v.
1325 957 1355 1021 23
1376 955 1429 1007 red
1445 971 1478 1008 ee
1493 954 1563 1021 side
1581 971 1607 1007 v.
1627 959 1657 1023 33
1683 952 1865 1023 imputatione
1882 952 2036 1005 secundem
2053 968 2120 1020 pra-

419 1035 582 1106 judicutum
600 1042 626 1089 et
643 1043 799 1105 acceptum,
822 1042 852 1090 ut
874 1036 927 1090 dac
944 1036 1014 1103 side
1037 1034 1181 1088 Abs-adom
1200 1051 1257 1087 non
1283 1038 1352 1091 Ram
1369 1057 1395 1093 v.
1414 1046 1446 1109 43
1464 1056 1520 1094 non
1538 1042 1692 1111 operando,
1713 1042 1766 1092 red
1782 1039 1923 1092 credendo
1939 1043 1967 1091 et
1976 1051 2032 1106 pes·
2042 1035 2123 1101 fidei

425 1122 463 1177 sit
483 1122 586 1191 factus
602 1122 699 1192 justise
725 1140 759 1178 ee
783 1124 883 1193 impio,
906 1125 959 1177 sed
977 1123 1086 1193 justior
1114 1139 1146 1176 ea
1164 1123 1257 1191 justo.
1283 1125 1493 1194 immolationem
1511 1145 1537 1183 v.
1559 1133 1589 1195 53
1611 1143 1666 1197 pes·
1685 1126 1895 1195 imputationem
1906 1123 2042 1193 justitiae
2058 1123 2120 1176 sine

428 1205 516 1280 Atqui
559 1206 630 1264 baec
675 1208 864 1281 interpretatio
904 1208 1080 1264 disertissime
1120 1213 1259 1279 repugnat
1283 1212 1414 1281 operihsss
1436 1230 1461 1267 v.
1485 1218 1517 1281 63
1541 1230 1596 1283 per
1619 1213 1809 1267 remissionem
1833 1210 2013 1281 miquitatum
2037 1228 2064 1268 v.
2088 1215 2120 1278 “13

427 1294 529 1364 Paulo,
564 1293 588 1349 is
614 1310 647 1349 ex
674 1293 727 1350 hoc
752 1295 826 1350 dicto
846 1294 993 1351 Geneseos·
1006 1294 1104 1362 insert,
1133 1292 1258 1349 Abraha·
1283 1314 1339 1351 non
1364 1299 1530 1367 imputando
1551 1306 1698 1368 peceatum
1723 1316 1748 1351 v.
1768 1303 1800 1367 8;
1825 1313 1880 1368 per
1906 1295 2121 1365 imputationem

429 1398 504 1435 mum
519 1378 702 1450 justificatum
721 1396 781 1435 esse
789 1379 852 1449 fide,
870 1397 925 1435 nou
943 1398 976 1437 ex
995 1379 1132 1451 operibus,
1152 1378 1259 1435 Bellar·
1283 1384 1359 1449 fidei
1374 1383 1569 1453 adjectitium
1588 1399 1614 1437 v.
1631 1390 1661 1452 93
1680 1391 1711 1436 ut
1728 1386 1788 1454 ipse
1808 1390 1879 1437 essa
1893 1390 1980 1452 poter
1995 1380 2120 1435 omnim
2181 1374 2186 1390 ⁴

427 1467 519 1521 minus
536 1482 570 1521 ex
587 1466 684 1522 eodem
703 1466 763 1522 vult
782 1467 894 1537 elicere,
918 1467 1108 1522 Abrahamum
1122 1463 1257 1537 justifica·
1284 1471 1468 1533 merientium,
1498 1476 1529 1524 ut
1557 1478 1583 1523 et
1608 1470 1679 1539 ι’ριιι
1700 1470 1819 1539 justitia
1845 1469 1996 1539 imputetur
2021 1486 2048 1523 v.
2079 1472 2120 1523 11.

427 1557 486 1608 tum
511 1568 571 1608 esse
597 1568 680 1623 opere
706 1553 825 1625 quodam
848 1554 925 1624 justo
953 1560 981 1609 et
1004 1547 1160 1617 meritorio}
1193 1567 1258 1623 apo
1285 1554 1338 1620 Qui
1359 1562 1416 1611 tam
1433 1555 1588 1611 evidentem
1607 1556 1642 1611 de
1660 1554 1726 1610 fidei
1744 1555 1849 1627 absque
1869 1553 2000 1625 operibus
2014 1552 2120 1624 justiti-

427 1638 513 1694 stolus
535 1655 568 1693 ex
592 1638 666 1694 dicto
693 1638 739 1694 illo
767 1638 865 1705 infert,
892 1641 1030 1709 eredesti,
1057 1656 1113 1692 non
1129 1638 1260 1708 operanti
1284 1642 1392 1697 catione
1412 1642 1626 1713 disputationem
1644 1658 1781 1714 exponere
1792 1641 1860 1697 velit
1870 1641 1905 1697 de
1914 1638 2121 1711 justificatione

427 1724 563 1794 imputari
571 1725 669 1792 sidem
685 1727 728 1778 ad
742 1725 889 1794 iustitiam,
909 1725 1093 1781 Bellarminus
1111 1740 1144 1779 ex
1161 1723 1257 1779 eodem
1284 1746 1409 1799 operum,
1428 1745 1510 1800 quam
1529 1728 1678 1783 secundam
1695 1734 1810 1796 vocant,
1828 1741 1881 1782 nae
1899 1725 1923 1780 is
1941 1725 1977 1780 ad
1996 1723 2121 1780 clarissi-

427 1810 488 1865 vult
511 1809 610 1866 elicere
634 1816 727 1866 actum
752 1811 881 1867 credendi
905 1811 991 1868 inisse
1009 1827 1078 1882 opus
1100 1812 1207 1882 justum
1230 1818 1258 1865 et
1284 1815 1456 1869 mamlucem
1469 1813 1936 1885 oculosclauderejudicandusest.
1955 1810 2121 1883 Nonloqui·

426 1896 603 1953 meritorium.
638 1896 734 1952 Verba
750 1896 881 1952 Hebraea
902 1898 977 1970 quod
997 1896 1104 1960 attinet,
1124 1913 1179 1951 uon
1193 1912 1257 1950 con·
1285 1908 1329 1955 tur
1347 1900 1488 1971 apostolus
1505 1899 1685 1971 hypothetice
1702 1900 1737 1955 de
1752 1898 1889 1971 operibus,
1907 1914 1978 1970 quae
1990 1896 2121 1953 Abraha-

427 1982 556 2042 cedemus
582 1982 764 2051 Bellarmino,
791 1983 865 2055 quod
892 1983 1038 2039 Hebraeae
1062 1982 1150 2053 magis
1174 1980 1259 2036 fuerit
1285 2004 1346 2041 mus
1364 1988 1423 2043 siue
1441 1986 1496 2042 fide
1514 1986 1606 2042 facere
1624 1986 1771 2058 potuisset,
1795 1986 1843 2042 ssd
1861 1984 1988 2040 absolute
2007 1988 2036 2039 et
2054 1982 2120 2038 sim·

427 2083 544 2141 guarus,
563 2084 647 2206 Quam
665 2068 821 2157 apostolus,
843 2070 882 2123 sio
902 2077 995 2125 autem
1015 2075 1127 2138 sonant,
1156 2067 1258 2143 mli-*J
1253 2069 2120 2145 pliciternegatAbrehamumexoperibusJ'ustiflcatumesse.

428 2154 577 2232 reputt
605 2145 758 2231 'quinum
788 2147 910 2229 fl'ttffi,
946 2155 1101 2227 Pugniuus:
1129 2154 1259 2210 Credidit
1285 2158 1367 2214 Adde
1386 2160 1461 2231 quod
1479 2157 1640 2230 hypothesis
1665 2158 1714 2213 illa
1738 2157 1869 2229 jesuitica
1889 2158 1926 2212 sit
1948 2155 2070 2211 conficta
2093 2159 2124 2210 et

429 2208 552 2295 Dominio
591 2248 616 2295 et
652 2242 799 2310 imputauit
836 2192 912 2296 illuri
945 2242 1001 2295 sibi
1037 2244 1078 2294 ud
1106 2241 1259 2310 justitiam
1286 2243 1470 2317 impossibilis.
1496 2244 1593 2315 Fmgrt
1603 2243 1796 2311 Bellarminus
1814 2242 2003 2314 apostolum
1980 2259 2021 2298 ιιι
2036 2258 2123 2314 argu·

426 2326 595 2382 Benedictus
618 2327 717 2382 Αιίιιιι
743 2328 906 2383 Oredidit'
893 2347 923 2382 sn
947 2328 1099 2382 Dominum
1120 2335 1146 2381 et
1172 2328 1261 2396 impu·
1286 2332 1418 2386 mentun:
1453 2330 1580 2384 Hominis
1599 2329 1669 2401 J'usti
1687 2346 1772 2401 opera
1789 2328 1848 2383 siue
1866 2328 1923 2384 fide
1939 2345 1996 2383 nou
2013 2326 2124 2383 iaciunt

372 2415 377 2428 '
429 2414 500 2468 taoit
517 2414 594 2469 iilud
611 2415 638 2468 ei
652 2413 682 2467 in
694 2414 846 2483 justitiam.
870 2414 1041 2470 Munsterus:
1060 2413 1188 2467 Credidit
1201 2415 1262 2467 Do·
1288 2434 1349 2471 euru
1365 2419 1525 2489 justiorem,
1541 2434 1608 2488 ergo
1625 2433 1677 2471 nec
1695 2432 1779 2487 opera
1795 2416 1854 2471 sine
1871 2413 1928 2470 fide
1946 2414 2055 2470 faciunt
2071 2414 2122 2470 ho

430 2501 505 2555 mino
523 2507 549 2555 et
565 2501 708 2571 reputavit
724 2501 775 2557 hoc
795 2501 844 2555 illi
859 2502 1052 2571 injustitiam.
1090 2498 1262 2555 Chaldaeus:
1287 2504 1387 2559 minem
1407 2506 1522 2575 Justum.
1558 2504 1598 2557 At
1625 2503 1763 2574 quomodo
1781 2502 1924 2557 Abraham
1944 2500 2000 2556 fids
2016 2500 2122 2573 justifl-

421 2588 562 2643 ¹Credidit
583 2588 612 2640 in
630 2589 742 2641 verbm
760 2588 880 2641 Domini
896 2595 921 2640 et
938 2587 1077 2657 reputavit
1100 2586 1147 2639 iili
1163 2586 1215 2639 boc
1232 2586 1263 2638 in
1287 2596 1366 2644 catus
1397 2589 1488 2660 potuit
1516 2590 1591 2645 bona
1615 2605 1700 2660 opera
1725 2588 1818 2643 facere
1847 2588 1906 2642 sine
1930 2586 2009 2642 fide?
2044 2585 2122 2642 Num

425 2673 578 2744 iristitiam
599 2673 750 2744 Apostolus
762 2672 845 2727 LXX
856 2673 1019 2744 interpretes
1031 2679 1142 2728 secutus
1153 2672 1264 2744 passive
1284 2676 1394 2746 justitia
1413 2676 1441 2730 in
1461 2693 1600 2748 quoquam
1615 2674 1701 2730 habet
1716 2675 1808 2730 locum
1827 2674 1932 2746 absque
1949 2672 2025 2729 fide?
2052 2673 2122 2745 quin

429 2760 526 2816 vertit:
546 2759 679 2828 ltoytodn
696 2756 769 2829 αὐτῷ
781 2762 819 2819 εις
829 2759 1035 2827 διιαιουσύιην,
1052 2759 1177 2831 quumvis
1189 2758 1261 2814 enim
1288 2762 1379 2833 potius
1402 2762 1545 2834 apostolus
1571 2762 1726 2833 exemplum
1743 2759 1874 2816 Abrabae
1891 2760 1996 2815 directe
2013 2775 2123 2814 accom-

431 2845 547 2901 verbum
566 2843 726 2900 Hebraeum
744 2861 799 2900 non
819 2847 848 2900 in
867 2845 990 2917 passiva,
1014 2845 1064 2900 sed
1087 2845 1178 2901 activa
1195 2861 1262 2899 voce
1287 2848 1381 2903 modat
1410 2848 1445 2902 ad
1472 2847 1624 2902 doctrinam
1649 2847 1684 2902 de
1704 2845 1901 2917 justificatione
1925 2844 1991 2901 fidei
2014 2846 2124 2917 absque

428 2930 579 2996 scribatur,
600 2937 702 2985 norunt
724 2936 817 2985 tamen
841 2947 938 2986 sacrae
957 2930 1070 3001 linguae
1086 2931 1182 3001 periti,
1213 2949 1261 2985 no·
1287 2934 1418 3005 operibus
1440 2939 1525 3006 atque
1544 2933 1614 2988 illud
1630 2933 1717 2988 veluti
1739 2932 1863 3005 regulam
1883 2931 2023 3004 quandam
2037 2933 2122 3002 justi·

428 3034 494 3072 vum
518 3023 602 3086 atoue
626 3016 765 3072 insolitum
785 3033 840 3073 nou
859 3034 934 3083 esse,
960 3034 1031 3089 quae
1048 3017 1138 3073 active
1156 3025 1262 3082 sonant,
1288 3019 1424 3075 ficatiouis
1447 3019 1588 3092 proponit,
1611 3025 1643 3074 ut
1667 3026 1784 3091 apparet
1806 3034 1839 3073 ex
1862 3036 1888 3072 v.
1911 3024 1951 3075 11.
1972 3022 2013 3073 23.
2032 3024 2061 3073 et
2079 3025 2122 3075 ²4.

429 3104 540 3176 passive
557 3103 594 3159 ab
615 3104 764 3176 interprete
781 3106 858 3161 verti.
894 3104 1015 3160 Perinde
1033 3104 1185 3176 igiturest,
1205 3104 1263 3160 sive
1288 3105 1420 3162 Violeuta
1457 3106 1543 3178 igitur
1578 3105 1728 3161 &modum
1758 3111 1787 3161 et
1815 3106 1898 3176 plene
1924 3104 2122 3161 inconvenieus

430 3189 551 3256 dicatur,
576 3189 651 3262 quod
672 3190 742 3246 fides
766 3190 897 3246 Abrahae
921 3190 1058 3262 imputata
1080 3190 1105 3246 ei
1124 3191 1208 3247 fuerit
1226 3192 1261 3246 ad
1290 3199 1332 3247 est
1358 3192 1407 3246 illa
1438 3191 1605 3248 Bellarmini
1630 3191 1732 3263 glossa,
1759 3190 1834 3263 quod
1862 3191 1967 3245 Paulus
1990 3190 2123 3263 loquatur

426 3276 564 3349 justitiam
585 3280 629 3346 (ut
645 3278 786 3349 apostolus
805 3278 927 3350 loquitur
943 3278 1023 3335 Rom.
1043 3285 1072 3345 4,
1090 3297 1115 3333 v.
1134 3282 1185 3346 5.),
1204 3279 1262 3334 sive
1289 3279 1324 3334 de
1358 3277 1556 3348 justificatione
1591 3277 1696 3347 prima,
1733 3277 1855 3334 Jacobus
1889 3282 1982 3332 autem
2013 3276 2049 3333 de
2075 3279 2124 3349 ju·

429 3364 505 3437 quod
520 3364 598 3419 Deus
616 3363 699 3421 fidem
719 3364 897 3435 imputaverit
913 3362 1044 3420 Abrahae
1065 3365 1262 3436 adjustitiam,
1289 3363 1453 3419 stificatione
1487 3364 1622 3433 secunda,
1660 3368 1688 3419 et
1721 3369 1814 3420 ιιιιιιιιι
1844 3363 2000 3435 exemplum
2029 3363 2122 3421 Abra·

311 3459 370 3500 vrrs.
384 3457 416 3502 ιι.
429 3467 525 3507 seusus
559 3451 632 3506 enim
661 3450 810 3522 utrobique
842 3450 916 3504 idem
944 3457 998 3519 est,
1028 3450 1159 3507 videlicet
1186 3453 1261 3524 quod
1289 3450 1341 3506 hae
1373 3451 1448 3522 apud
1483 3451 1600 3505 Paulum
1637 3450 1739 3522 accipit
1774 3451 1809 3507 de
1844 3449 2045 3522 justificatione
2080 3468 2123 3507 se·

429 3535 607 3592 Abrahamus
631 3535 687 3591 fide
709 3535 916 3608 promissionem
934 3536 1073 3593 benedicti
1092 3538 1203 3592 seminis
1221 3556 1261 3593 re·
1289 3537 1387 3590 cunda.
1435 3537 1599 3608 Exemplum
1633 3536 1767 3591 Rahabae
1801 3537 1875 3608 apud
1911 3536 2049 3592 Jacobum
2086 3539 2123 3595 de

428 3622 563 3695 spiciente
580 3629 608 3679 et
625 3622 851 3694 apprehendente
871 3622 956 3677 fuerit
974 3639 1065 3678 coram
1084 3622 1145 3680 Deo
1159 3626 1262 3696 justus,
1285 3622 1483 3694 justificatione
1525 3624 1631 3695 prima,
1676 3623 1721 3678 cui
1757 3622 1971 3678 violentissimae
2010 3624 2122 3695 glossae

428 3709 503 3781 quod
527 3708 604 3765 Deus
630 3709 818 3765 Abrahemum
842 3710 969 3783 justitia,
1000 3729 1056 3782 qua
1084 3728 1176 3767 coram
1202 3713 1262 3783 ipso
1289 3710 1350 3780 quis
1379 3709 1481 3779 poterit
1506 3707 1589 3763 fidem
1613 3708 1729 3774 babere,
1757 3710 1802 3764 cui
1832 3715 1929 3763 notum
1958 3715 2014 3777 est,
2045 3711 2121 3781 quod

427 3795 580 3852 consistere
604 3802 715 3866 posset,
738 3801 876 3851 carentem
904 3814 955 3866 pro
969 3799 1046 3867 justo
1063 3796 1202 3867 hahuerit,
1229 3815 1261 3852 eo
1289 3795 1385 3866 regula
1415 3800 1443 3849 et
1471 3795 1625 3866 exemplum
1657 3794 1710 3849 sihi
1740 3800 1875 3867 perpetuo
1912 3795 2032 3851 debeant
2061 3812 2121 3851 cor

419 3881 546 3951 nomine,
564 3883 637 3953 quod
658 3882 822 3937 credidisset
834 3882 918 3938 verbo
931 3883 1119 3953 promissionis
1131 3884 1165 3938 de
1178 3884 1261 3939 bene-
1288 3881 1474 3954 respondere?
1502 3888 1534 3936 ιιι
1551 3888 1705 3950 teceamus,
1731 3882 1928 3937 Bellarminum
1952 3899 2004 3936 sua
2029 3883 2120 3939 solum

428 3967 504 4024 dicto
533 3975 649 4038 semiue,
677 3969 706 4023 in
734 3986 789 4041 quo
811 3969 922 4040 justitia
948 3975 976 4025 et
1000 3969 1158 4025 benedictio
1181 3970 1261 4026 nobis
1288 3969 1394 4025 somnia
1411 3968 1541 4039 proferre,
1559 3986 1610 4023 nec
1628 3985 1661 4023 ex
1680 3975 1758 4024 textu
1776 3969 1864 4025 velex
1878 3967 2018 4024 veteribus
2033 3970 2118 4025 ullam

428 4054 555 4121 offertur,
578 4055 645 4127 quia
670 4055 740 4110 fides
765 4062 793 4110 et
816 4056 927 4112 credere
953 4056 1077 4111 indicto
1096 4057 1215 4112 mosaico
1234 4065 1261 4112 et
1287 4054 1478 4127 probationem
1496 4071 1563 4109 suae
1582 4053 1815 4124 interpretationis
1834 4054 1942 4110 afferre.

427 4141 579 4213 apostolico
601 4142 777 4213 accipiuntur
798 4141 926 4211 relative,
952 4149 1088 4213 quatenus
1108 4144 1261 4214 respiciunt
1321 4147 1363 4198 86.
1399 4141 1514 4207 Praeter
1537 4140 1682 4194 classicum
1711 4140 1790 4195 illum
1814 4139 1914 4196 Jacobi
1944 4139 2035 4195 locum
2064 4141 2120 4196 alia

429 4226 577 4296 Christum,
593 4229 641 4299 qui
658 4234 700 4284 est
717 4228 844 4285 Jehovah
861 4234 955 4283 nostra
967 4228 1086 4301 J'ustitia.
1122 4229 1199 4285 Haec
1216 4246 1259 4283 ex·
1287 4229 1444 4299 Scripturas
1476 4227 1551 4282 dicta
1581 4245 1631 4299 pro
1659 4225 1856 4297 justificatione
1887 4243 2001 4298 operum
2033 4227 2118 4283 stabi-

429 4313 530 4385 positio
548 4313 646 4368 nititur
664 4316 829 4370 auctoritate
849 4314 981 4383 Paulina,
1006 4314 1082 4369 illam
1100 4315 1185 4413 igitur
1206 4334 1259 4371 me·
1285 4315 1379 4371 lienda
1396 4313 1500 4385 profert
1511 4312 1695 4368 Bellarminus
1713 4313 1881 4384 sequentic.
1899 4318 1938 4370 19.
1951 4312 2057 4370 Eccles.
2070 4319 2116 4370 18·
2133 4315 2186 4356 ¹³00*

429 4400 484 4457 rito
507 4399 687 4470 praeferimus
710 4401 842 4473 judaicae
859 4407 950 4455 textus
968 4401 1150 4471 perversioni,
1176 4418 1260 4474 quam
1287 4403 1331 4455 Nc
1353 4401 1476 4455 verearis
1498 4418 1584 4469 arque
1608 4402 1650 4453 ad
1667 4408 1779 4453 mortem
1799 4400 1957 4469 iustificari.
1993 4398 2117 4471 Respon·
2133 4420 2187 4459 ιιιι

430 4485 613 4541 Bellarminus
634 4488 770 4558 sequitur,
793 4488 833 4541 sic
850 4487 922 4541 enim
939 4486 972 4541 R.
993 4485 1148 4542 Salomon
1140 4505 1169 4541 ιιι
1187 4488 1260 4543 hunc
1286 4489 1394 4543 demus.
1420 4486 1456 4542 de
1473 4486 1526 4541 hoc
1544 4487 1604 4540 loco
1625 4486 1732 4557 egimus
1750 4486 1779 4540 in
1797 4492 1907 4542 tractat
1926 4487 1961 4541 de
1973 4472 2187 4557 Justificstffl
2132 4527 2187 4573 ,m

429 4572 521 4629 locum
544 4572 651 4630 scribit·
676 4576 754 4627 Deus
779 4580 892 4628 sunaus
909 4573 1049 4642 reputavit
1066 4574 1161 4627 illim
1171 4576 1261 4644 justi-
1287 4570 1315 4649 §
1340 4579 1376 4627 10.
1402 4571 1514 4628 membr
1534 4579 1556 4628 5
1593 4571 1640 4627 ubi
1659 4571 1842 4639 ostendimus,
1865 4589 1898 4627 cx
1914 4572 1991 4628 fonte
2009 4572 2119 4630 Graeco
2134 4574 2187 4613 ⁶⁰¹¹

429 4660 497 4714 ιίαιιι
516 4666 543 4713 et
559 4660 702 4725 meritum,
727 4661 804 4731 prend
826 4660 980 4713 crediderit
999 4660 1032 4713 ei
1067 4660 1101 4716 R.
1119 4659 1187 4716 Levi
1209 4662 1261 4714 huc
1287 4659 1560 4731 procrastinationem
1592 4658 1778 4713 conversionis
1807 4658 1852 4713 bic
1879 4659 2026 4730 prohiberi.
2074 4661 2122 4716 sie

350 4786 354 4798 .
428 4759 460 4800 ro
476 4747 592 4817 dipnum
605 4747 700 4815 fuisse
721 4747 909 4800 Abrahamum
929 4745 1008 4809 dicit,
1030 4750 1059 4800 et
1076 4749 1153 4815 quod
1169 4749 1260 4801 Abra
1287 4746 1360 4801 enim
1391 4745 1495 4801 habent
1523 4743 1716 4800 antecedentia
1748 4763 1773 4797 v.
1802 4749 1848 4801 tr:
1881 4749 1954 4800 Ante
1976 4747 2122 4816 judicium

430 4834 494 4887 bam
520 4834 571 4888 hoo
590 4833 760 4902 promissum
778 4841 921 4903 occeptum
939 4832 1064 4898 iustitiae
1083 4841 1108 4885 et
1126 4835 1264 4904 aequitati
1283 4850 1361 4904 pura
1384 4840 1409 4885 te
1435 4833 1528 4900 ipsum
1557 4833 1598 4885 ad
1615 4831 1848 4899 benefaciendum
1871 4841 1897 4885 et
1919 4834 1949 4885 in
1968 4833 2039 4887 dora
2057 4834 2123 4888 uisi·

429 4919 551 4975 Domini
574 4918 681 4986 tulerit,
709 4937 765 4989 quse
789 4920 819 4972 in
842 4935 872 4974 se
897 4920 930 4973 id
952 4919 1137 4988 promeritum
1162 4937 1210 4974 seu
1229 4937 1261 4974 eo
1288 4919 1402 4972 tationis
1428 4918 1551 4972 inuenies
1571 4917 1812 4987 propitiationem.
1847 4919 2005 4988 Antequam
2024 4935 2125 4987 aspro

430 5006 544 5075 dipnum
557 5004 725 5062 ementem.
741 5004 815 5061 Vide
824 5004 978 5061 Mercerum
988 5004 1041 5059 hoc
1052 5005 1123 5060 loco.
1145 5005 1261 5060 aviliud
1287 5013 1345 5073 tas,
1372 5005 1522 5059 humiliare
1550 5004 1719 5057 continentia
1742 5012 1768 5057 et
1792 5005 1822 5058 in
1847 5013 1971 5074 tempore
1992 5014 2122 5075 peccato-

429 5091 543 5164 insuper
581 5106 681 5146 causae
712 5108 778 5147 suae
808 5092 976 5164 praesidium
1010 5092 1119 5164 quaerit
1152 5091 1261 5147 dicens:
1287 5109 1350 5144 men
1373 5092 1485 5145 arunde
1504 5089 1691 5162 διισιροφήι,
1718 5091 1938 5161 conversionem
1962 5108 1989 5147 v.
2010 5096 2058 5147 23ι
2087 5110 2122 5146 ne

429 5181 551 5236 Paulum
569 5196 647 5232 usrsm
667 5193 725 5231 esse
746 5177 878 5231 Abrahae
896 5179 1034 5248 coempto,
1058 5196 1113 5232 non
1132 5186 1162 5231 ut
1175 5177 1261 5246 sipni·
1283 5178 1435 5247 prohibeas
1459 5178 1581 5230 reddere
1608 5176 1706 5247 εὐχήν,
1736 5185 1829 5231 votum
1854 5177 1898 5232 vel
1918 5178 2001 5232 etiam
2021 5193 2120 5248 preces

424 5269 538 5338 ficeret,
561 5264 752 5318 Abrahamum
776 5270 842 5317 tune
861 5265 983 5334 primum
1000 5264 1182 5332 justificatum
1202 5281 1262 5318 esse
1288 5271 1451 5333 opportune,
1467 5271 1569 5332 poetea
1585 5266 1718 5334 reputor,
1736 5268 1782 5317 καὶ
1801 5262 1840 5334 μὴ
1857 5268 1954 5338 μείνῃς
1968 5263 2019 5324 ἕως
2032 5263 2120 5318 eost-

430 5370 449 5407 a
461 5352 595 5422 peccatis,
612 5351 666 5403 sed
681 5357 711 5403 ut
730 5352 892 5418 comederet,
908 5368 964 5404 non
980 5349 1134 5418 justificari
1144 5350 1260 5420 impium
1287 5369 1336 5403 roe
1356 5350 1552 5417 δικαιωθῆναι,
1576 5356 1603 5403 et
1624 5367 1658 5404 ne
1678 5359 1818 5421 exspectes
1837 5367 1925 5419 usqrre
1944 5353 1984 5403 od
2002 5358 2119 5405 mortem
2138 5357 2187 5400 Vll

430 5454 463 5491 en
487 5437 615 5508 operibus
637 5436 697 5490 sine
722 5436 779 5500 fido
802 5443 827 5488 et
845 5436 941 5506 pratia
960 5436 1018 5490 Dei
1026 5438 1135 5503 saetis,
1162 5438 1214 5489 sed
1229 5453 1261 5489 er
1280 5435 1440 5505 justificari
1462 5435 1505 5504 (ut
1527 5435 1608 5491 vertit
1632 5435 1735 5492 Bened.
1755 5436 1863 5504 Arias),
1889 5434 1959 5491 nihil
1976 5436 2020 5490 hic
2037 5438 2120 5492 audis

414 5525 485 5598 ⁴Jtde
503 5531 529 5576 et
546 5522 649 5593 pratia,
658 5521 729 5587 Dei,
747 5540 813 5574 nam
830 5522 857 5575 si
876 5520 1019 5575 Ahoham
1033 5522 1130 5590 justus
1147 5540 1202 5575 non
1221 5529 1260 5575 est
1287 5520 1322 5576 de
1348 5519 1546 5591 justificatione
1576 5525 1699 5578 secunda
1724 5540 1774 5595 per
1798 5540 1889 5595 opera.
1933 5522 2120 5580 Bellarmmus

388 5635 397 5650 e
428 5608 526 5672 factus
544 5609 653 5676 justior
676 5625 709 5663 ee
733 5607 862 5678 operibus
884 5606 945 5661 sine
961 5606 1040 5673 fide,
1066 5607 1153 5661 multo
1171 5608 1261 5677 mapis
1286 5607 1403 5680 regerit,
1431 5609 1506 5662 iilud
1530 5611 1574 5663 Ne
1594 5628 1682 5665 cases
1699 5612 1862 5680 sipnificare
1881 5610 2119 5665 continuationem

429 5694 532 5763 impius
551 5711 607 5748 non
620 5694 726 5767 poterit
741 5692 917 5761 fierijastus
931 5692 1104 5760 exoperibus
1115 5694 1174 5746 sine
1184 5692 1259 5759 side.
1288 5701 1313 5747 et
1337 5695 1565 5764 propressionem
1578 5696 1720 5765 justitiae,
1745 5713 1801 5749 non
1820 5696 2030 5750 inchoationem.
2066 5694 2121 5750 Rc·
