4800 6659
927 412 980 470 ml
995 411 1111 472 ecula
1126 411 1320 475 omniun
1532 421 1536 429 ‘
1918 419 1961 488 as

265 573 415 644 justitiam
442 579 469 626 st
496 586 584 642 opera
608 585 639 625 ss
663 585 771 640 qnoque
795 569 939 640 despicm
960 576 987 624 et
1007 570 1109 624 merita
1134 574 1198 625 aute
1219 571 1438 643 conversionem,
1464 574 1515 630 sed
1537 575 1620 634 &am
1638 574 1674 632 de
1690 575 1829 646 praesenti
1842 576 1963 652 justitia,

273 660 350 715 nitas
376 665 509 713 amenas
534 673 593 712 esse
618 673 675 712 non
701 657 869 721 eamearn,-
908 658 935 709 3.
961 672 996 709 ne
1024 647 1109 710 anum
1134 671 1219 727 quam
1244 674 1301 712 non
1324 658 1466 730 operibus,
1493 660 1542 715 sed
1565 659 1632 717 fidei
1654 659 1764 726 tribuit,
1789 659 1906 734 perinde
1931 668 1963 717 nt

272 747 389 818 qnidam
405 762 440 800 ee
456 752 516 801 tota
534 751 668 800 odanam
680 742 815 813 proferri
827 760 928 812 posse,
951 742 1000 813 qur·
1016 743 1108 797 team
1136 746 1157 796 1.
1176 740 1238 797 Cor.
1256 749 1286 811 t,
1305 761 1330 800 v.
1349 750 1374 801 4.
1392 744 1475 815 dicit,
1494 746 1567 807 nihii
1587 748 1657 801 mihi
1674 748 1802 802 commas
1820 766 1893 817 nm,
1911 751 1964 804 sed

271 834 349 890 Phil.
368 836 397 887 3.
416 832 541 902 accipiat
558 833 593 886 de
609 830 738 901 operrhas
759 831 789 883 in
806 832 862 894 fisis
874 829 980 897 sactis5
997 829 1108 898 enham
1132 828 1162 881 in
1179 827 1231 882 hoc
1249 847 1306 883 non
1323 849 1383 884 sum
1394 832 1577 902 justificatus.
1608 832 1706 906 Neque
1726 832 1964 890 destituiturhaec

266 937 409 993 praesens
436 936 467 974 eo
499 918 529 971 in
560 918 621 972 loco
652 917 689 970 ah
720 917 850 985 apostolo
872 922 1037 985 usurpatam
1065 932 1106 968 re·
1133 912 1353 985 interpretatatio
1376 918 1451 973 omni
1473 935 1608 974 consensu
1630 926 1759 975 veterum
1793 918 1913 974 Basilius
1933 918 1963 974 in

218 1027 223 1036 ·
267 1009 378 1079 spicere
407 1024 464 1060 non
492 1022 578 1076 opera
600 1004 777 1074 praesentia,
803 1004 854 1058 sed
875 1019 1009 1073 praesens
1024 1002 1106 1071 jndi-
1133 1006 1156 1055 9.
1176 1017 1236 1072 cap.
1255 1002 1291 1057 de
1307 1002 1461 1061 bumilitate
1479 1011 1628 1077 postquam
1647 1005 1764 1061 dixerat:
1785 1005 1840 1068 Qut
1856 1006 1962 1074 picria-

269 1096 344 1150 cinm
369 1096 407 1147 de
434 1092 565 1162 operibus
591 1089 756 1161 praeteritis
784 1090 813 1142 in
833 1089 984 1158 judaismo
1010 1088 1104 1150 factis.
1133 1093 1186 1155 tur,
1205 1088 1235 1140 in
1249 1089 1372 1144 Domino
1390 1091 1535 1161 plorietnr,
1553 1093 1630 1161 meod
1642 1091 1768 1146 Christus
1779 1093 1858 1147 nohis
1867 1094 1963 1155 factas

270 1179 500 1251 Respondemus:
523 1183 545 1233 1.
564 1194 620 1232 non
639 1175 709 1231 alias
727 1181 792 1230 sunt
800 1173 1016 1246 justificationis,
1035 1175 1106 1230 aliae
1132 1172 1169 1224 sit
1186 1190 1204 1225 a
1227 1174 1287 1228 Deo
1299 1175 1428 1242 justitia,
1446 1177 1601 1247 sapiemia,
1615 1178 1792 1247 justificatio,
1810 1177 1962 1246 redemtio,-

271 1265 435 1323 salvstionis
457 1280 571 1332 musae,
596 1262 645 1319 sed
669 1267 702 1317 ut
718 1260 809 1333 gratia
827 1260 880 1316 Dei
899 1264 1012 1331 propter
1029 1260 1105 1316 Chri·
1132 1258 1199 1311 liaeo
1234 1268 1274 1313 est
1303 1263 1436 1329 perfecta
1467 1272 1493 1316 st
1526 1263 1636 1332 intepra
1666 1263 1800 1332 aloriano
1830 1265 1860 1318 in
1889 1265 1962 1331 Deo,

254 1361 346 1421 ‚stum
373 1350 430 1407 fido
460 1347 664 1420 apprehensum
691 1345 891 1417 justificamur,
928 1346 968 1400 ita
996 1360 1106 1417 quoque
1132 1346 1246 1413 mondo
1273 1363 1361 1415 nepas
1390 1349 1424 1401 ob
1447 1350 1592 1418 justitiam
1621 1367 1701 1402 nram
1729 1350 1791 1419 qun
1813 1365 1843 1403 se
1859 1349 1963 1418 jactat,

272 1440 371 1497 eadem
389 1437 445 1493 Dei
462 1435 563 1507 graba,
580 1434 678 1490 eodem
695 1432 797 1488 Christi
816 1432 921 1497 me'rito,
937 1432 1034 1487 eadem
1050 1430 1107 1486 fide
1132 1432 1183 1483 scd
1200 1433 1277 1486 nori
1293 1434 1413 1504 maciem,
1439 1452 1468 1488 se
1486 1436 1576 1505 msam
1593 1453 1676 1492 serae
1688 1435 1821 1506 justitiae
1836 1436 1964 1505 indiprsm

272 1525 423 1592 salvamur,
442 1530 473 1577 ut
486 1523 547 1593 jam
564 1527 629 1576 ante
645 1516 673 1595 ξ.
692 1525 725 1575 90
752 1518 895 1573 docuimus
908 1523 936 1572 et
947 1517 1031 1587 paulo
1044 1523 1107 1588 post
1133 1518 1273 1585 casasola
1283 1528 1374 1574 autem
1386 1522 1443 1586 fide
1454 1523 1485 1575 in
1499 1521 1637 1577 Chrr‘stum
1643 1523 1850 1593 jastitcatam5
1869 1527 1964 1591 postea

271 1610 383 1685 plenius
399 1607 638 1665 demonstrabitur.
673 1605 805 1660 Fatemur
822 1621 902 1673 sane,
925 1603 994 1675 quin
1012 1611 1040 1658 et
1062 1621 1106 1657 ur·
1132 1603 1248 1658 adducit
1266 1606 1420 1676 exemplum
1432 1607 1522 1677 Pauli,
1539 1608 1587 1680 qui
1607 1608 1636 1662 in
1648 1609 1700 1664 hoc
1712 1608 1773 1680 ipso
1785 1608 1847 1664 loco
1856 1607 1928 1663 Phil.
1938 1614 1961 1663 3.

269 1716 385 1773 gemus,
409 1693 570 1766 justificatis
597 1693 624 1746 in
650 1690 780 1764 operibus
803 1690 883 1746 bonis
908 1689 1106 1745 ambulandum
1132 1705 1210 1743 suam
1242 1691 1380 1761 justitium
1407 1699 1571 1749 contemnat
1619 1694 1793 1765 Augustinus
1816 1698 1963 1765 postquam

270 1800 334 1841 esse
361 1799 395 1839 ac
423 1798 474 1853 per
491 1779 592 1834 multas
621 1776 815 1832 tribulationes
841 1775 1050 1848 ingrediendum
1076 1775 1104 1829 in
1132 1773 1194 1832 libr.
1215 1782 1239 1832 2.
1266 1778 1301 1832 de
1325 1786 1429 1849 penest
1454 1779 1591 1836 maritet
1614 1779 1719 1837 remiss.
1743 1795 1765 1834 c.
1788 1785 1826 1835 13.
1853 1779 1963 1836 demon-

272 1887 392 1943 regnum
411 1866 558 1929 coelorum,
576 1863 625 1919 sed
636 1863 685 1918 illa
697 1862 872 1934 opera,.illae
890 1862 1031 1934 passiones
1050 1879 1106 1917 non
1132 1868 1280 1930 enaverat,
1305 1863 1467 1919 Zachariam
1488 1872 1516 1920 et
1539 1865 1665 1921 Elisabet
1684 1873 1798 1937 propter
1820 1865 1890 1920 illud
1916 1882 1962 1921 en·

270 1963 337 2013 sunt
352 1954 454 2010 merita
470 1951 579 2017 salutis,
598 1950 700 2022 quippe
719 1966 803 2022 quam
820 1948 907 2021 gratis
924 1949 1000 2003 Deus
1021 1949 1107 2004 donat
1133 1948 1250 2003 oomium
1272 1949 1412 2018 justitiae,
1433 1951 1507 2023 quod
1525 1952 1618 2006 Lucae
1642 1958 1668 2017 1,
1694 1970 1720 2006 v.
1740 1957 1763 2007 6.
1787 1952 1854 2022 ipsis
1872 1952 1963 2021 datur,

269 2040 449 2100 credentibus
476 2039 504 2092 in
528 2036 681 2107 Christum,
708 2037 736 2091 in
759 2053 814 2108 quo
838 2042 881 2091 est
904 2035 963 2090 vita
984 2041 1105 2091 aeterna.
1131 2048 1187 2087 non
1204 2033 1290 2089 fuisse
1306 2034 1367 2090 sine
1384 2044 1507 2106 peccato,
1522 2053 1586 2092 cum
1602 2036 1743 2108 apostolus
1760 2037 1819 2093 sine
1840 2037 1964 2110 querella

269 2128 354 2188 2Ut
377 2143 463 2198 opera
484 2124 558 2179 bona
581 2130 646 2179 ante
664 2120 894 2193 justificationem
917 2120 993 2175 tecta
1016 2122 1106 2176 exclu·
1131 2119 1159 2172 in
1190 2118 1255 2191 lege
1285 2127 1462 2176 conversatus
1489 2129 1603 2194 propter
1628 2123 1795 2178 eminentem
1820 2123 1964 2180 mierum

269 2217 376 2271 duntur
405 2230 423 2267 a
449 2212 547 2268 merito
570 2208 791 2281 justificationis,
820 2207 860 2262 ita
886 2223 996 2279 quoque
1023 2224 1106 2278 opera
1132 2202 1232 2259 Christi
1257 2205 1349 2260 omnia
1371 2206 1501 2261 damnum
1520 2225 1580 2263 esse
1596 2208 1753 2274 arbitretur,
1770 2211 1882 2265 tandem
1899 2209 1963 2266 suh

269 2304 345 2359 bona
360 2305 425 2371 post
438 2296 665 2369 justificationem
680 2294 756 2351 iacta
772 2294 955 2349 excluduntur
972 2310 990 2349 a
1006 2295 1105 2349 merito
1128 2290 1225 2363 jungit
1243 2296 1272 2347 et
1288 2309 1321 2347 ex
1339 2291 1477 2363 prioribus
1489 2293 1585 2348 infert:
1605 2296 1726 2348 Tantam
1740 2312 1806 2364 erpo
1821 2296 1901 2364 lonas
1915 2304 1963 2360 est,

270 2388 386 2456 muns,
408 2385 439 2440 id
463 2385 539 2455 qnod
556 2382 585 2438 in
602 2389 723 2438 tractatu
740 2381 776 2435 de
791 2380 991 2453 just'licatione
1011 2380 1105 2435 claris-
1131 2385 1161 2431 ut
1178 2386 1299 2448 propter
1321 2378 1375 2431 illa
1398 2379 1484 2432 rerba
1500 2380 1674 2435 Zachariam
1693 2390 1719 2435 et
1738 2382 1886 2436 Elisabeth
1902 2383 1962 2435 sine

269 2476 341 2530 sime
367 2470 552 2534 ostendimus,
577 2468 708 2524 videlicet
732 2484 783 2539 per
809 2467 883 2522 bona
906 2482 1005 2537 opera,
1033 2482 1105 2537 quae
1131 2463 1192 2517 ullo
1204 2472 1323 2534 peccato
1342 2466 1491 2518 medemur
1501 2467 1662 2535 perfactam
1678 2466 1962 2537 hahnrhrey'ustitram,

270 2560 379 2634 gratiae
404 2563 432 2614 et
451 2556 516 2612 fidei
533 2561 710 2627 opponuntur
733 2558 819 2625 atque
842 2568 875 2607 cr
898 2551 1105 2623 justificationis
1132 2558 1162 2602 at
1183 2568 1235 2604 nec
1256 2552 1348 2620 speum
1370 2553 1529 2621 apostolam
1548 2554 1673 2622 ejusdem
1692 2555 1806 2623 reputas
1822 2555 1962 2608 mmmna

272 2654 301 2704 et
323 2645 423 2702 mutis
449 2643 547 2698 merito
570 2641 769 2710 excluduntur,
791 2640 883 2696 omnia
900 2639 1011 2694 omnino
1031 2638 1106 2693 bona
1132 2644 1216 2690 tatem
1239 2638 1408 2692 arbitremur
1423 2638 1513 2701 fnisse
1527 2640 1701 2709 perfectam,
1723 2659 1779 2694 non
1796 2642 1886 2694 solnm
1904 2641 1963 2707 (no-

272 2749 357 2805 opera
379 2728 563 2801 intelligenda
585 2742 653 2783 esse.
690 2732 714 2782 3.
733 2726 840 2786 Locum
862 2724 899 2779 ad
921 2724 993 2781 Phil.
1019 2730 1043 2780 3.
1070 2725 1105 2780 de
1132 2722 1248 2791 tandum
1273 2723 1337 2794 hoc)
1365 2725 1394 2780 in
1416 2724 1471 2778 illa
1496 2726 1567 2795 lepis
1584 2728 1713 2797 justitia,
1743 2745 1827 2797 msam
1845 2726 1964 2781 entem

271 2817 405 2889 operibus
430 2814 514 2869 iidem
539 2820 567 2869 et
588 2812 706 2885 gratiam
723 2810 778 2867 Dei
798 2810 954 2867 subsecutis
973 2818 1047 2866 certo
1065 2829 1105 2865 re
1133 2810 1196 2864 istis
1212 2810 1317 2878 hahuit,
1335 2829 1419 2880 arcam
1436 2812 1510 2865 inter
1526 2820 1654 2867 stercora
1671 2821 1697 2866 et
1716 2815 1822 2867 ana
1840 2814 1964 2882 reputat,

275 2910 372 2977 spectu
391 2901 511 2972 (scilicet
529 2900 552 2954 si
572 2898 699 2954 meritum
718 2897 815 2952 salutis
832 2896 871 2952 eis
889 2897 1065 2965 asscribatur,
1083 2895 1107 2952 si
1133 2896 1163 2949 in
1188 2898 1396 2967 comparatione
1418 2900 1650 2954 eminentissimae
1665 2901 1814 2970 justitiae,
1841 2918 1913 2971 qaae
1935 2902 1965 2954 in

273 2990 377 3046 fiducia
397 2989 426 3044 in
445 3003 478 3042 co
495 2986 661 3055 collocetur,
678 2984 702 3039 si
720 3002 783 3040 cum
798 2984 910 3055 justitia
925 2984 1004 3053 fidei,
1024 3001 1106 3055 quam
1127 2983 1189 3051 fide
1208 2983 1314 3037 Christi
1334 2993 1386 3050 est,
1408 3001 1503 3040 oerrrm
1525 2988 1609 3041 etiam
1631 2989 1742 3057 inipso
1758 3005 1866 3058 orsaque
1885 3004 1964 3043 esan·

275 3077 303 3133 in
314 3076 427 3134 Christo
445 3074 588 3143 habemus,
605 3072 792 3138 conferuntur)
810 3070 1021 3142 intelligendum
1039 3087 1107 3139 esse,
1133 3068 1223 3136 pelio,
1247 3070 1296 3123 nbi
1321 3077 1346 3124 et
1364 3072 1439 3124 tanti
1457 3073 1634 3148 apostolatus
1651 3074 1751 3128 meruit
1763 3074 1965 3144 prmapatnm,

275 3186 307 3224 ex
324 3165 387 3237 ipso
413 3168 492 3217 textu
518 3160 660 3215 evincitur.
694 3158 848 3231 Postquam
875 3158 947 3212 enim
967 3158 1107 3229 apostolus
1134 3156 1211 3222 arrad
1238 3155 1332 3209 dicere
1357 3173 1413 3210 non
1440 3160 1586 3228 aadmsm,
1612 3160 1671 3214 nisi
1691 3161 1720 3214 ei
1744 3163 1858 3215 credem
1882 3162 1965 3227 nefas

275 3272 342 3311 rere.
370 3249 500 3324 praeced.
526 3255 549 3303 1.
577 3264 660 3317 opera
683 3246 713 3300 in
739 3245 802 3318 lege
828 3245 904 3300 sacta
935 3245 1108 3316 repudiasset
1134 3242 1271 3298 ducerem.
1321 3242 1500 3299 Bernhardus
1532 3262 1612 3301 serm.
1638 3252 1680 3304 50.
1711 3248 1740 3301 in
1766 3246 1845 3302 Cant
1873 3245 1964 3301 locum

274 3340 348 3395 hisee
372 3334 479 3392 verbis:
505 3350 578 3404 quae
597 3332 667 3385 ruhi
685 3333 875 3397 manticem,
899 3348 934 3386 aa
954 3332 1107 3384 arbitratus
1133 3324 1207 3381 hunc
1215 3327 1469 3401 Paulinum,inquo
1480 3333 1843 3405 negatscessapcrr‘ectum
1853 3338 1882 3388 et
1891 3333 1962 3403 jnn-

273 3445 333 3483 m
352 3430 476 3495 propter
494 3419 635 3474 Christum
660 3421 793 3473 &mnam
811 3435 881 3484 esse,
908 3437 934 3472 v.
954 3423 977 3474 8.
993 3417 1107 3473 ulterius
1133 3411 1199 3467 (lum
1224 3414 1464 3487 comprehendisse
1486 3436 1512 3473 r.
1532 3423 1571 3474 13.
1593 3419 1630 3474 ad
1655 3426 1759 3475 etatum
1775 3420 1882 3492 gratiae
1899 3422 1963 3489 post

218 3502 462 3585 ltprngaeditm:
484 3505 562 3575 sitiri,
580 3507 632 3559 sed
651 3506 734 3576 (quae
752 3505 858 3572 vocula,
876 3521 939 3559 cum
956 3504 993 3559 sit
1010 3505 1106 3560 adver·
1132 3500 1338 3557 conversionem
1364 3502 1466 3559 diserte
1488 3504 1584 3560 refert:
1610 3505 1645 3560 Si
1662 3507 1759 3576 picoti
1781 3506 1835 3561 iibt'
1852 3503 1962 3576 (inquii)

273 3599 370 3666 ηὸτι,
389 3595 530 3649 disemum
547 3591 614 3664 quid
632 3606 650 3645 a
666 3590 897 3662 praecedentibus
917 3590 1010 3645 inferri
1022 3592 1106 3662 signi·
1134 3586 1223 3654 mauis
1250 3589 1284 3641 de
1304 3589 1449 3659 affectuali
1472 3591 1591 3644 caritate
1616 3593 1712 3646 mmm
1728 3595 1825 3661 saissa
1846 3593 1962 3645 manda·

272 3685 348 3754 fleat)
365 3682 520 3757 μενοῦνγε,
540 3678 674 3748 profecto
698 3677 774 3749 (quia
794 3693 925 3749 magnum
943 3677 1049 3748 aliquid
1066 3677 1105 3732 di·
1132 3677 1201 3737 tem,
1229 3693 1284 3729 non
1313 3677 1379 3729 inde
1407 3679 1558 3746 contendo,
1595 3680 1663 3742 dam
1687 3682 1771 3735 modo
1800 3680 1962 3750 accusatas

271 3780 367 3829 etum
385 3774 447 3825 erat
464 3763 618 3837 apostolus,
641 3763 704 3819 ideo
722 3764 833 3835 majoris
850 3763 916 3819 fidei
932 3780 1017 3819 cauea
1033 3764 1105 3819 banc
1132 3768 1157 3814 et
1183 3768 1215 3814 ta
1236 3762 1316 3831 mihi,
1347 3765 1424 3832 qaod
1448 3766 1558 3818 minime
1581 3766 1612 3818 iu
1637 3767 1695 3827 uita
1722 3767 1778 3820 ieta
1802 3766 1838 3819 ab
1864 3766 1961 3835 aliquo

270 3854 504 3915 asseverationem
515 3850 602 3918 addit)
621 3854 676 3915 sni,
690 3851 773 3904 stiam
788 3850 935 3921 (prioribus
949 3851 1026 3905 aliud
1038 3851 1104 3923 qnid
1131 3848 1272 3903 hominum
1292 3850 1382 3919 possit
1403 3850 1448 3905 oei
1469 3852 1575 3920 poterit
1596 3853 1756 3922 adimpleri.
1798 3853 1865 3916 Quis
1888 3854 1961 3907 enim

269 3940 461 4015 conjungitur)
479 3936 611 4004 existimo,
627 3936 1105 4008 omnia(quaecunqueillatundem
1131 3936 1186 3989 sihi
1218 3951 1356 4005 atropare
1387 3937 1420 3990 id
1448 3940 1565 4007 audeat,
1600 3941 1679 4008 qaod
1707 3956 1737 3993 se
1764 3941 1874 3994 Paulas
1901 3940 1960 4009 ipm

269 4031 341 4099 sint,
364 4027 441 4082 siin
465 4023 577 4097 negotio
599 4021 804 4094 justificationis
822 4028 851 4078 et
868 4024 964 4078 salutis
981 4025 1105 4079 conside·
1125 4024 1241 4091 fatetur
1269 4042 1324 4078 non
1349 4025 1610 4094 comprehendisse!
1643 4025 1826 4083 Oecumenius
1843 4027 1871 4081 in
1891 4042 1914 4081 c
1935 4032 1960 4083 3.

246 4115 381 4183 'tantun
401 4114 535 4166 damnum
553 4126 610 4163 esse
625 4116 743 4179 propter
764 4110 952 4164 macilentiora
972 4113 1106 4181 cognitio·
1132 4109 1254 4180 Philipp.
1278 4126 1329 4179 per
1351 4110 1530 4167 mutationem
1556 4112 1631 4167 illem
1656 4120 1809 4183 temporum
1832 4113 1861 4168 in
1884 4119 1961 4168 textu

269 4205 315 4259 uis
336 4199 444 4258 Christi
462 4198 534 4251 Jesn
552 4196 671 4250 Domini
687 4197 755 4261 mci,
772 4205 893 4265 propter
911 4215 992 4268 quem
1012 4199 1105 4252 omnia
1133 4195 1285 4266 apostolico
1303 4195 1399 4252 itidem
1416 4195 1562 4253 observare
1577 4198 1667 4268 jubet
1702 4197 1848 4271 Origenes,
1875 4197 1961 4254 Bern-

264 4308 326 4364 pro
356 4285 470 4343 &mnis
498 4283 568 4337 dani
592 4289 643 4337 etc.
687 4281 728 4337 At
757 4282 824 4354 quid
857 4283 1009 4349 disemum,
1039 4285 1106 4356 quid
1134 4282 1238 4337 hardus
1255 4288 1285 4337 et
1301 4282 1409 4339 Gerson
1427 4284 1517 4339 locum
1533 4284 1724 4356 propheticum
1735 4284 1843 4350 Eamne
1860 4286 1888 4341 in
1907 4304 1962 4357 quo

271 4377 379 4447 majus,
404 4370 508 4444 quidve
527 4367 687 4440 copulatum
702 4367 875 4439 pharisaicae
892 4369 1017 4439 justitiae
1034 4370 1106 4425 Pan·
1130 4371 1242 4442 justitia
1259 4376 1355 4425 nosue
1370 4371 1510 4426 confertur
1526 4387 1619 4442 panno
1636 4370 1758 4426 mulieris
1769 4377 1962 4436 menstruatae,

274 4464 335 4519 lum
351 4456 507 4530 intelligere
525 4454 750 4524 existimabimus,
769 4456 844 4526 quod
864 4471 944 4509 omne
960 4474 1011 4526 pro
1031 4457 1105 4511 dam-
1134 4458 1170 4511 ad
1189 4457 1264 4513 bona
1280 4473 1365 4528 opera
1374 4463 1532 4512 renatorum
1544 4457 1674 4528 referunt,
1692 4465 1724 4513 ut
1737 4476 1787 4514 suo
1801 4459 1862 4515 loco
1874 4466 1961 4515 osten·

273 4548 318 4604 nis
341 4543 465 4608 durent,
487 4542 511 4596 si
533 4558 589 4596 non
608 4540 746 4612 justitiam
764 4545 793 4595 et
811 4557 895 4611 opera
911 4540 995 4597 fidem
1012 4549 1108 4599 secuta
1134 4547 1233 4613 dimus,
1251 4561 1301 4599 cur
1319 4543 1479 4599 dubitarent
1497 4545 1595 4600 eadem
1612 4561 1711 4600 vocare
1729 4545 1830 4601 damna
1848 4554 1877 4602 et
1895 4553 1960 4602 ster·

272 4629 459 4690 intellexerit?
479 4626 569 4683 Addit
585 4631 682 4698 postea
700 4628 849 4698 apostolus,
869 4645 940 4698 quae
959 4635 1026 4685 tunc
1038 4636 1106 4685 tem-
1133 4649 1212 4700 cora,
1235 4647 1290 4685 non
1314 4629 1426 4700 quidem
1448 4629 1472 4683 si
1497 4648 1545 4699 per
1564 4646 1594 4684 se
1612 4637 1640 4686 et
1658 4630 1819 4701 simpliciter
1839 4632 1961 4687 condde·

271 4719 362 4794 poris,
391 4734 457 4772 cum
485 4713 561 4769 illam
592 4712 736 4784 epistolam
765 4730 798 4768 ex
826 4714 944 4768 vinculis
964 4716 1105 4781 scriberet,
1132 4725 1239 4784 rentur,
1263 4716 1312 4771 sed
1331 4716 1355 4770 ei
1373 4715 1476 4771 fiducia
1491 4715 1618 4786 justitiae
1636 4725 1665 4772 et
1683 4717 1772 4773 meriti
1789 4734 1882 4773 coram
1900 4719 1961 4774 Deo

271 4805 360 4864 inerit
377 4802 490 4875 justitia
511 4817 563 4856 sua
585 4817 677 4856 coram
701 4799 762 4856 Deo
786 4801 822 4855 ad
848 4802 935 4856 vitam
956 4810 1104 4874 aeternam,
1132 4805 1168 4859 ad
1191 4804 1276 4857 vitam
1294 4810 1434 4858 aeternam
1451 4802 1492 4856 illi
1510 4808 1650 4872 mouetur,
1674 4820 1730 4858 non
1747 4803 1844 4860 hahita
1863 4804 1961 4875 imper·

271 4895 328 4949 bne
348 4907 420 4963 quae
435 4888 531 4944 futura
546 4888 584 4942 sit
595 4887 707 4959 justitia
725 4904 789 4956 sua,
812 4888 924 4959 quando
942 4905 1105 4945 occursurus
1130 4890 1258 4947 fectionis
1283 4889 1432 4943 eorundem
1454 4895 1483 4944 et
1503 4888 1679 4945 adhaerentis
1702 4892 1810 4961 peccati
1834 4891 1960 4947 ratione?

272 4988 315 5038 est
334 4978 370 5034 ad
390 4975 618 5032 resurrectionem
635 4981 818 5044 mortuorum,
843 4983 873 5028 at
895 4974 1034 5030 Christum
1051 4977 1103 5043 (in
1131 4986 1156 5036 4.
1163 4978 1277 5032 Dictum
1288 4975 1360 5047 Eph.
1380 4981 1403 5029 t.
1420 4976 1543 5031 sualuce
1554 4975 1689 5044 splendet,
1710 4994 1793 5047 quam
1806 4978 1959 5049 sophisticis

272 5064 347 5138 quit)
365 5062 564 5130 lucrifaciam
592 5079 616 5114 v.
637 5067 667 5117 9:
694 5069 720 5115 et
738 5068 768 5114 nt
786 5061 915 5139 inveniar
932 5061 961 5113 in
981 5062 1033 5116 iilo
1050 5082 1104 5117 non
1130 5064 1238 5121 nebulis
1245 5062 1431 5134 nunquamita
1438 5061 1886 5132 obscurarcpoteritBellarminus,
1893 5062 1958 5134 quin

268 5151 376 5206 hamne
396 5166 486 5204 meam
497 5148 657 5219 justitiam,
681 5164 752 5216 qaas
771 5165 803 5201 erc
822 5147 881 5215 leae
900 5154 947 5216 cst,
964 5151 1017 5202 sed
1033 5168 1104 5220 arcas
1130 5151 1253 5208 veritatis
1271 5150 1319 5204 lux
1336 5154 1472 5219 erumpat:
1494 5148 1561 5202 Cam
1579 5166 1699 5203 essemus
1717 5152 1820 5205 mortui
1833 5151 1959 5221 peccatis

264 5257 323 5310 per
346 5239 433 5304 fidem
455 5244 495 5290 est
514 5233 634 5302 Christi,
656 5251 726 5303 qnae
751 5251 782 5288 ec
802 5235 866 5287 Deo
886 5241 926 5287 est
938 5235 1055 5303 justitia
1074 5240 1104 5292 in
1132 5238 1184 5305 (ait
1200 5235 1342 5308 apostolus
1359 5253 1385 5289 v.
1403 5238 1447 5303 5.),
1466 5236 1667 5300 concivificooit
1684 5254 1735 5291 nos
1746 5239 1826 5292 Dens
1838 5236 1957 5298 Christo,

268 5326 454 5392 rito,·s.10:
480 5322 522 5375 aci
536 5321 754 5389 capnosccndam
774 5320 855 5374 illam
874 5329 899 5374 et
917 5322 1043 5377 virtatem
1063 5342 1104 5378 ro·
1129 5326 1226 5394 pratia
1252 5323 1357 5376 salvati
1379 5323 1444 5375 estis
1472 5325 1547 5391 (ergo
1570 5328 1599 5377 et
1621 5321 1770 5379 vivificum
1796 5330 1824 5378 ct
1842 5324 1958 5379 salvatio

267 5409 455 5467 mactiones
478 5408 541 5477 ejas
564 5414 589 5461 et
612 5408 770 5461 sociantem
783 5407 927 5476 passionis
944 5408 1023 5463 itlius
1040 5427 1104 5464 oon·
1130 5428 1163 5467 er
1189 5410 1281 5482 gratia
1307 5414 1420 5480 propter
1443 5408 1582 5464 Chrismm
1606 5410 1798 5480 contingunt);
1823 5428 1849 5467 v.
1875 5416 1905 5466 6:
1933 5420 1958 5465 et

260 5500 409 5566 maros
427 5494 513 5549 morti
528 5494 605 5563 ejus5
630 5509 656 5548 v.
679 5498 723 5549 ll:
742 5492 769 5545 si
785 5510 839 5562 quo
856 5495 939 5549 modo
957 5512 1104 5552 occurram
1129 5497 1356 5553 conresuscitavit
1379 5503 1405 5548 st
1429 5498 1577 5550 consedere
1599 5496 1670 5559 fecit
1693 5497 1723 5550 in
1749 5495 1910 5551 coelestidus
1928 5499 1958 5551 in

266 5586 310 5640 ad
327 5578 560 5637 resurectionem
579 5586 758 5635 mortuoram.
786 5578 865 5635 Haec
877 5584 952 5635 certe
963 5589 1117 5652 exponunt¹
1130 5583 1241 5637 t'lrrr'sto
1260 5584 1333 5636 desa
1353 5585 1433 5652 (ergo
1449 5599 1504 5637 non
1519 5582 1608 5637 solum
1626 5580 1763 5648 inchoata,
1783 5582 1833 5635 sed
1852 5588 1880 5637 et
1896 5601 1957 5653 per-

265 5685 399 5742 praesens
421 5664 559 5737 judicium
585 5683 641 5720 non
666 5666 754 5721 solum
774 5665 810 5721 de
827 5665 978 5736 praeterita
993 5627 1204 5736 jusuuailecta
1223 5668 1298 5723 salus
1316 5668 1344 5721 iu
1358 5667 1467 5724 Christo
1485 5675 1513 5723 et
1531 5672 1645 5738 propter
1656 5665 1796 5723 Christum
1813 5685 1847 5724 ex
1866 5670 1958 5740 gratia
1970 5677 2030 5718 vm.
2043 5680 2075 5723 tt.
