4800 6659
960 464 1014 522 DE
1031 462 1145 523 BONIS
1164 462 1360 525 omna
1962 476 2002 536 bl

322 625 356 673 est
376 618 548 684 bominsbu,
584 619 615 673 in
639 635 695 691 quo
717 627 847 692 oporteat
878 638 930 677 sos
961 622 1056 676 salros
1079 620 1151 687 pieri.
1172 621 1321 689 passsones
1338 622 1423 692 iuius
1441 624 1574 694 temporis
1592 624 2006 698 (inquinamentum

321 712 339 762 t.
364 703 446 760 Hanc
475 704 622 777 emphasin
646 706 713 762 dicti
738 707 884 779 apostolici
915 707 1075 781 diligentius
1105 724 1150 763 ex·
1174 706 1229 761 sila
1249 716 1365 763 estana
1381 714 1435 772 est,
1453 716 1544 763 tamen
1557 711 1708 781 proportio
1725 719 1766 765 est
1782 711 1855 765 inter
1872 711 1924 765 bas
1938 729 2004 781 pac

319 791 471 864 penderant
489 790 538 846 alii
555 808 589 847 ex
605 792 753 849 veteribus.
778 792 1148 866 Origenssinbunclocum:
1173 794 1267 848 dones
1290 803 1317 849 et
1340 794 1422 849 illam
1445 796 1567 863 pieriam
1586 806 1706 868 propter
1729 798 1859 852 caminos
1883 797 2005 867 dionita·
2052 830 2056 847 ι

318 880 376 933 Deo
396 894 453 931 non
469 887 531 932 crat
549 879 666 949 dipnum
684 880 819 934 militibus
837 881 896 934 suis
914 881 1057 950 stipendia
1069 881 1151 951 quasi
1174 884 1328 945 temnendo
1341 885 1509 953 procedant.
1544 884 1621 938 Nam
1640 892 1667 938 et
1685 885 1793 941 Cleristi
1802 885 1901 955 passio
1918 885 2005 939 multo

317 964 435 1017 debitum
454 965 575 1033 aliquood
592 966 671 1033 dare,
688 967 740 1019 sed
755 968 857 1019 danum
875 974 902 1019 et
919 967 1058 1036 qratiam,
1076 984 1149 1036 pesae
1175 967 1285 1021 breviar
1304 968 1369 1036 fuit
1388 968 1492 1037 poenis
1516 970 1712 1024 dumetorum
1729 971 1904 1040 sempiternis
1922 979 1947 1026 et
1963 978 2005 1025 έα-

316 1058 349 1103 est
371 1051 432 1103 cita
454 1057 572 1103 aetertta
595 1051 625 1104 in
650 1049 761 1105 C'lsrs'sta
792 1052 864 1105 Jesu
887 1053 1012 1106 Domino
1043 1059 1148 1107 nostro.
1174 1069 1235 1105 men
1252 1061 1375 1123 propter
1400 1054 1567 1121 stipnitatem
1585 1072 1727 1125 personae
1745 1056 1884 1126 patientis
1900 1055 2007 1123 dipnis·

315 1135 542 1192 ”Theodoreus
567 1136 597 1191 in
622 1135 701 1191 illum
727 1135 832 1192 locum:
859 1136 929 1191 (lum
956 1137 1082 1208 loquitur
1113 1139 1149 1190 de
1174 1137 1247 1191 sima
1257 1139 1337 1207 fuit,
1364 1156 1437 1209 quae
1449 1157 1506 1210 pro
1524 1140 1587 1194 illis
1601 1141 1703 1211 poenis
1717 1142 1874 1211 justissime
1891 1140 2007 1207 satissa-

279 1273 282 1281 ,
314 1223 367 1277 rita
380 1230 506 1291 ueurna,
527 1238 600 1293 quac
616 1223 749 1276 redditur
766 1223 897 1287 iustitiae,
914 1242 971 1277 non
987 1223 1068 1290 duit,
1088 1239 1149 1276 eam
1174 1233 1255 1280 reret.
1291 1226 1330 1279 Et
1347 1226 1468 1280 delicism
1487 1234 1663 1295 peecatorum
1682 1226 1941 1296 incomparabiliter
1956 1224 2006 1278 mi·

314 1326 370 1364 esse
387 1310 557 1374 mercedem,
580 1312 633 1363 sed
648 1310 785 1378 matiam,
812 1317 852 1363 est
870 1309 942 1363 enim
970 1310 1074 1362 donmn
1092 1308 1152 1362 Dei
1174 1327 1256 1364 nores
1286 1319 1350 1365 ssent
1381 1314 1524 1368 tormentis
1552 1313 1694 1382 cebennae
1723 1321 1749 1366 et
1776 1321 1867 1366 tamen
1889 1319 2007 1382 propter

313 1396 368 1449 rita
388 1403 514 1449 cetema.
550 1394 725 1467 Augustinus
742 1394 778 1450 de
795 1400 866 1466 grat
884 1401 913 1449 et
927 1393 975 1448 lib.
996 1394 1056 1449 urb.
1075 1411 1098 1450 c.
1119 1399 1148 1449 9:
1174 1404 1335 1450 contemtum
1354 1398 1413 1451 Dei
1430 1398 1613 1466 dipnissimas
1633 1406 1710 1467 sunt,
1729 1415 1801 1469 pisae
1819 1398 1879 1452 illis
1897 1394 2006 1468 suppli-

315 1484 383 1538 mn
397 1489 497 1552 posset
515 1481 608 1535 dicem
626 1489 652 1534 st
667 1488 741 1536 recte
753 1482 856 1549 dicere,
873 1481 1044 1551 stipendium
1058 1488 1148 1533 aedem
1174 1482 1226 1535 ciis
1238 1484 1405 1552 partiantur.
1432 1486 1472 1538 Et
1489 1501 1581 1539 eennn
1601 1486 1688 1539 mdto
1707 1492 1747 1538 est
1763 1485 1864 1554 minus,
1878 1485 1955 1553 quad
1965 1483 2007 1536 ad

308 1569 440 1639 justitiae
458 1568 517 1621 cita
534 1576 665 1637 ommno,
689 1568 791 1620 maluit
810 1568 918 1634 dicere,
944 1567 1040 1635 pratia
1057 1574 1148 1621 amera
1174 1568 1340 1636 dipnitatem
1359 1570 1473 1638 attinet,
1491 1570 1556 1640 ipsa
1573 1572 1683 1634 arbore,
1702 1579 1729 1624 et
1745 1579 1836 1625 tamen
1855 1570 2007 1640 proportio

313 1655 370 1711 Dei
387 1655 448 1708 rita
465 1661 589 1718 aetmna,
607 1662 637 1707 ut
655 1654 719 1708 binc
736 1654 961 1723 intelliperemus,
979 1652 1149 1706 manseritis
1175 1662 1215 1707 est
1241 1656 1315 1708 inter
1338 1673 1430 1710 semen
1455 1664 1481 1710 et
1503 1658 1632 1711 arborem
1654 1665 1750 1725 tanta,
1775 1664 1806 1711 ut
1831 1656 1931 1711 semini
1954 1656 2007 1710 rite

310 1742 418 1795 nostris
435 1741 530 1794 Deum
548 1758 599 1793 nos
616 1741 657 1793 ad
675 1748 819 1793 aeternam
836 1740 935 1807 vitam,
959 1741 1011 1792 sed
1023 1757 1079 1808 pro
1097 1756 1149 1791 sua
1173 1747 1236 1793 sato
1254 1742 1384 1795 natarali
1399 1745 1524 1813 madum
1535 1742 1652 1813 justitia
1670 1743 1756 1796 arbor
1772 1743 1922 1805 debeatur,
1942 1742 2007 1797 idea

310 1826 511 1881 misericordia
529 1828 739 1896 perducere*
784 1825 998 1897 chrysostomus
1015 1824 1087 1881 hom.
1109 1831 1148 1882 12.
1174 1828 1285 1880 Paulae
1309 1828 1379 1882 dicit
1398 1830 1425 1881 2.
1444 1828 1507 1882 Gor.
1526 1832 1552 1885 t.
1568 1830 1715 1899 passiones
1732 1836 1843 1883 nostras
1860 1836 2008 1883 momenta·

309 1912 338 1968 in
355 1913 437 1984 epist
464 1912 560 1967 Rom:
587 1913 702 1966 Peccati
723 1913 865 1983 stipendia
888 1930 950 1965 cum
971 1913 1148 1981 nominasset,
1175 1928 1244 1965 neas
1263 1930 1321 1966 esse
1338 1921 1467 1967 ettamen
1479 1922 1623 1968 aeternum
1631 1917 1745 1985 pondus
1759 1912 1871 1983 pieriae
1884 1913 2006 1983 operari.

310 2001 346 2054 de
364 2000 447 2053 bons's
464 2000 549 2052 umbo
560 1999 675 2065 faciens
687 2017 743 2051 non
754 2000 872 2052 eundem
882 2000 1002 2053 sonarit
1014 1999 1148 2063 ordinem,
1176 1996 1398 2067 Respondemus:
1429 2006 1451 2055 l.
1473 2000 1657 2055 Bellarminus
1683 1999 1801 2056 discedit
1823 2016 1841 2055 a
1862 1998 2007 2055 Dominico

310 2102 398 2156 aeque
417 2086 492 2139 enim
509 2086 589 2151 died,
605 2101 708 2138 merces
726 2091 800 2139 recte
814 2085 957 2150 sactorum
987 2093 1149 2155 vestrorum,
1176 2082 1250 2147 soto,
1271 2084 1318 2154 qui
1337 2084 1384 2139 lib.
1394 2090 1418 2140 3.
1438 2087 1474 2140 de
1490 2093 1591 2141 natura
1609 2092 1638 2143 et
1654 2086 1746 2158 matie
1762 2103 1784 2140 c
1802 2091 1825 2141 9.
1843 2085 2008 2157 dignitatem
2039 2091 2041 2094 ’

262 2174 265 2180 ’
310 2175 362 2226 sed
377 2172 477 2241 pratia
494 2173 562 2242 Dei,
579 2174 735 2240 ostendens,
754 2172 821 2225 illos
838 2189 888 2225 suo
906 2179 996 2225 marte
1015 2172 1149 2226 liberatos
1175 2184 1288 2239 operum
1324 2170 1440 2225 coemit
1470 2189 1526 2226 non
1560 2188 1594 2226 ex
1623 2172 1716 2243 gratia
1740 2171 1880 2241 carimtis,
1910 2187 1926 2228 e
1951 2189 2008 2244 qua

309 2278 366 2313 non
385 2274 459 2327 esse,
487 2275 574 2328 neque
599 2260 678 2328 qnod
694 2259 816 2313 debitum
833 2265 904 2311 esset
921 2259 1075 2327 occepisse,
1099 2273 1149 2311 nee
1175 2254 1344 2325 procedunt,
1371 2255 1420 2311 sed
1443 2272 1476 2311 ex
1498 2263 1582 2328 pacto
1607 2257 1709 2312 divino.
1744 2257 1839 2314 Verba
1860 2259 1921 2330 ejus
1938 2256 2008 2312 baec

309 2345 343 2398 id
360 2346 442 2414 quod
457 2345 556 2398 datum
575 2345 636 2398 silis
656 2352 705 2414 est,
724 2361 783 2399 esse
802 2352 852 2398 aut
873 2344 1082 2398 retribsdionem
1101 2350 1150 2396 ant
1176 2346 1256 2396 sunt:
1287 2342 1381 2411 Opera
1405 2351 1430 2396 et
1449 2344 1599 2412 passiones
1621 2352 1651 2398 ut
1671 2362 1704 2398 ea
1716 2353 1802 2414 parte
1819 2346 1933 2414 objecti,
1956 2345 2008 2397 boc

309 2432 565 2485 remunerationem
582 2430 718 2500 laborum,
733 2432 786 2483 sed
796 2430 890 2484 omnia
901 2430 997 2499 pratia
1011 2430 1151 2484 obvenisse
1176 2433 1217 2480 est
1235 2429 1387 2481 secundum
1412 2430 1596 2483 estbstantiam
1625 2430 1854 2499 considerantur,
1884 2438 1915 2484 ut
1943 2430 2009 2500 pati

311 2526 338 2570 et
354 2519 436 2587 quod
452 2535 488 2572 ea
500 2535 556 2588 per
570 2518 660 2583 filium
680 2518 797 2571 dederit.
834 2515 1022 2588 Hieronymus
1040 2526 1105 2571 tom.
1127 2522 1148 2573 1.
1175 2512 1266 2577 sitim,
1286 2515 1412 2581 famem,
1437 2515 1559 2583 elarpiri
1573 2515 1670 2585 stipem
1686 2517 1823 2585 pauperi,
1850 2516 1934 2569 αέίαηέ
1950 2532 2006 2585 qua

312 2602 392 2674 epist.
411 2608 442 2659 ⁸:
480 2604 532 2658 Ubi
552 2604 661 2674 pratia,
686 2622 742 2657 nan
767 2621 883 2674 operum
905 2603 1067 2671 retributio,
1099 2604 1152 2656 sed
1176 2599 1286 2653 ratione
1308 2602 1467 2669 procedunt
1492 2617 1524 2653 eu
1546 2602 1656 2671 pratia,
1681 2620 1738 2656 non
1758 2609 1822 2655 sunt
1844 2601 2007 2672 neptabilia

311 2690 447 2744 maanus
461 2698 502 2744 est
513 2690 643 2759 larpitas.
666 2689 857 2746 Theodoretus
868 2688 897 2744 in
910 2706 933 2745 c.
944 2695 969 2745 6.
981 2688 1075 2745 Rom:
1094 2690 1150 2743 Hic
1176 2702 1278 2742 acmro
1296 2686 1344 2740 dli
1358 2691 1535 2740 aeternornm
1553 2687 1701 2756 bononem,
1725 2688 1774 2757 qui
1796 2705 1846 2741 nos
1864 2693 1957 2741 manet
1976 2687 2008 2740 in

267 2779 369 2829 naon
396 2776 468 2830 dicit
490 2778 658 2845 mercedem,
688 2778 740 2830 sed
763 2776 900 2845 qratiam,
930 2783 970 2829 est
995 2776 1068 2829 enim
1092 2775 1153 2828 Dei
1173 2772 1289 2841 patria,·
1306 2780 1337 2826 at
1353 2790 1385 2827 ec
1403 2773 1464 2843 lepe
1480 2780 1586 2827 statuta
1606 2774 1666 2827 Dei
1680 2774 1864 2827 convenientis
1878 2792 1940 2827 mm
1951 2774 2008 2828 cul·

314 2864 420 2916 &num
437 2864 496 2916 sito
515 2871 639 2916 aeurna.
680 2864 748 2917 Etsi
772 2863 844 2916 enim
866 2862 928 2932 cuis
953 2879 1088 2915 sermenem
1107 2862 1151 2916 uel
1176 2858 1283 2911 toribus
1306 2859 1405 2913 cineae
1427 2876 1496 2913 sesae
1518 2877 1551 2913 cc
1576 2861 1695 2914 dusario
1719 2861 1824 2915 diurno
1845 2860 2008 2928 dipnitatem

314 2943 622 3017 emomtanjnstitiam
630 2949 814 3019 praestiterit,
828 2947 1029 3018 temporalibus
1046 2948 1150 3001 labori-
1176 2945 1297 2998 induunt
1315 2953 1341 2998 et
1349 2945 1698 3014 justitiamadaeternum
1707 2947 1870 3016 praemium.
1898 2953 1921 3002 2.
1938 2952 2008 3000 Teis

314 3036 364 3089 bus
388 3043 506 3090 merra
536 3035 567 3088 in
598 3035 766 3104 sequutum
790 3052 848 3087 non
873 3037 1049 3104 respondent.
1086 3032 1151 3088 Ful·
1176 3029 1286 3104 ἀμφοῖν
1316 3031 1522 3103 amplectimur,
1551 3032 1625 3104 quod
1659 3032 1844 3088 Bellarminus
1872 3034 2007 3102 concedit,

314 3120 493 3194 ganesun.
513 3126 537 3178 t.
556 3121 591 3176 ad
612 3120 765 3175 Monimum
784 3139 812 3193 p.
831 3126 878 3177 u:
896 3124 943 3176 Es
955 3121 1051 3192 pratia
1063 3122 1152 3174 datur
1176 3134 1261 3187 opera
1279 3123 1308 3173 et
1323 3117 1465 3188 passiones
1484 3122 1650 3186 sauctorum,
1669 3119 1744 3190 quod
1762 3119 1930 3190 adipsorum
1944 3119 2007 3175 sub·

313 3226 370 3261 non
392 3206 485 3261 solum
494 3208 663 3278 justificatis
680 3209 738 3262 cita
756 3210 842 3274 bona,
863 3210 916 3262 ssd
942 3209 1025 3262 etiam
1043 3208 1150 3276 plorifi·
1176 3204 1307 3259 mantiam
1331 3203 1443 3272 attinet,
1478 3219 1534 3258 non
1564 3220 1624 3259 esse
1653 3204 1740 3277 digna
1766 3205 1825 3262 sire
1850 3206 2008 3278 aequabilia

314 3294 386 3349 eatis
402 3293 462 3347 cita
479 3302 603 3350 adorna.
638 3292 695 3347 Cur
705 3302 798 3349 autem
809 3313 884 3349 mors
895 3294 1075 3365 stiprmdium,
1092 3295 1151 3347 uita
1175 3290 1281 3362 glorias
1299 3289 1419 3359 futurae,
1436 3306 1471 3344 ex
1488 3305 1521 3345 eo
1538 3306 1604 3346 vero
1620 3287 1778 3347 immediate
1790 3292 1923 3364 sequitur,
1940 3309 2007 3363 quo—

314 3388 408 3435 autem
420 3388 538 3436 adorsa
545 3382 642 3450 pratia
654 3381 767 3449 dicitur,
784 3381 841 3435 nisi
858 3381 926 3451 quia
944 3381 1150 3444 illaredditur,
1176 3377 1212 3432 ed
1237 3376 1420 3432 substantiam
1443 3376 1488 3432 vel
1510 3393 1624 3449 operum
1647 3378 1691 3433 rel
1717 3378 1877 3450 pensionum
1903 3378 2007 3433 nullam

314 3469 382 3522 baec
411 3469 556 3522 donatm!
590 3466 777 3538 ”Cujetanus
805 3466 835 3522 iu
858 3484 881 3523 c.
912 3473 936 3523 6.
960 3464 1054 3522 Rom:
1084 3468 1151 3522 Non
1176 3464 1249 3519 inter
1275 3464 1336 3535 ipsa
1354 3470 1383 3519 et
1398 3462 1473 3518 vitae
1491 3468 1622 3519 aeternas
1640 3464 1757 3536 gloriam
1777 3482 1837 3521 esse
1856 3466 2006 3537 proportio

315 3555 384 3608 diest
410 3558 526 3624 propter
554 3551 692 3624 stipendia
712 3553 839 3624 justitiae
864 3553 922 3608 vita
949 3558 1078 3619 semma,
1099 3556 1152 3621 sed
1176 3567 1240 3605 nem
1259 3567 1292 3605 ac
1310 3549 1425 3622 proinde
1446 3549 1542 3604 eedem
1562 3567 1618 3605 non
1637 3567 1698 3607 esse
1716 3566 1749 3605 er
1768 3551 1907 3624 condigno
1929 3559 1958 3608 et
1974 3570 2007 3609 cx

315 3640 416 3696 donum
441 3637 498 3694 Dei
519 3639 577 3692 rita
598 3645 725 3707 aeterna,
753 3648 784 3693 ut
808 3640 1012 3708 inteltipamus,
1038 3657 1093 3693 non
1118 3658 1151 3694 ec
1177 3635 1272 3692 debito
1285 3636 1412 3708 justitiae
1430 3636 1577 3693 meritoris.
1613 3642 1636 3692 3.
1657 3636 1738 3702 Quod
1756 3638 1940 3693 Bellsrminns
1960 3638 2008 3692 ad-

314 3744 429 3797 operum
447 3726 566 3794 meritis,
592 3727 645 3778 sed
663 3742 696 3779 ee
712 3726 836 3794 pratuito
858 3727 917 3780 Dei
942 3728 1017 3780 dono
1038 3730 1152 3798 assecuti
1176 3724 1226 3792 dit,
1244 3724 1391 3777 meritoria
1413 3732 1439 3777 et
1457 3724 1596 3791 condipna
1618 3741 1676 3778 esse
1693 3740 1726 3777 eu
1743 3725 1876 3794 caritate,
1892 3723 1922 3778 id
1940 3724 2007 3779 dici-

313 3831 363 3866 nos
373 3813 499 3884 profire
510 3812 596 3865 sitam
608 3818 766 3879 aeternam,
779 3820 898 3883 propter
915 3814 993 3881 quod
1008 3814 1103 3867 subdit
1119 3815 1148 3869 in
1175 3828 1236 3865 mus
1260 3828 1313 3866 non
1336 3810 1423 3865 solum
1446 3796 1610 3880 Scripturas
1627 3809 1784 3865 testimonio
1808 3810 1934 3879 destitui,
1956 3808 2006 3864 sed

315 3900 425 3956 cbristo
449 3898 574 3953 Domina
596 3904 698 3953 nostro.
747 3899 822 3951 Ecce
851 3899 993 3968 meritum,
1023 3916 1081 3953 ecce
1104 3901 1148 3968 ju·
1174 3894 1258 3951 etiam
1275 3894 1363 3951 eidem
1380 3896 1575 3963 connsdicere,
1595 3894 1661 3966 quia
1679 3896 1821 3967 apostolus
1839 3894 2006 3951 absoluteet

312 3987 430 4046 stitiam,
467 3985 549 4053 asjus
571 3984 741 4054 stipendium
774 3992 816 4039 est
840 3985 899 4039 sita
917 3994 1045 4053 aeterna,
1069 3986 1148 4039 nobis
1175 3980 1323 4055 ἀποτόμως
1339 3987 1432 4053 negat,
1440 3980 1582 4052 passiones
1598 3988 1706 4036 nostras
1725 3981 1897 4053 essedignas
1911 3980 2006 4035 futura

313 4080 404 4127 autem
422 4072 526 4125 donum
543 4070 654 4125 ratione
674 4070 763 4140 ipsius
775 4071 847 4124 Jcsu
859 4070 1009 4127 ceraste*
1033 4078 1056 4127 5.
1069 4070 1148 4125 Rom.
1174 4067 1276 4138 gloria3
1305 4074 1334 4122 et
1364 4068 1485 4123 ostendit
1515 4066 1692 4123 cohaerentia
1715 4073 1815 4135 textus,
1843 4066 1878 4121 de
1896 4065 2005 4120 illorum

312 4165 336 4215 4.
360 4175 417 4214 non
441 4155 489 4228 agi
514 4156 550 4211 dc
576 4155 705 4227 operibus
728 4156 788 4212 sine
809 4157 902 4228 gratis
925 4174 959 4212 ex
978 4157 1042 4211 solis
1068 4156 1149 4212 liberi
1174 4152 1349 4224 passionibus
1377 4153 1533 4225 apostolum
1557 4170 1654 4225 agere,
1681 4152 1729 4224 qui
1755 4158 1820 4207 sunt
1835 4152 1886 4207 filii
1906 4152 1960 4208 Dei
1976 4158 2005 4207 et

312 4244 419 4299 arbitrii
437 4241 544 4297 viribus
567 4241 662 4311 fucus,
689 4260 738 4298 suo
761 4243 823 4297 loco
847 4244 1063 4299 demonstratum
1088 4243 1147 4299 fuit.
1174 4240 1289 4294 heredes
1313 4240 1387 4295 ritae
1407 4247 1551 4309 aeternam
1576 4239 1675 4311 quodsi
1694 4239 1821 4311 jamdum
1844 4245 1911 4294 sunt
1928 4238 2005 4295 bere-

312 4330 466 4387 Contextus
485 4327 667 4400 liquidissime
687 4329 822 4399 ostendit,
841 4330 997 4401 apostolum
1013 4330 1048 4385 de
1060 4329 1148 4386 Abre-
1175 4327 1224 4382 des
1240 4326 1294 4381 Dei
1313 4333 1342 4381 et
1358 4325 1506 4382 coheredes
1518 4326 1629 4394 Christi,
1647 4327 1759 4398 quenda
1771 4325 1913 4397 passiam
1925 4327 2006 4382 susti·

311 4417 392 4472 bemo
418 4416 449 4470 in
473 4414 564 4469 medio
588 4413 701 4486 pietatis
727 4422 755 4470 et
777 4415 912 4470 bonorum
935 4433 1047 4487 operum
1066 4434 1149 4472 cursu
1174 4418 1250 4481 nent,
1267 4413 1405 4485 quomodo
1421 4413 1581 4485 passionum
1599 4412 1703 4473 meritis
1717 4412 1802 4467 vitam
1821 4419 1961 4469 aeternam
1972 4430 2006 4468 ex

310 4502 466 4558 constituto
479 4516 571 4573 agere,
584 4517 665 4573 quem
677 4500 732 4557 fide
744 4500 804 4556 sine
815 4502 943 4573 operibus
955 4501 1148 4574 justificatum,
1175 4500 1314 4570 condigno
1338 4499 1448 4554 demum
1472 4497 1620 4555 obtinent?
1656 4506 1680 4555 4.
1700 4497 1754 4554 Illa
1774 4499 1835 4570 ipsa
1852 4498 1966 4567 carius,
1990 4516 2006 4553 e

310 4603 490 4661 nequaquam
515 4602 581 4642 vero
604 4587 702 4642 merito
726 4603 840 4659 operum
865 4587 901 4641 ad
922 4588 1062 4659 justitiam
1087 4605 1149 4660 per-
1175 4602 1231 4657 qua
1247 4586 1322 4640 bona
1338 4600 1423 4656 opera
1441 4586 1548 4657 piorum
1568 4585 1730 4656 procedunt,
1751 4585 1791 4640 ita
1805 4584 2007 4641 intrinsecscst
2019 4594 2080 4635 vm.
2094 4590 2127 4635 st.

304 4673 434 4743 'resim
454 4672 557 4728 ibidem
575 4673 714 4728 luculente
731 4674 838 4745 probat.
875 4673 915 4730 Ut
933 4679 1025 4730 eutem
1046 4675 1148 4747 justifi-
1175 4672 1255 4728 bonis
1273 4671 1416 4744 operibus,
1437 4678 1470 4725 ut
1488 4688 1544 4726 non
1565 4672 1701 4727 immerito
1719 4671 1905 4727 mbstsntism
1922 4672 2007 4727 bono·

309 4777 415 4828 amur,
433 4759 474 4813 ita
492 4773 603 4830 quoque
620 4757 773 4830 salvamur,
796 4759 863 4830 quia
877 4759 1103 4831 justificationem
1122 4766 1150 4815 et
1175 4777 1237 4814 rum
1256 4775 1371 4829 operum
1391 4757 1500 4829 ingredi
1521 4757 1640 4825 dicatur,
1659 4757 1791 4829 quicquid
1810 4758 1885 4813 enim
1903 4757 1936 4813 fit
1949 4758 2007 4812 sine

309 4842 494 4919 pasepsapdr
518 4844 577 4899 sire
605 4844 838 4900 beatificationem
873 4845 1015 4915 apostolus
1045 4846 1148 4902 ibidem
1174 4846 1299 4914 carimte,
1317 4851 1561 4916 quantumcunque
1579 4859 1649 4915 opus
1667 4843 1718 4910 sit,
1740 4860 1796 4898 non
1816 4850 1858 4899 est
1876 4862 1926 4915 pro
1942 4860 2007 4899 rere

310 4930 466 5005 conjungit
1176 4932 1249 4987 bono
1267 4948 1349 5003 opere
1364 4930 1557 5001 judicandum,
1575 4935 1606 4984 ut
1623 4945 1750 5000 expresse
1769 4929 1851 4986 docet
1866 4931 2006 5001 apostolus

262 5028 298 5071 m:
347 5024 389 5076 93.
427 5024 452 5073 5.
472 5014 551 5071 Rom
569 5007 598 5080 b,
621 5033 647 5069 r.
669 5022 715 5072 te:
739 5018 804 5071 Non
830 5026 894 5071 sunt
913 5019 1068 5087 condipnae
1080 5037 1149 5090 pos·
1179 5025 1200 5076 1.
1219 5017 1281 5074 Cor.
1305 5023 1344 5087 13,
1360 5034 1385 5070 v.
1405 5022 1428 5073 2.
1448 5015 1471 5069 si
1492 5031 1559 5088 ergo
1576 5015 1650 5072 bona
1667 5031 1752 5087 opera
1770 5016 1862 5087 quoad
1880 5018 2005 5072 substan-

262 5086 404 5160 “nones
430 5104 515 5173 liujus
536 5102 670 5173 temporis
696 5104 736 5157 ad
757 5103 888 5169 suturam
910 5104 1046 5173 ploriam,
1078 5122 1149 5175 piae
1175 5106 1243 5160 dem
1270 5122 1326 5159 non
1352 5108 1417 5158 sunt
1442 5103 1582 5174 condigna
1608 5106 1737 5158 aeternae
1763 5103 1883 5175 gloriae,
1910 5104 2006 5174 utique

262 5201 271 5267 Ἰ
310 5190 485 5247 revelabitur
502 5206 571 5259 erpa
589 5206 648 5243 noe.
685 5188 714 5244 Si
731 5190 874 5261 passiones
891 5206 946 5244 non
966 5196 1030 5246 suut
1048 5191 1150 5264 dignae
1176 5190 1259 5247 etiam
1282 5195 1410 5262 respectu
1433 5189 1557 5244 ceritatn
1577 5188 1665 5244 eidem
1683 5205 1739 5244 non
1760 5196 1841 5244 erunt
1858 5189 2005 5260 condigna.

262 5290 268 5329 ι
309 5278 409 5333 futura
427 5275 526 5348 gloria,
546 5274 633 5330 multo
651 5275 740 5330 minus
761 5292 845 5348 opera
861 5294 894 5332 ex
913 5276 1051 5348 condigno
1070 5285 1151 5333 erunt
1176 5284 1200 5336 5,
1218 5276 1367 5332 (toritatem
1386 5275 1461 5331 illurn
1481 5281 1509 5330 et
1527 5291 1599 5346 quae
1617 5292 1651 5331 ex
1670 5290 1704 5330 ea
1720 5274 1828 5330 iaciunt
1847 5292 1881 5329 ac
1897 5276 2004 5345 patiun-

262 5350 284 5433 ξ,
309 5363 387 5419 vine
419 5368 552 5418 souma
581 5362 725 5417 merium.
782 5361 864 5417 Ratio
904 5362 1079 5418 connexionis
1108 5372 1150 5420 m
1175 5364 1277 5435 turpii,
1291 5363 1418 5434 jamdum
1435 5362 1778 5435 serenissimum
1797 5362 1897 5433 inlege
1912 5361 2006 5417 eim·

307 5448 441 5518 muers,
477 5447 542 5521 quia
576 5447 635 5520 pati
663 5453 705 5504 est
734 5450 824 5518 majus
851 5448 917 5520 quid
947 5465 1029 5520 quem
1058 5466 1149 5521 agere,
1175 5452 1212 5505 ab
1230 5449 1356 5504 omnibus
1376 5449 1506 5522 exigitur:
1526 5449 1550 5502 si
1568 5465 1634 5520 ergo
1653 5448 1743 5503 locum
1761 5446 1874 5502 babebit
1891 5447 1920 5503 in
1941 5464 2005 5521 ope·

306 5536 386 5594 unde
404 5540 542 5607 martyres
560 5534 672 5607 reliquis
693 5535 796 5590 sanctis
814 5534 1015 5607 praeferuntur.
1044 5536 1148 5592 Bellar-
1175 5538 1253 5591 ribus
1277 5535 1377 5591 nostris
1396 5534 1530 5606 parabola
1547 5533 1649 5588 Christi
1670 5533 1739 5588 Luc.
1762 5539 1800 5588 17.
1818 5534 1960 5605 proposita
1977 5542 2005 5591 et

306 5624 404 5680 minus
431 5621 549 5693 excipit,
576 5622 733 5692 apostolum
752 5622 831 5692 loqui
848 5623 883 5676 de
901 5622 1057 5676 substantia
1075 5625 1149 5692 ipso·
1175 5622 1302 5694 superius
1330 5620 1386 5676 late
1412 5620 1551 5692 exposita,
1577 5620 1654 5675 nulla
1678 5620 1730 5675 hoc
1752 5619 1862 5675 nomine
1886 5620 1954 5692 ipsis
1972 5641 2005 5677 ex

304 5728 372 5768 mm
390 5725 525 5779 operum,
551 5726 608 5761 non
636 5709 672 5761 de
696 5708 879 5777 proportione
899 5707 1036 5763 absoluta.
1073 5711 1147 5763 Nam
1159 5680 1163 5763 i
1175 5708 1270 5764 debito
1288 5707 1416 5777 justitiae
1432 5707 1549 5768 debebu
1568 5708 1674 5778 metis,
1693 5706 1795 5761 nedum
1810 5706 1902 5762 meriti
1922 5724 2005 5779 quae·
