4800 6659
469 596 532 655 332
1147 586 1271 646 LOCUS
1290 584 1495 647 vicssmtts

471 742 551 799 Rom.
572 746 596 806 8,
616 759 641 795 v.
663 748 690 798 1:
715 744 808 798 Natta
827 744 973 797 damnatio
988 751 1028 798 est
1047 744 1106 808 bis,
1129 746 1178 814 qni
1196 750 1260 797 sant
1277 742 1438 812 inloptr'rne
1462 746 1546 808 facta
1571 759 1631 797 esse
1654 750 1774 809 peccata
1793 743 1943 811 mortalia,
1969 743 1998 797 si
2022 745 2179 797 suendum

473 828 585 882 cbristo
606 829 689 898 Jesn,
712 830 763 899 qui
780 848 835 884 non
861 832 1011 885 scoriadam
1029 848 1141 885 earnem
1158 831 1309 898 ambulant,
1335 832 1457 897 riporem
1468 830 1601 898 justitiae
1614 831 1779 900 judicentur
1799 847 1818 882 a
1835 831 1909 885 Deo.
1945 828 2176 898 Respondemus:

472 914 520 969 ubi
547 931 602 969 non
629 920 729 988 κρίμα,
757 917 805 971 sed
830 916 985 991 κατάκριμα
1003 923 1132 987 respectu
1151 922 1308 971 renatorum
1335 915 1379 971 De
1398 923 1457 970 tota
1474 916 1526 971 hac
1544 934 1574 971 re
1594 917 1622 971 in
1641 923 1763 970 tractatu
1783 915 1917 970 debonis
1937 914 2072 986 operibus
2092 913 2121 991 5.
2135 920 2175 972 39.

471 998 529 1070 legi
550 1000 712 1055 detrahitur.
921 992 929 1005 ⁸
1335 1001 1391 1056 late
1411 1003 1527 1073 egimus,
1546 1002 1596 1055 ubi
1613 1002 1793 1070 ostendimus,
1811 1001 1873 1074 quis
1890 1002 1927 1056 sit
1944 1019 2042 1056 sensus
2064 1002 2175 1056 illarum

344 1086 446 1178 {ism-l
508 1091 565 1141 142.
601 1086 670 1157 Cap.
694 1092 733 1142 ts.
778 1088 902 1157 disputat
926 1089 1111 1143 Bellarminus
1138 1096 1235 1144 contra
1251 1088 1308 1143 Lu·
1335 1088 1562 1159 propositionum,
1585 1088 1659 1157 quod
1679 1087 1739 1141 sola
1758 1086 1937 1142 incredulitas
1957 1088 2081 1156 damnet,
2100 1088 2174 1158 quod

343 1142 458 1239 nisidio}
471 1170 590 1240 theram,
620 1172 667 1243 qui
698 1172 727 1226 in
756 1172 804 1227 lib.
833 1174 868 1229 de
895 1175 996 1246 captiv.
1022 1174 1160 1246 Babylon.
1184 1192 1246 1244 cap.
1275 1164 1426 1245 deiomnia
1448 1181 1563 1245 peccata
1582 1174 1638 1227 sint
1655 1190 1707 1228 sua
1725 1182 1825 1229 natura
1843 1174 1985 1240 mortalia,
2005 1174 2082 1245 quod
2102 1174 2174 1229 bona

343 1243 449 1333 fflgssf
473 1257 549 1327 bapt.
581 1258 697 1325 dixerat,
723 1259 890 1327 baptizatam
920 1280 975 1316 non
997 1278 1083 1331 posse
1109 1263 1233 1331 pretinm
1250 1256 1419 1384 Deilopera
1444 1269 1558 1331 proptor
1585 1262 1781 1317 adhaerentem
1804 1260 2039 1332 imperfectionem
2067 1268 2096 1315 et
2125 1260 2173 1315 im·

342 1344 447 1436 ffirm-
472 1344 615 1413 omittere,
640 1345 697 1397 nisi
714 1346 785 1398 nolit
805 1349 926 1402 credere.
963 1347 1187 1419 Respondemus:
1211 1354 1232 1403 l.
1254 1347 1309 1401 No·
1335 1347 1502 1402 mundiciam
1520 1348 1576 1402 sint
1593 1364 1685 1402 coram
1701 1347 1752 1401 Dei
1769 1347 1877 1418 judicio
1896 1357 2013 1417 peccata
2033 1356 2087 1402 ete.
2126 1346 2173 1403 Se·

342 1452 421 1497 potest
472 1427 515 1484 bis
546 1429 614 1483 nihil
643 1430 794 1501 quidquam
821 1449 964 1488 commune
990 1442 1033 1488 est
1054 1451 1117 1487 cum
1144 1449 1235 1487 errore
1260 1432 1308 1487 Jo·
1335 1434 1427 1486 cando
1444 1434 1639 1501 atsitsensns,
1653 1434 1936 1501 peecataomniaita
1949 1434 2173 1501 esseeonjancto

368 1502 440 1589 „¹⁰⁸”
472 1514 591 1585 viniani,
622 1517 669 1587 qui
687 1517 825 1572 referente
844 1517 1014 1589 Hieronymo
1034 1519 1081 1574 lib.
1102 1525 1125 1576 2.
1145 1532 1241 1574 eontra
1260 1519 1307 1574 Jo·
1335 1537 1396 1573 oum
1413 1519 1581 1583 infidelitate
1600 1527 1625 1572 et
1644 1528 1744 1572 eontra
1762 1521 1846 1584 fidem
1866 1520 1907 1574 ita
1920 1519 2101 1588 conjunctam
2115 1534 2172 1572 esss

342 1601 530 1693 fflttggptvin.
556 1608 583 1656 et
600 1602 759 1673 Augustino
777 1603 838 1658 libr.
861 1605 895 1659 de
917 1604 1076 1660 haeresibus
1095 1622 1118 1659 c.
1141 1610 1182 1661 82.
1201 1605 1308 1672 statuit,
1334 1623 1395 1657 cnm
1418 1605 1638 1673 justificatione,
1665 1612 1695 1657 nt
1721 1623 1776 1658 non
1799 1606 1895 1675 possit
1917 1606 1995 1672 fides
2018 1605 2172 1658 consistere

342 1705 443 1746 orsaors.
473 1688 608 1741 bominem
626 1705 690 1742 aare
702 1690 869 1759 baptisatam
884 1709 940 1744 non
952 1708 1037 1760 posse
1050 1692 1396 1760 antplinspeecare,1cam
1412 1691 1472 1743 nilo
1486 1698 1606 1758 peceato
1625 1691 1756 1760 mortaii,·
1772 1692 1894 1760 proinde
1913 1692 1964 1760 qai
1982 1691 2065 1743 habet
2073 1691 2172 1760 fidem,

472 1783 498 1828 et
515 1775 542 1827 si
556 1782 664 1844 peceat,
683 1793 740 1829 non
755 1776 849 1842 saissa
867 1778 982 1830 tinctam
1001 1778 1060 1830 nisi
1077 1796 1160 1846 aqna.
1208 1785 1231 1832 2.
1248 1777 1307 1832 Nec
1333 1776 1441 1829 nullam
1460 1776 1562 1830 babere
1579 1784 1734 1844 peccatum,
1751 1793 1801 1830 nec
1816 1793 1901 1846 posse
1916 1777 2014 1845 perire
2027 1784 2053 1829 et
2066 1784 2172 1842 eontra

469 1860 603 1930 probatur
629 1860 709 1915 uobis
729 1878 804 1916 error
824 1861 1061 1931 Calvisianorum,
1087 1864 1160 1934 quod
1177 1862 1247 1918 fides
1266 1881 1307 1918 se·
1334 1862 1488 1930 quicunqne
1501 1870 1613 1930 peccat,
1633 1864 1758 1931 booipso
1773 1863 1959 1931 carerefide,·
1978 1863 2173 1915 bunesensam

470 1946 525 2001 mel
546 1946 643 2002 habita
667 1965 721 2001 non
744 1948 831 2017 possit
851 1949 972 2017 peccatis
992 1956 1089 2002 contra
1108 1950 1306 2004 conscientiam
1332 1949 1390 2001 oute
1414 1966 1472 2002 esse
1498 1948 1673 2002 Cbemnicins
1697 1949 1776 2002 illins
1799 1950 1978 2003 Lutheranas
1997 1949 2173 2018 propositio·

469 2032 580 2104 penitus
600 2033 703 2103 amitti,
722 2051 777 2105 qua
796 2035 831 2087 de
850 2051 878 2088 re
897 2034 925 2088 in
941 2040 1062 2089 tractata
1075 2036 1110 2089 de
1124 2035 1204 2090 bonis
1216 2036 1305 2105 operi·
1333 2035 1385 2089 nis.
1434 2035 1529 2088 Tertio
1558 2036 1640 2088 modo
1661 2043 1753 2103 potest
1779 2035 1902 2103 intellipi
1925 2035 1979 2087 illa
1998 2034 2174 2104 propositio,

469 2118 522 2175 bus
546 2121 598 2174 sub
623 2120 706 2175 finem
731 2121 786 2176 late
805 2121 992 2176 disseruimus.
1028 2127 1053 2178 3.
1088 2122 1148 2177 Nee
1168 2123 1196 2176 in
1216 2123 1305 2176 sinum
1332 2121 1414 2172 nteit
1431 2120 1791 2189 conseparata-nominem
1808 2120 1901 2188 simui,
1919 2122 2110 2190 dampeeeat,
2130 2137 2172 2175 re·

470 2206 605 2262 ecclesias
630 2213 740 2261 nostrae
767 2207 921 2278 recepimus
946 2207 1081 2261 fanaticas
1111 2209 1173 2262 illas
1201 2208 1305 2278 opinio·
1332 2206 1419 2259 tinere
1442 2208 1526 2269 tidem
1552 2213 1577 2258 et
1597 2222 1653 2274 per
1677 2205 1728 2259 boe
1752 2223 1807 2259 non
1827 2205 1953 2259 amittere
1971 2208 2032 2261 Dei
2046 2209 2172 2275 praciam

469 2309 533 2359 nes,
559 2309 627 2364 quas
653 2294 754 2348 recitat
780 2301 807 2349 et
824 2294 928 2349 refellit
946 2295 1121 2365 Augustinus
1140 2296 1187 2351 lib.
1210 2302 1251 2352 tl.
1271 2295 1306 2347 de
1318 2325 1321 2408 q
1330 2302 1519 2361 praesentem,
1543 2292 1611 2360 qula
1629 2293 1693 2345 licet
1710 2302 1826 2361 peccata
1844 2302 1993 2348 ereatura
2011 2311 2067 2347 eea
2083 2294 2172 2348 bomi-

468 2378 542 2433 civit.
560 2378 614 2433 Dei
641 2395 663 2434 o.
691 2385 738 2435 25:
768 2380 847 2445 Quod
875 2383 1020 2449 speranda
1048 2382 1084 2434 sit
1111 2381 1241 2435 liberatio
1271 2382 1394 2488 ab'nem
1420 2396 1498 2432 ream
1520 2380 1656 2446 facerent
1683 2387 1708 2430 et
1728 2379 1787 2432 Dei
1805 2379 1960 2448 inimicam,
1987 2386 2081 2433 tamen
2095 2381 2173 2449 fidu

469 2466 532 2533 ipne
556 2474 670 2519 aeterno
689 2467 733 2519 ael
752 2468 877 2521 omnibns
897 2468 1064 2535 leominibns,
1083 2469 1126 2521 ael
1144 2468 1184 2520 cis
1206 2474 1496 2534 tamenpermaoens
1526 2466 1556 2517 in
1584 2466 1670 2517 corde
1691 2465 1784 2531 facit,
1815 2482 1849 2518 ne
1874 2465 2046 2532 imputentur
2072 2474 2098 2519 et
2116 2482 2174 2518 non

469 2551 519 2620 qni
540 2553 647 2605 Christi
668 2553 833 2621 baptismate
858 2553 948 2606 ablati
967 2562 992 2607 et
1013 2554 1141 2622 eorporis
1161 2554 1222 2621 ejas
1242 2571 1304 2606 san·
1333 2552 1473 2603 damnent.
1509 2550 1561 2603 His
1589 2550 1629 2603 ita
1662 2549 1820 2619 praemissis
1852 2550 1994 2605 concludit
2022 2550 2171 2606 Bellarmi·

469 2639 616 2707 quinisque
639 2639 799 2707 participes
837 2640 913 2701 sacti
939 2639 1060 2703 fuerint,
1099 2640 1306 2708 quomodolibet
1333 2655 1398 2705 nus,
1421 2637 1643 2705 propositionem
1669 2637 1750 2689 iliam
1773 2634 1891 2689 Lutlreri
1906 2645 1982 2690 recte
2001 2639 2170 2691 damnatam

469 2724 595 2791 ornarint,
615 2725 645 2777 in
665 2741 830 2793 quocunqne
842 2726 985 2793 impietate
996 2725 1039 2778 val
1052 2726 1164 2779 haeresi
1180 2727 1305 2795 fuerint,·
1332 2741 1390 2777 esse
1410 2725 1440 2776 in
1460 2722 1578 2776 eoncilia
1597 2723 1773 2791 Tridentino,
1792 2723 1906 2775 comsit
1924 2723 2003 2776 dicta
2016 2742 2036 2777 a
2048 2724 2174 2779 Luthero

468 2811 512 2863 oei
529 2818 600 2863 certe
617 2810 688 2863 solis
707 2810 776 2877 illis,
794 2811 844 2879 qui
856 2819 923 2879 post
942 2821 1305 2880 acceptasacramentaee-
1333 2812 1361 2863 in
1386 2826 1469 2864 sensa
1493 2809 1573 2862 tertio
1598 2817 1624 2863 et
1647 2817 1800 2877 praeterea
1821 2810 1904 2861 etiam
1922 2810 1960 2862 sit
1977 2810 2124 2865 baermioa
2143 2813 2172 2865 in

469 2902 577 2949 ternam
589 2896 798 2964 professionem
818 2897 986 2951 catholicam
1003 2897 1137 2967 retinent,
1161 2899 1227 2953 iicet
1240 2917 1305 2970 pes·
1330 2914 1413 2950 sensu
1441 2896 1570 2949 secundo.
1616 2893 1760 2960 Quomodo
1789 2901 1936 2965 utrumque
1959 2896 2172 2965 pronuntiatum

469 2982 537 3036 sime
556 2984 656 3039 sinant.
698 2983 848 3040 econtra
871 2985 982 3039 veroin
1003 2986 1103 3039 nostris
1121 2987 1245 3041 ecclesiis
1265 2987 1305 3039 di·
1331 2980 1451 3051 probat?
1503 2981 1631 3035 Primam
1665 2979 1776 3050 (inquit)
1814 2980 1903 3042 fuisse
1939 2981 2022 3034 iliam
2055 2992 2173 3035 mentem

470 3073 544 3124 serto
567 3075 596 3123 et
614 3069 760 3139 perspicue
779 3070 909 3140 docetur,
933 3070 1017 3126 fidem
1031 3071 1232 3141 justificantem
1249 3088 1304 3125 non
1331 3068 1450 3121 Lutberi
1463 3076 1543 3137 patet
1560 3085 1593 3122 ea
1610 3069 1653 3120 lais
1673 3070 1759 3122 loer's‘:
1783 3067 1812 3121 in
1830 3067 1877 3123 lib.
1895 3068 1930 3122 de
1941 3073 2015 3138 capt.
2029 3067 2171 3139 Babylon.

470 3155 619 3210 consistere
638 3172 701 3209 cum
720 3156 845 3225 peccatis
864 3163 961 3211 contra
980 3158 1192 3227 conscientiam,
1215 3158 1303 3228 bapti·
1331 3171 1391 3224 cap.
1415 3154 1450 3209 de
1473 3154 1549 3223 bapt.
1569 3162 1717 3224 postquam
1736 3155 1862 3222 dixerat,
1887 3155 2027 3209 leoninam
2046 3157 2170 3226 baptiza·

469 3249 545 3296 satos
569 3257 745 3312 nequaquam
769 3242 894 3312 accipere
914 3243 1091 3314 privilegium
1111 3243 1304 3313 turpitudinis;
1330 3249 1387 3293 tam
1410 3259 1466 3293 non
1490 3257 1577 3308 posse
1602 3242 1749 3309 clarnnari,
1775 3241 1833 3293 nisi
1854 3241 1924 3295 nolit
1948 3244 2080 3311 erodere,
2107 3242 2169 3298 sub-

469 3328 586 3399 gratiam
610 3328 664 3383 Dei
688 3329 811 3398 peccatis
837 3328 1011 3390 vastantibus
1038 3329 1234 3383 conscientiam
1260 3345 1304 3381 ex·
1327 3327 1441 3398 jungit.-
1465 3328 1557 3380 anla
1574 3335 1696 3396 peecata
1718 3343 1780 3379 sum
1795 3336 1914 3396 possunt
1935 3330 2092 3399 damnare,
2114 3329 2172 3384 nisi

468 3415 540 3483 cuti,
559 3413 641 3468 fidem
660 3431 753 3469 veram
771 3432 825 3469 non
846 3414 998 3469 consistere,
1015 3403 1078 3468 cuin
1096 3414 1304 3484 impoenitentia
1329 3414 1392 3468 sola
1416 3414 1615 3478 incredulitas,
1639 3422 1731 3466 cetera
1757 3414 1864 3482 omnia,
1889 3415 1916 3467 si
1935 3418 2036 3470 redeat
2056 3418 2100 3470 oei
2117 3423 2169 3471 stet

469 3507 498 3554 et
519 3500 652 3569 peccandi
677 3500 817 3571 proposito
838 3506 891 3555 etc.
934 3506 958 3556 5.
975 3501 1129 3555 Lutherum
1147 3500 1222 3570 quod
1241 3501 1304 3553 atti·
1330 3503 1400 3563 fides
1418 3502 1448 3553 in
1460 3500 1675 3569 promissionem
1694 3500 1820 3553 diuinam
1836 3500 1976 3568 baptizato
1992 3502 2116 3566 foetam,
2138 3502 2166 3555 in

467 3593 529 3655 net,
553 3586 577 3640 is
603 3602 635 3641 eo
655 3587 715 3655 ipso
740 3585 769 3640 in
787 3586 847 3640 loco
868 3586 970 3641 diserte
987 3585 1122 3655 affirmat,
1150 3588 1304 3655 baptizatos
1331 3594 1463 3640 momento
1481 3586 1662 3640 absorbentur
1675 3603 1729 3654 per
1749 3587 1866 3640 eandem
1877 3587 1976 3652 fldem.
2010 3586 2064 3640 Ubi
2080 3588 2167 3648 vides,

463 3691 519 3743 per
535 3680 657 3741 peecata
684 3673 881 3726 conscientiam
912 3673 1054 3727 vastantia
1081 3674 1211 3726 deserere
1234 3692 1303 3743 pro·
1330 3691 1391 3726 earn
1409 3674 1516 3741 dicare,
1535 3673 1562 3725 si
1577 3674 1678 3726 redeat
1697 3673 1741 3725 eei
1759 3679 1812 3726 stet
1825 3673 1909 3739 fides.
1945 3672 2065 3727 Putavit
2080 3674 2167 3742 ipitar

467 3760 627 3813 missionem
644 3759 757 3825 pretias
777 3758 922 3826 baptismi,
950 3778 969 3812 a
982 3761 1044 3826 fide
1062 3768 1088 3812 et
1106 3760 1224 3813 veritate
1242 3761 1303 3829 rjus
1333 3760 1476 3823 Lutberns,
1492 3776 1577 3829 posse
1594 3768 1671 3812 stare
1689 3760 1781 3823 fialam,
1800 3761 1867 3812 dum
1882 3759 2064 3828 quisperant,
2078 3769 2166 3829 etper

468 3846 601 3913 deficere,
628 3844 693 3897 item
720 3844 848 3897 excidere
875 3862 908 3898 aa
925 3848 1027 3899 virtute
1047 3854 1073 3899 et
1085 3831 1146 3915 ficia
1164 3847 1302 3915 baptismi.
1331 3864 1392 3899 eam
1409 3848 1494 3910 fidem
1508 3853 1628 3915 peecata
1646 3863 1703 3897 non
1726 3844 1873 3914 imputari,
1898 3846 1983 3898 etiarn
2004 3847 2073 3900 dam
2083 3847 2165 3915 fiant.

468 3937 492 3987 6.
510 3930 645 4001 Disputat
665 3936 758 3984 autem
782 3937 879 3984 conns
902 3931 1111 3985 Pontificiorum
1138 3931 1303 4002 opinionem,
1330 3931 1553 4002 Respondemus:
1575 3931 1695 3986 Peccata
1719 3937 1785 3984 sunt
1805 3930 1935 4000 duplicia,
1953 3930 2123 3987 infirmitatis
2139 3937 2165 3988 et

468 4034 540 4088 quae
562 4016 681 4087 gratiam
707 4023 734 4070 et
756 4016 884 4071 virtutem
912 4016 1042 4087 baptismi
1061 4022 1170 4071 tantum
1188 4018 1225 4072 ad
1245 4019 1303 4072 uni·
1330 4024 1427 4072 contra
1444 4018 1657 4085 conscientiam
1681 4026 1797 4086 peccata
1821 4015 1991 4071 infirmitatis
2008 4024 2086 4073 stant
2106 4034 2166 4073 cum

468 4118 530 4156 cum
549 4103 618 4157 illud
637 4108 812 4170 momentum,
834 4102 945 4172 quando
958 4102 1141 4172 baptizamur,
1154 4104 1303 4176 restringit,
1330 4104 1385 4159 fide
1405 4113 1432 4159 et
1449 4104 1485 4158 ab
1505 4120 1547 4170 ea,
1565 4111 1598 4157 ιιι
1614 4109 1688 4157 recte
1708 4102 1776 4156 dicit
1787 4102 1940 4170 Lutherus,
1967 4103 2166 4173 absorbentem

467 4187 508 4241 ita
529 4193 561 4242 ut
585 4206 636 4258 per
651 4193 739 4243 totam
759 4188 844 4243 vitam
863 4195 961 4257 postes
981 4191 1041 4258 ejus
1059 4190 1151 4244 nullus
1170 4190 1207 4244 sit
1224 4208 1304 4259 usus,
1332 4197 1446 4259 peccata
1479 4196 1575 4244 contra
1602 4187 1800 4243 conscientiam
1834 4206 1890 4243 non
1923 4191 2079 4245 consistunt
2106 4207 2166 4245 cum

468 4273 605 4343 siquidem
637 4293 687 4345 per
725 4283 843 4347 peccata
870 4280 935 4345 post
960 4274 1129 4344 baptismum
1158 4278 1304 4331 commissa
1331 4277 1393 4340 fide,
1421 4275 1529 4329 interim
1557 4273 1692 4328 tamensi
1719 4291 1770 4344 per
1794 4290 1886 4329 veram
1911 4275 2114 4344 poenitentium
2136 4291 2169 4331 es

466 4357 529 4427 ipss
556 4360 686 4431 baptismi
710 4364 789 4418 navis
807 4362 931 4416 illidatur
950 4368 978 4416 et
996 4362 1024 4415 in
1043 4363 1154 4417 tabulas
1172 4363 1304 4419 dissolva-
1332 4364 1494 4425 deleantur,
1520 4360 1589 4415 fides
1617 4359 1700 4413 ctiam
1728 4377 1823 4414 eorum
1848 4362 2038 4416 remissionem
2065 4361 2096 4417 in
2121 4360 2168 4417 bs·

463 4448 521 4511 tur,
540 4444 594 4499 hoc
612 4454 653 4501 est
670 4448 734 4514 vim,
752 4450 883 4502 virtutem
903 4453 931 4501 et
950 4448 1068 4518 gratiam
1083 4448 1214 4520 baptismi
1228 4466 1303 4520 pror·
1331 4449 1424 4518 ptismi
1448 4446 1560 4502 foedere
1578 4446 1691 4501 invenit.
1734 4446 1873 4503 Lutherus
1892 4447 1979 4518 igitur
1997 4447 2169 4518 disjunctive

468 4544 514 4583 sus
533 4531 622 4584 amitti
643 4539 670 4587 et
688 4534 793 4587 irritam
812 4534 880 4601 fieri,
900 4533 940 4588 ita
957 4541 988 4587 ut
1006 4534 1034 4588 in
1052 4553 1118 4590 vera
1135 4536 1305 4606 poenitentia
1332 4535 1455 4589 oratione
1474 4551 1540 4587 usus
1559 4540 1614 4601 est,
1630 4531 1654 4584 si
1669 4537 1738 4602 stet,
1765 4533 1810 4587 vel
1828 4532 1924 4587 redeat
1942 4532 2026 4597 fides,
2056 4542 2170 4606 propter

467 4613 538 4671 fides
563 4618 599 4670 ad
628 4636 688 4673 earn
708 4620 808 4675 reverti
832 4629 861 4675 et
878 4622 968 4677 redire
987 4623 1064 4677 nullo
1083 4625 1165 4678 modo
1183 4630 1212 4679 ct
1228 4625 1305 4680 nullo
1332 4619 1451 4691 duplicis
1471 4618 1579 4690 generis
1600 4626 1730 4687 peccata:
1750 4618 1783 4671 ln
1799 4619 1920 4688 peccatis
1932 4618 2102 4674 infirmitatis
2116 4626 2172 4674 stat

468 4718 591 4774 unquam
609 4710 732 4775 tempore
749 4708 844 4777 possit,
863 4708 911 4763 sed
926 4712 986 4779 jam
1007 4708 1256 4780 circumspicienda
1270 4712 1305 4765 sit
1331 4707 1423 4762 adhuc
1441 4706 1523 4774 fides,
1548 4704 1716 4774 inpeccatis
1735 4712 1832 4759 contra
1849 4705 2048 4760 conscientiam
2067 4707 2169 4761 exstim

468 4789 524 4844 alia
542 4788 647 4856 tabula,
667 4793 772 4850 scilicet
792 4803 902 4849 nostrae
914 4794 1085 4849 contritionis
1099 4802 1128 4851 et
1140 4797 1305 4852 satisfactio·
1331 4794 1437 4864 guitur,
1457 4809 1568 4847 neccsse
1587 4791 1673 4862 igitur
1692 4798 1740 4858 est,
1761 4797 1793 4844 ut
1809 4791 1919 4859 redeat,
1939 4806 2021 4861 quem
2042 4808 2105 4847 esse
2123 4808 2168 4849 re·

468 4877 527 4944 uis,
556 4878 637 4947 cujus
665 4880 767 4936 virtute
796 4882 832 4935 ad
858 4890 969 4951 portum
996 4881 1092 4936 salutis
1114 4884 1305 4953 pervehamur.
1331 4897 1392 4934 ram
1419 4879 1494 4932 illius
1523 4876 1719 4948 propositionis
1751 4893 1861 4931 sensum
1887 4877 1997 4947 integer
2024 4886 2172 4934 contextus

468 4960 541 5017 Huic
562 4979 692 5019 erroneae
712 4967 834 5035 opinioni
845 4966 986 5024 Lutherus
997 4968 1212 5039 propositionem
1225 4988 1303 5025 suam
1332 4966 1420 5019 docet.
1456 4963 1535 5028 Quat
1552 4964 1668 5018 ulterius
1687 4980 1720 5017 01
1739 4963 1862 5017 Luthssw
1882 4962 1964 5017 affert
1981 4963 2169 5020 Bellarmmu·

469 5049 598 5120 opponit,
622 5067 706 5121 quam
728 5053 854 5109 mutilato
877 5063 905 5111 et
929 5062 1057 5112 nunciato
1075 5056 1225 5129 allegatam
1243 5058 1304 5111 Tri·
1331 5068 1382 5120 pro
1405 5050 1571 5106 stabiliendo
1593 5050 1731 5121 Epicureo
1755 5050 1829 5103 illius
1854 5049 2050 5120 propositionis
2075 5068 2175 5116 sensu,

469 5134 574 5190 destini
591 5136 780 5207 Areopagitae
798 5139 939 5196 damnant.
1332 5138 1412 5209 quasi
1429 5138 1565 5205 statuerit,
1587 5144 1702 5208 peccata
1719 5144 1816 5191 contra
1828 5135 2025 5190 conscientiam
2038 5153 2104 5191 cum
2116 5136 2176 5191 fide

341 5238 428 5281 snro·
508 5228 563 5279 143.
598 5221 660 5277 Hac
678 5222 713 5277 D.
737 5223 888 5280 Cbemnioii
908 5227 1093 5298 explicatione
1112 5244 1145 5282 ex
1162 5228 1230 5299 ipsis
1246 5247 1306 5285 ver·
1332 5224 1496 5292 consistere,
1516 5232 1613 5294 utpote
1633 5222 1707 5292 quod
1725 5238 1871 5291 personam
1890 5221 1990 5275 bonam
2009 5237 2066 5275 non
2085 5222 2177 5278 iaciat

342 5291 456 5392 ξὲῇξιζξ,
470 5306 513 5363 bis
538 5316 566 5365 et
589 5327 673 5380 scopo
690 5308 806 5364 Lutheri
825 5313 913 5380 petita
930 5312 1116 5369 Bellarminus
1135 5316 1225 5371 noluit
1243 5333 1304 5372 esse
1332 5310 1385 5364 nisi
1406 5308 1490 5375 fidet,
1513 5326 1565 5364 ¹1⁰0
1591 5310 1693 5362 malam
1716 5308 1770 5362 nisi
1788 5306 1984 5375 inm'edfflltffli
2008 5304 2179 5377 q¹10dssiffl

341 5395 630 5487 premonstratas,
664 5393 790 5467 disputat
825 5397 911 5462 enim,
945 5401 1034 5454 tribus
1064 5403 1155 5456 marles
1184 5403 1308 5470 inteliipi
1332 5402 1437 5468 peccet,
1456 5396 1508 5450 nisi
1527 5395 1715 5458 incredulitas,
1731 5394 1805 5466 quod
1825 5393 1962 5448 credentis
1981 5393 2011 5447 in
2030 5394 2177 5449 Christum

341 5456 455 5547 piis-¹³¹⁰¹
468 5498 551 5551 posse
571 5482 795 5552 propositionem
818 5482 916 5552 iliam,
942 5488 1019 5553 quod
1045 5486 1126 5542 bomo
1145 5506 1199 5542 non
1213 5491 1307 5559 possit
1333 5484 1412 5539 nulls
1428 5483 1485 5538 sint
1501 5489 1558 5537 tam
1575 5482 1649 5536 mals
1666 5498 1758 5551 opera,
1778 5495 1851 5551 quse
1869 5482 1975 5549 possint
1994 5479 2075 5535 illum
2090 5497 2175 5536 acca·

339 5548 412 5591 ‘¹⁰³⁸‘
471 5569 616 5633 damnari,
641 5569 697 5623 nisi
721 5569 792 5623 nolit
815 5571 938 5627 medere.
974 5574 1074 5628 Primo
1099 5582 1131 5627 at
1149 5576 1186 5628 cit
1202 5593 1307 5644 semus,
1333 5589 1394 5627 sare
1411 5578 1439 5627 et
1458 5571 1603 5633 damnarc;
1622 5570 1695 5640 quod
1716 5568 1764 5622 ubi
1786 5568 1855 5623 fides
1873 5567 1917 5635 sit,
1935 5566 1975 5621 ibi
1995 5566 2107 5621 nullum
2124 5584 2174 5623 no·

470 5656 579 5711 nnllam
596 5674 653 5710 esse
668 5664 818 5727 paccatum
833 5674 897 5711 nere
917 5665 942 5710 et
961 5658 992 5710 in
1008 5677 1038 5713 se
1058 5662 1176 5715 mortale
1192 5663 1251 5715 nisi
1266 5664 1307 5716 in
1333 5663 1395 5714 cest
1428 5665 1573 5729 peccatum
1601 5663 1668 5725 etc,
1695 5671 1729 5711 ea
1756 5673 1790 5710 ex
1816 5655 1902 5709 allata
1927 5662 2108 5724 peccatorum
2132 5652 2173 5708 di·

361 5751 398 5795 11.
412 5751 457 5796 tte.
470 5743 673 5812 meditantem,
693 5753 719 5798 et
734 5745 804 5800 base
823 5743 931 5815 (inquit)
951 5761 1008 5798 non
1025 5748 1124 5800 decern
1136 5750 1307 5814 aduersarii,
1333 5743 1480 5800 stinctione
1505 5750 1581 5800 recte
1608 5741 1805 5812 intelliguntur
1831 5748 1859 5796 et
1882 5740 1938 5795 late
1964 5742 2091 5811 exposita
2107 5741 2172 5796 suni

470 5826 527 5882 imo
556 5844 571 5882 s
601 5829 745 5887 contrario
774 5834 954 5902 emendant,
984 5830 1079 5885 omnio
1101 5850 1202 5902 opera,
1224 5837 1309 5891 mam
1334 5831 1365 5887 in
1382 5837 1505 5888 tractmu
1524 5829 1658 5887 debonis
1677 5827 1808 5899 operibus
1829 5824 1855 5902 5.
1877 5834 1918 5884 33.
1937 5835 1965 5883 et
1983 5826 2169 5899 sequentibus
