4800 6659
417 556 477 620 39⁸
709 626 712 631 ι
870 539 997 601 Locus
1013 538 1219 602 monemus
1232 542 1287 600 DE
1304 541 1427 602 sectio
1444 542 1644 604 BAPsssllo.

408 703 498 773 pisam
518 706 597 756 taam
613 705 720 756 urebar
735 716 792 755 eoa
807 698 839 755 ia
857 705 942 768 terra,
958 700 1012 754 esd
1030 697 1060 776 ia
1080 697 1166 754 coelo.
1195 695 1250 753 Ite
1276 715 1326 768 per
1346 698 1480 772 Spiritum
1498 710 1634 761 sanetum
1660 702 1704 760 Ex
1722 701 1822 760 Mean
1840 708 1884 774 2⁸,
1901 720 1928 759 v.
1950 710 1990 763 te.
2009 703 2108 775 Eplrss.

411 788 500 846 fertur
517 786 553 842 de
570 785 618 858 pio
635 785 756 862 quodam
774 789 934 858 susesptore
945 784 1003 840 sire
1014 789 1153 858 propatre,
1174 783 1249 857 qnod
1276 790 1306 855 5,
1329 802 1355 842 v.
1374 792 1415 844 26.
1441 788 1497 849 Tit.
1519 795 1551 857 3,
1568 806 1594 843 s.
1613 796 1637 848 5.
1656 795 1712 846 ete-
1733 789 1819 862 plena
1837 789 1969 862 baptismi
1989 790 2109 847 definitio

411 874 499 932 tilium
534 889 615 928 suum
648 872 678 926 in
712 872 866 944 apostasia
896 870 1018 928 nefariae
1047 873 1152 928 crimen
1186 887 1249 943 pro·
1275 872 1406 929 constitui
1427 880 1520 945 potest
1542 875 1595 932 boo
1612 876 1708 933 modo:
1732 876 1893 948 Baptismus
1910 881 1954 932 est
1969 876 2110 931 lavacrum

412 961 521 1032 lapsum
540 956 745 1015 transmissione
765 958 849 1014 vestis
868 958 1003 1015 candidas
1021 957 1201 1031 obligationis
1219 957 1249 1013 in
1275 975 1364 1029 aquae
1389 959 1419 1015 in
1443 960 1529 1017 verbo
1553 961 1710 1018 institarum
1728 980 1746 1018 a
1762 962 1824 1019 Dee
1841 962 1871 1018 in
1887 962 1923 1020 N.
1943 961 1977 1017 Τ.
1995 980 2047 1034 per
2063 962 2110 1017 mi·

415 1045 552 1118 baptismo
566 1044 716 1117 praestitae
735 1046 929 1102 commonitum
941 1046 970 1101 in
984 1045 1057 1100 viam
1069 1044 1248 1102 revocaverit
1274 1044 1417 1101 nisterium
1435 1047 1571 1103 lobannis
1595 1055 1625 1104 et
1641 1065 1659 1102 a
1677 1048 1750 1104 Filio
1767 1048 1823 1105 Dei
1842 1049 1986 1105 incarnato
2005 1048 2111 1105 solenni

413 1134 507 1190 Mirito
537 1132 666 1205 qnidam,
697 1129 922 1204 Carthaginensis
953 1132 1086 1189 eeclesiae
1116 1132 1247 1201 minister,
1274 1132 1496 1203 promulgatione
1526 1134 1687 1191 mandatum
1719 1134 1851 1207 apostolis
1876 1141 1904 1190 et
1929 1134 2046 1206 reliquis
2075 1136 2111 1191 ad

414 1236 478 1276 eum
500 1226 574 1275 esset
595 1216 776 1287 cruciandus,
804 1219 981 1290 exprobrarit
1003 1218 1172 1289 apostasiam
1197 1234 1248 1273 suo
1273 1216 1357 1274 finem
1379 1236 1468 1291 usque
1491 1220 1587 1275 mundi
1606 1219 1739 1277 ecelesiae
1758 1218 1902 1288 ministris,
1928 1221 2034 1292 inquo
2053 1226 2112 1276 tota

414 1304 551 1370 carnifici,
586 1321 669 1377 quem
700 1303 767 1359 olim
790 1305 850 1376 ipse
872 1305 907 1360 de
931 1305 1097 1377 baptismate
1120 1321 1248 1375 suseepe·
1273 1310 1451 1361 saerosaneta
1470 1305 1579 1360 trinitas
1604 1305 1811 1376 adspersiouem
1836 1305 1980 1377 sanguinis
2001 1304 2111 1374 Christi,

413 1398 470 1461 rat,
502 1390 667 1448 ostentando
693 1389 789 1448 erebro
818 1406 865 1459 ea,
896 1390 998 1463 quibus
1025 1390 1104 1447 illurn
1133 1396 1248 1456 terem,
1275 1407 1346 1463 quae
1369 1391 1402 1447 fit
1424 1409 1474 1464 per
1495 1391 1701 1462 adspersionem
1723 1408 1814 1463 aquae
1830 1391 1860 1446 in
1878 1392 1990 1447 nomine
2009 1390 2110 1454 Patris,

414 1479 584 1536 linteamine.
620 1477 718 1535 Victor
740 1476 863 1534 Vitensis
888 1478 937 1535 lib.
959 1483 984 1535 ³.
1013 1477 1048 1533 de
1071 1477 1162 1535 vend.
1186 1494 1248 1548 per·
1274 1476 1339 1532 Filii
1361 1483 1390 1532 et
1413 1477 1531 1548 Spiritus
1551 1476 1641 1533 saneti
1659 1477 1778 1547 effnrae,
1803 1477 1942 1532 bominem
1960 1479 2000 1533 sie
2020 1478 2109 1548 bapti·

414 1569 500 1622 secut.
1274 1568 1367 1618 zatrnn
1396 1564 1432 1621 ab
1462 1564 1536 1619 omni
1560 1569 1679 1634 peceato
1706 1564 1852 1630 emundat,
1878 1581 1935 1619 nou
1962 1582 1999 1620 ex
2026 1581 2109 1636 opere

288 1658 394 1701 neruiue
451 1656 510 1709 271.-
545 1649 588 1706 Ex
606 1648 658 1717 his,
681 1665 753 1720 quae
770 1649 845 1704 dieta
861 1652 935 1713 sunt,
951 1648 1015 1703 talis
1036 1649 1167 1705 constitui
1184 1656 1248 1721 pot-
1274 1658 1402 1721 operato,
1429 1650 1479 1705 sed
1505 1649 1706 1705 interveniente
1730 1649 1849 1722 Spiritus
1869 1651 1960 1705 saneti
1984 1649 2111 1706 efficacia

288 1712 403 1763 ”mm
416 1742 458 1794 est
479 1734 611 1808 baptismi
636 1733 771 1790 definitio:
802 1734 962 1808 Baptismus
986 1741 1028 1789 eet
1050 1736 1127 1805 prius
1150 1735 1187 1792 N.
1213 1735 1246 1791 T.
1274 1742 1303 1793 et
1321 1736 1377 1792 fide
1391 1735 1511 1808 propria,
1529 1752 1642 1791 aueum
1660 1736 1757 1791 eodem
1773 1736 1871 1791 foedus
1890 1742 2109 1793 aeternumsan-

413 1827 617 1880 sacramentnm
635 1820 769 1879 divinitus
787 1820 956 1890 institutum,
973 1835 1027 1891 qno
1042 1820 1200 1877 bominibus
1219 1821 1260 1876 in-
1274 1823 1321 1892 oit,
1339 1822 1369 1878 in
1386 1839 1441 1894 quo
1458 1828 1491 1877 ut
1507 1821 1645 1878 bominem
1663 1821 1836 1893 baptizatum
1852 1821 1963 1878 Christo
1980 1831 2009 1879 et
2023 1823 2109 1880 eoele-

412 1908 524 1965 nomine
545 1906 652 1977 Patris,
676 1906 742 1962 Filii
764 1914 793 1963 et
811 1905 930 1978 Spiritus
955 1906 1043 1962 saneti
1063 1925 1138 1980 aqua
1155 1907 1247 1979 bapti·
1258 1871 1262 1960 i
1274 1909 1331 1965 siae
1347 1908 1462 1964 insitum
1479 1908 1509 1963 in
1527 1906 1616 1964 filium
1633 1908 1763 1979 adoptat,
1788 1926 1839 1979 per
1857 1926 1958 1980 aquarn
1977 1917 2006 1966 et
2023 1909 2108 1981 Spiri-

413 1996 483 2052 aatis
501 1994 578 2052 Deu's
597 1991 733 2048 beneficis
749 1992 815 2048 Filii
834 1992 885 2057 sui,
903 1993 1061 2050 mediatoris
1079 1994 1247 2050 nostriJesu
1272 2002 1331 2050 tum
1358 1999 1503 2066 regenerat
1529 2011 1563 2051 ae
1593 1994 1724 2051 heredem
1750 1993 1824 2050 vitae
1847 2000 1978 2051 aeternae
2003 1995 2109 2058 scribit

413 2082 531 2151 Christi,
550 2079 707 2136 obedientia
725 2087 753 2136 et
771 2079 959 2136 satisfactione
982 2085 1062 2152 parta
1078 2086 1139 2135 tum
1157 2079 1247 2151 offert,
1271 2082 1313 2137 ita
1335 2082 1418 2137 homo
1443 2080 1601 2154 baptizatus
1620 2081 1741 2136 rieismm
1758 2081 1999 2154 adagnitionem,
2016 2081 2107 2151 fidem,

412 2174 472 2225 tum
489 2167 554 2224 fidei
572 2166 729 2221 interventu
748 2165 845 2233 donat,
863 2167 987 2239 applicet
1005 2172 1033 2222 et
1052 2166 1197 2239 obsignat,
1214 2172 1246 2221 ut
1272 2167 1458 2224 obedientiam
1484 2174 1512 2224 et
1537 2167 1643 2223 cultum
1666 2168 1725 2225 veri
1747 2168 1830 2238 illius¹
1846 2167 1901 2224 Dei
1925 2168 2108 2241 obstringitur

412 2273 446 2313 ex
469 2254 533 2311 filiis
555 2253 613 2309 irae
635 2252 685 2308 filii
703 2251 757 2308 Dei
777 2252 846 2308 faeti
867 2254 904 2309 ad
925 2254 1011 2314 vitam
1035 2258 1175 2309 aeternam
1204 2269 1245 2308 re
1272 2261 1301 2310 et
1320 2254 1467 2325 obligatur.
1504 2254 1726 2326 Benignissimus
1748 2253 1840 2325 Deua,
1864 2253 1913 2327 qui
1935 2273 1986 2325 per
2003 2255 2109 2326 baptis·
2122 2251 2195 2324 Εὐχή.

412 2345 578 2415 generentur
604 2344 633 2394 et
655 2344 837 2409 renoventu13
860 2339 905 2396 vel
922 2340 1048 2396 brevius:
1085 2338 1247 2410 Baptismus
1272 2358 1347 2396 mum
1364 2340 1393 2396 in
1413 2339 1512 2397 foedus
1527 2340 1635 2413 gratiae
1654 2357 1705 2396 nos
1723 2340 1837 2413 recepit,
1855 2341 1886 2397 in
1904 2341 2003 2397 eodem
2020 2357 2109 2412 usque

411 2432 455 2486 est
481 2427 559 2498 prius
588 2424 623 2482 N.
648 2424 681 2481 T.
708 2431 924 2496 sacramentum,
949 2443 1049 2498 nempe
1074 2425 1192 2481 hominis
1217 2424 1246 2480 in
1271 2428 1308 2482 ad
1333 2426 1416 2482 finem
1441 2421 1516 2484 vitae
1540 2444 1591 2483 nos
1611 2434 1720 2484 sanctos
1741 2435 1770 2483 et
1784 2428 1938 2484 immobiles
1955 2436 2109 2498 conservet,

412 2531 513 2585 aquam
544 2512 682 2570 immersio
711 2512 756 2569 vel
787 2512 929 2585 adspersio
959 2513 989 2569 iu
1014 2512 1124 2569 nomine
1146 2512 1246 2578 Patris,
1271 2531 1321 2585 per
1346 2512 1486 2575 Christum
1514 2514 1655 2570 dominum
1679 2519 1804 2571 nostrum
1826 2514 1857 2570 in
1875 2514 1982 2587 Spiritu
2004 2521 2109 2583 saneto,

410 2600 476 2657 Filii
495 2607 524 2656 et
542 2600 661 2673 Spiritus
680 2599 779 2671 saneti,
798 2605 831 2655 ut
849 2607 1028 2673 regeneretur
1045 2616 1080 2656 ae
1098 2604 1247 2656 renovetur
1271 2598 1371 2656 Arnen.

750 2974 1019 3058 FINIS
1071 2972 1464 3069 QUARTI
1515 2971 1770 3056 TOML

946 5822 1083 5876 attsnbmgi,
1097 5837 1123 5867 ex
1136 5826 1280 5878 typograplreo
1293 5826 1371 5871 aulico.
1397 5832 1433 5883 (ll
1447 5833 1471 5874 Δ.
1485 5832 1574 5884 Pieres.)
