4800 6659
411 577 469 637 too
867 572 874 580 '
996 566 1510 632 manumittimus

409 717 527 798 propriis
550 724 653 780 meritis
676 731 784 797 carent,
810 744 866 783 non
891 726 952 783 dari
978 727 1063 783 ritam
1090 732 1237 784 aeternam
1265 732 1315 797 gat
1343 726 1544 796 Bellarminus,
1578 727 1688 801 apolog.
1717 732 1741 785 2.
1772 726 1855 791 ittae
1881 726 1939 782 scir
1966 723 2099 801 πρᾶεεσν

411 812 587 883 Consequens
622 817 663 867 ost
689 812 790 869 falam
817 814 905 886 ipsius
933 814 1095 870 Bellarmini
1121 812 1237 885 judicio.
1264 813 1408 884 aliquoties
1426 816 1549 885 adducit,
1567 815 1616 871 sed
1633 831 1705 887 qnae
1722 819 1751 871 et
1768 813 1858 887 qualis
1877 813 1915 868 sit
1933 812 1984 868 illa
2004 811 2096 885 digni·

409 900 484 971 Ergo
515 905 542 953 ot
573 899 747 955 antecedens.
788 900 875 973 Atqui
906 902 1072 957 antecedens
1100 900 1169 956 illud
1196 904 1240 956 est
1263 904 1315 966 tas,
1332 900 1526 972 exacripturn
1544 900 1628 957 sacris
1647 901 1818 957 ostendimus
1829 898 1972 971 superius;
1989 897 2096 954 bridam

410 986 533 1057 ejusdcm
554 984 728 1055 Bellarmini,
753 986 793 1041 sic
811 987 884 1042 enim
900 987 997 1042 scribit
1011 987 1065 1042 hoc
1082 987 1157 1042 loco:
1182 986 1238 1039 Ac·
1262 1003 1290 1056 p.
1312 992 1354 1041 tt.
1377 987 1417 1042 sic
1436 988 1545 1045 scribit:
1569 985 1728 1060 σπεύδομεν
1751 987 1798 1042 inl
1817 988 1849 1042 rb
1873 985 2026 1060 ὁμολογεῖν
2046 1002 2097 1039 πε·

410 1074 498 1142 ceptio
519 1088 708 1141 personarum
735 1080 775 1126 est
799 1073 895 1127 eidam
917 1074 1090 1129 contrariam
1111 1071 1238 1142 iustitiae
1263 1076 1408 1147 πεισμένοι
1436 1078 1484 1128 sal
1508 1072 1681 1136 πιστεύοντες
1707 1080 1801 1145 τυχεῖν
1824 1071 1929 1129 ταύταν
1954 1070 2098 1127 δύνασθαι

410 1158 615 1226 distributivae,
649 1175 709 1212 cum
735 1159 866 1213 videlicet
888 1162 980 1229 judea
1009 1163 1060 1214 dat
1078 1158 1238 1231 praemium
1262 1158 1326 1219 τοὺς
1343 1160 1394 1217 τὸν
1408 1159 1478 1215 θεὸν
1495 1160 1536 1215 δι’
1556 1161 1647 1235 ἔργον
1664 1166 1820 1232 πείσαντας,
1836 1160 1880 1215 ὅτι
1894 1157 1970 1230 αὐτῷ
1984 1161 2097 1214 elnam

408 1246 468 1297 sins
491 1244 599 1297 meritis
624 1249 676 1300 etc.
702 1261 773 1316 quae
797 1246 882 1301 verba
902 1245 971 1300 nihil
995 1246 1031 1300 ad
1047 1255 1105 1301 rem
1123 1244 1238 1309 faciunt,
1263 1249 1310 1301 sal
1331 1248 1383 1317 τῆς1
1400 1245 1469 1321 παρ’
1489 1246 1564 1318 αὐτῷ
1582 1249 1721 1319 διαγωγῆς
1737 1245 1824 1322 ἥρων,
1849 1246 1920 1301 ἔνθα
1940 1250 2026 1301 strata
2044 1242 2098 1299 aba

409 1330 462 1384 nisi
480 1330 515 1384 ad
534 1329 640 1398 Deum,
659 1347 740 1400 quem
760 1331 844 1401 paulo
863 1339 928 1388 ante
948 1332 1054 1388 dixerat
1068 1334 1176 1404 justum
1193 1333 1239 1403 ju·
1264 1333 1412 1400 incrensi,
1422 1336 1597 1403 festinamas
1615 1338 1657 1390 ad
1675 1335 1879 1403 consessionem
1893 1333 2098 1402 Christianam,

410 1416 513 1480 dicem,
529 1417 777 1476 accommodentur.
814 1423 837 1473 5.
857 1418 885 1474 Si
906 1418 982 1474 Deus
1003 1418 1240 1492 προοωιιολήπτης
1259 1438 1427 1492 persuasum
1444 1422 1573 1476 babentes
1591 1430 1675 1492 atquc
1693 1424 1853 1491 medentes,
1871 1421 2007 1491 consequi
2023 1420 2096 1475 boas

410 1507 464 1568 est,
496 1519 558 1556 cum
586 1502 634 1557 dat
659 1505 749 1574 majus
777 1506 929 1575 praemium
950 1505 1101 1562 minoribus
1125 1505 1240 1574 meritis,
1265 1523 1311 1562 eos
1331 1524 1430 1578 posse,
1455 1509 1506 1578 pai
1520 1508 1615 1577 factis
1633 1509 1704 1579 ipssis
1722 1510 1786 1561 Deo
1804 1508 1941 1578 probant,
1965 1522 1998 1560 se
2015 1505 2098 1560 illusa

410 1588 510 1642 falsum
536 1588 601 1656 erit,
629 1590 703 1660 quod
730 1590 913 1645 Bellarminus
940 1591 1064 1663 disputat
1080 1609 1103 1647 c.
1126 1597 1165 1648 19.
1182 1609 1240 1662 seq.
1265 1594 1421 1648 consectari
1436 1603 1464 1648 st
1480 1595 1554 1649 citas
1573 1595 1636 1665 ejas
1652 1594 1877 1650 consuetudinem
1895 1595 2050 1662 adamare,
2067 1592 2099 1647 iss

413 1677 505 1728 Deum
531 1677 706 1729 remunerari
736 1694 822 1747 opera
852 1678 924 1732 bona
951 1696 1043 1750 supra
1061 1679 1239 1749 consiipnum5
1265 1696 1322 1747 msa
1346 1679 1428 1734 11111111
1454 1682 1649 1737 adversariam
1668 1681 1826 1752 pmcrstire
1850 1687 1892 1734 sst
1917 1679 2098 1750 pravitatem.

410 1760 510 1814 fnlsum
529 1761 613 1816 etiam
631 1761 709 1828 illud,
730 1764 804 1834 quod
825 1762 923 1819 scribit
939 1763 988 1820 lib.
1006 1770 1029 1821 t.
1048 1764 1083 1820 do
1102 1766 1193 1836 gratia
1212 1771 1241 1820 et
1265 1765 1325 1822 Nec
1346 1766 1376 1820 in
1399 1765 1443 1821 bis
1466 1765 1500 1822 tit
1522 1766 1581 1821 ulla
1601 1766 1693 1823 meriti
1717 1766 1835 1837 alicujus
1853 1764 1965 1821 mentio.
2001 1764 2098 1820 Tatio

410 1847 458 1901 lib.
480 1846 560 1901 arbit.
583 1864 607 1903 o.
627 1853 656 1903 3:
686 1848 723 1902 In
751 1849 814 1920 ipso
834 1850 949 1919 judicio
972 1852 1098 1921 psamois
1116 1852 1239 1923 acceptio
1264 1853 1327 1907 loco
1345 1853 1475 1923 producit
1485 1853 1668 1909 Bellarminus
1679 1851 1832 1920 Irenaeum,
1851 1851 1899 1923 qui
1912 1850 1961 1906 lib.
1977 1856 2042 1907 tc.
2055 1856 2097 1907 ⁷2

408 1950 595 2003 personarum
607 1942 678 1988 essct
689 1935 780 1989 aliern
790 1936 883 1990 minus
893 1937 1050 2007 praemium
1063 1939 1143 2006 dare,
1156 1956 1240 2008 msam
1265 1938 1370 1994 meritis
1388 1939 1584 2010 patrocinetur.
1608 1938 1704 1995 Verba
1720 1938 1760 1994 sic
1771 1937 1889 1994 babent:
1909 1937 2012 1991 Bonas
2031 1953 2099 2006 apc-

405 2021 485 2089 jasto
497 2021 613 2089 judicio
628 2030 774 2091 mereatur,
793 2023 837 2077 oel
851 2024 958 2093 majori
967 2024 1241 2095 supplicioafficsrs,
1266 2026 1341 2079 aista
1367 2024 1518 2095 (apostolos
1541 2024 1656 2095 Paulus)
1682 2028 1724 2080 ad
1749 2019 1957 2094 incomsptelae
1980 2039 2099 2093 apem

411 2125 495 2177 quam
513 2108 615 2176 dipnas
634 2109 671 2162 sit
686 2125 768 2178 ream
791 2116 882 2163 tamen
899 2110 926 2163 si
942 2110 1031 2164 alicui
1047 2112 1141 2181 majus
1155 2129 1241 2181 prae·
1266 2112 1437 2182 adbertatar
1456 2129 1522 2180 nos,
1543 2111 1587 2165 uti
1610 2128 1775 2166 coronemur
1795 2118 1821 2164 et
1838 2111 1998 2181 pretiosam
2023 2108 2099 2163 arbi·

412 2196 496 2247 mium
513 2202 563 2247 aut
577 2195 712 2248 minorem
724 2212 847 2266 poenam
866 2199 937 2249 dare
953 2196 1086 2266 coluerim
1113 2215 1169 2252 non
1187 2200 1242 2253 erit
1266 2204 1370 2250 mentm
1392 2214 1541 2266 coronam,
1565 2197 1697 2252 videlicet
1722 2211 1793 2267 psas
1812 2212 1869 2265 per
1886 2212 2005 2265 aporema
2022 2194 2100 2249 nabis

413 2289 543 2351 acceptor
556 2297 759 2351 personarum,
781 2281 892 2336 etiamsi
914 2283 947 2337 id
963 2300 1019 2337 non
1036 2300 1098 2337 cnm
1116 2285 1242 2339 omnibus
1267 2282 1432 2353 acquiritur,
1454 2286 1506 2338 ssd
1521 2302 1577 2338 non
1594 2284 1670 2337 uitro
1689 2283 1830 2338 coalitam.
1867 2283 1907 2336 Et
1925 2288 2032 2351 meanto
2047 2298 2099 2349 per

411 2374 559 2422 cerostata
588 2368 652 2424 Nou
662 2368 965 2424 dubitatBellsrminus
973 2368 1241 2442 adversusseipsnm
1268 2385 1383 2437 aponem
1400 2370 1481 2423 sobab
1498 2370 1627 2438 advenit,
1650 2376 1730 2423 tanto
1749 2376 1789 2423 est
1801 2368 1973 2439 pretiosior,
1995 2373 2098 2437 quanm

411 2456 510 2524 dicere,
529 2458 561 2509 ut
579 2454 671 2525 specie
692 2455 812 2526 quadam
828 2454 908 2510 nobis
926 2455 1013 2526 possit
1026 2456 1223 2512 contradicere.
1268 2463 1359 2509 auum
1372 2456 1542 2525 pretiosior,
1571 2463 1647 2509 tanto
1666 2470 1729 2508 eam
1747 2470 1857 2523 semper
1875 2454 2031 2522 dilipamus
2048 2456 2098 2509 eta

448 2548 505 2599 124.
541 2541 608 2611 Cap.
635 2542 684 2597 IV.
712 2542 841 2612 producit
867 2542 1051 2597 Bellarminua
1080 2560 1130 2613 pro
1158 2543 1242 2597 stabi·
1267 2542 1330 2597 Non
1352 2558 1500 2613 negamus,
1526 2559 1576 2612 per
1596 2558 1713 2612 agonem
1731 2539 1953 2596 contendendum
1977 2555 2039 2595 esse
2064 2537 2099 2593 ad

351 2612 377 2649 '¹¹'
411 2628 511 2683 liendis
528 2645 641 2698 operum
660 2627 765 2684 meritis
782 2629 857 2683 dicta
874 2634 993 2699 patrum.
1019 2630 1242 2700 Respondemus:
1268 2644 1397 2682 coronam
1414 2627 1528 2700 gloriae,
1545 2633 1575 2682 at
1592 2644 1710 2698 agonem
1729 2642 1788 2682 esse
1806 2626 1912 2698 gloriae
1930 2625 2006 2681 illius
2021 2623 2099 2681 mai·

413 2718 436 2768 1.
456 2714 539 2767 Alios
553 2722 666 2784 praeter
684 2716 831 2770 canonicos
852 2716 1005 2785 scriptores
1016 2716 1195 2786 italepimus,
1212 2725 1242 2770 ut
1267 2719 1327 2768 tum
1343 2731 1407 2770 rere
1436 2719 1465 2769 et
1486 2713 1596 2786 proprie
1616 2713 1658 2769 sic
1676 2712 1793 2781 dictum,
1818 2712 1849 2767 id
1869 2729 1934 2768 vero
1956 2728 2098 2784 negamus.

336 2796 341 2808 '
413 2801 585 2870 mmntub'bet
609 2801 759 2855 sanctitate
782 2809 918 2871 quantam
936 2802 1067 2856 domrina
1080 2804 1242 2873 praepolle-
1267 2800 1388 2873 Reliqua
1410 2800 1485 2855 dicta
1508 2800 1538 2855 in
1561 2800 1654 2871 specie
1674 2807 1801 2856 excutere
1820 2799 1908 2855 nostri
1925 2816 1982 2856 non
2002 2805 2047 2855 cst
2061 2796 2099 2853 in·

412 2894 475 2955 ant,
498 2904 554 2939 non
578 2887 642 2941 ideo
661 2902 756 2941 cenem
770 2895 912 2956 protensus,
938 2889 1006 2957 cissa
1029 2888 1077 2943 illi
1093 2889 1134 2943 sic
1154 2907 1242 2944 sense·
1266 2887 1364 2942 stituti.
1402 2885 1553 2955 Mercedis,
1580 2886 1723 2959 dignitatis
1744 2893 1795 2942 etc.
1820 2884 1931 2941 nomina
1949 2884 2099 2956 impropria

412 2981 493 3037 runt;
519 2974 572 3026 sed
596 2972 663 3041 οιιιά
690 2973 769 3027 nobis
788 2990 845 3044 per
864 2975 939 3028 alios
956 2983 1096 3043 anderes,
1124 2975 1169 3029 cel
1188 2992 1243 3045 per
1267 2978 1384 3028 utuntur
1401 2992 1452 3045 pro
1469 2973 1692 3043 compensatione
1710 2971 1833 3045 gratuita
1849 2977 1878 3027 et
1898 2970 2037 3043 dignitate
2051 2970 2099 3025 iar·

415 3060 579 3130 Scrs'ptbmas
597 3060 762 3129 canonicas,
777 3061 822 3114 ccl
835 3061 998 3130 probabiles
1015 3062 1152 3131 rationes,
1171 3078 1242 3131 qaae
1268 3066 1374 3130 putata.
1416 3065 1439 3115 5.
1463 3059 1518 3115 Sed
1542 3058 1614 3114 enim
1640 3076 1704 3115 cnm
1730 3057 1903 3129 potissimum
1929 3056 2099 3127 probationis

413 3165 431 3201 a
467 3162 532 3200 cero
572 3164 628 3201 non
664 3147 846 3215 abhorreant,
880 3148 1054 3216 perassaders
1083 3156 1242 3217 pcnsenmt
1268 3145 1353 3199 robur
1377 3144 1407 3199 in
1428 3145 1563 3200 vocabulo
1588 3145 1678 3201 meriti
1702 3144 1783 3199 toties
1809 3142 1990 3198 auctoribus
2022 3160 2100 3198 usur·

412 3232 588 3305 Augustinus
607 3231 712 3302 epistol.
738 3239 777 3289 19.
802 3233 838 3287 ad
862 3233 1024 3305 Hieronym.
1060 3240 1086 3291 2.
1112 3234 1188 3297 Quae
1212 3236 1243 3288 in
1269 3232 1328 3302 pati
1346 3231 1487 3296 consistat,
1505 3230 1708 3286 observandum
1725 3230 1791 3295 erit,
1818 3246 1873 3302 qno
1893 3246 1977 3285 sensu
1994 3229 2101 3285 illude

412 3319 530 3373 ecclesia
552 3320 724 3388 panepyrice
747 3326 773 3371 st
795 3320 995 3373 declamatorie
1013 3321 1158 3389 dicuntur,
1188 3340 1243 3376 non
1268 3317 1375 3371 Latinis
1400 3317 1580 3388 scriptoribus
1598 3316 1683 3372 fuerit
1701 3315 1864 3371 adhibitum.
1901 3314 2003 3372 Meteri
2023 3315 2100 3392 Isati-

412 3406 579 3460 constitunnt
597 3406 756 3473 dopmatnm
771 3407 907 3474 repelare,
935 3406 1127 3462 'ibeodoretus
1139 3407 1204 3465 dial.
1219 3413 1242 3463 3.
1267 3403 1310 3457 nia
1332 3402 1442 3474 proprie
1467 3402 1606 3474 significat
1628 3402 1733 3467 faeere,
1757 3408 1808 3456 8111
1825 3407 1966 3472 Imm
1984 3401 2100 3475 ffiquld·

412 3493 477 3562 Ipse
501 3490 686 3546 Bellnrmiuus
710 3490 850 3562 agnoscit,
875 3496 981 3547 veteres
1003 3489 1032 3546 in
1052 3492 1242 3547 commcndan·
1268 3489 1342 3560 quod
1368 3504 1424 3542 non
1451 3488 1536 3543 debes
1564 3493 1593 3543 et
1616 3486 1826 3558 propterquod
1852 3494 1917 3542 ata
1936 3487 2100 3558 praestitum

345 3595 349 3608 ¹
413 3578 454 3632 dis
474 3577 607 3632 bonorum
627 3593 740 3646 operum
756 3576 869 3640 meritis,
887 3582 919 3631 ut
938 3576 1061 3631 homines
1079 3578 1115 3631 ad
1132 3577 1242 3634 illorum
1267 3574 1319 3628 tibi
1336 3573 1457 3645 aliquid,
1474 3589 1527 3628 ceu
1544 3589 1663 3637 meroes,
1681 3573 1830 3642 debeatur,
1849 3574 1873 3627 si
1891 3589 1948 3628 non
1963 3590 1999 3629 ex
2018 3578 2100 3645 partu

412 3664 533 3719 sardium
559 3663 717 3731 incitarent,
744 3662 881 3717 interdum
907 3661 1173 3733 fuisae'liberiores,
1203 3665 1243 3721 sic
1267 3660 1410 3732 singulari,
1429 3665 1523 3714 tamen
1541 3677 1574 3714 cx
1594 3659 1656 3731 legc
1676 3659 1855 3715 humanitatis
1865 3668 1901 3715 ‚et
1911 3659 2099 3732 gratitudinis,

411 3751 485 3806 enim
507 3750 602 3804 scribit
625 3749 672 3803 lib.
692 3754 715 3804 t.
735 3749 770 3803 do
788 3748 925 3820 gratiaci
945 3748 994 3805 lib.
1018 3749 1098 3806 arbit.
1118 3767 1179 3821 cap.
1203 3758 1242 3809 14.
1267 3762 1339 3818 quae
1356 3762 1580 3816 unumquemque
1596 3746 1739 3801 constituit
1754 3744 1907 3801 debitorem
1925 3745 1974 3815 iis,
2002 3763 2021 3801 a
2038 3745 2099 3817 qui-

411 3836 484 3891 circa
501 3836 634 3891 medium:
653 3835 762 3904 Patres,
779 3853 840 3888 cum
858 3837 899 3887 ad
912 3835 1146 3903 poprslumuerba
1156 3839 1241 3905 face·
1267 3833 1319 3887 bus
1345 3830 1509 3886 benfficium
1536 3831 1651 3901 accepit.
1689 3830 1786 3887 Cicero
1814 3831 1862 3886 lib.
1894 3837 1934 3887 11.
1962 3847 2007 3902 ep.
2033 3829 2099 3887 tam

410 3932 484 3990 rent,
507 3940 541 3977 sa
563 3922 706 3985 dicebant,
729 3937 801 3990 qrsac
823 3921 942 3973 utiliora
959 3922 1125 3975 videbantur
1143 3927 1184 3978 ad
1199 3942 1242 3978 en·
1268 3918 1347 3989 epist
1379 3923 1426 3972 17:
1465 3919 1568 3970 Lamia
1601 3925 1666 3971 utor
1700 3918 1821 3971 omnium
1852 3918 2099 3986 samsiiarississe,

411 4012 541 4065 citandos
564 4008 686 4061 domines
711 4010 752 4060 ad
777 4007 846 4061 bona
872 4024 959 4075 opera
1007 4011 1030 4060 3.
1050 4007 1092 4061 Ex
1110 4009 1177 4080 ipsis
1196 4030 1242 4066 ve·
1268 4022 1372 4072 matta
1398 4004 1460 4072 61118
1485 4003 1514 4056 in
1539 4019 1581 4056 1116
1603 4021 1659 4056 11011
1683 4003 1747 4057 (1100
1771 4005 1883 4073 0110113,
1911 4006 1964 4059 3θᾶ
1990 4004 2100 4059 mm

410 4097 516 4152 teribus
546 4094 693 4165 perspicua
720 4092 878 4148 testimonis
905 4109 956 4162 pro
982 4097 1078 4147 nostra
1105 4097 1243 4151 sententia
1269 4088 1319 4143 lib·
1344 4096 1382 4145 12·
1407 4089 1487 4161 epist·
1509 4096 1553 4145 ¹42
1583 4091 1646 4157 Euo
1668 4106 1710 4141 me
1735 4092 1770 4144 de
1793 4090 1940 4159 repablica
1961 4092 2007 4145 ita
2031 4098 2100 4161 puto

411 4183 588 4254 produximus
614 4181 748 4251 superius.
785 4186 808 4235 t.
832 4179 969 4249 Pleraque
997 4177 1086 4243 dicta,
1114 4180 1137 4235 si
1163 4199 1243 4236 exau.
1270 4167 1409 4246 meritum,
1438 4184 1468 4229 at
1497 4195 1552 4230 non
1578 4176 1744 4245 prouincias
1769 4177 1851 4229 istius
1874 4176 2036 4241 beneficium
2059 4194 2100 4231 sm

411 4270 516 4322 tiantur
539 4273 567 4321 et
590 4285 623 4321 ex
646 4267 708 4321 aliis
732 4265 882 4320 conundem
905 4264 1070 4334 scriptorum
1086 4266 1179 4321 verbis
1196 4267 1243 4323 de·
1270 4271 1398 4333 spectare
1423 4263 1544 4316 debeam.
1585 4261 1632 4317 lib.
1656 4268 1677 4318 l.
1698 4263 1734 4317 de
1753 4261 1876 4333 legibus:
1902 4263 1980 4325 Quid
1998 4265 2100 4318 libera·

412 4355 559 4416 alerentur,
577 4352 646 4406 nihil
665 4352 745 4407 nobis
763 4352 910 4406 adversum
928 4351 1076 4405 continent.
1111 4351 1245 4408 Producit
1270 4349 1354 4413 litas,
1380 4350 1540 4419 prataitane
1558 4356 1599 4402 est
1618 4367 1656 4401 an
1674 4350 1869 4402 mercenaria?
1895 4349 1924 4401 si
1941 4350 2002 4402 sins
2016 4366 2100 4419 prae·

412 4439 596 4495 Bellsrminus
622 4438 710 4508 primo
736 4437 797 4492 loco
820 4435 974 4507 ignatium,
1002 4437 1049 4506 qui
1075 4438 1104 4491 iu
1128 4438 1245 4508 epistola
1270 4435 1336 4504 mio,
1355 4438 1474 4505 bsnipna
1494 4444 1578 4489 estet
1595 4436 1738 4503 pratuita5
1754 4435 1782 4489 si
1801 4453 1863 4488 cum
1880 4438 2024 4507 made,
2039 4454 2100 4490 eoa

412 4527 527 4580 Roman
547 4524 587 4578 sic
605 4524 721 4578 scribat:
749 4522 840 4576 Sinite
857 4538 899 4574 me
917 4523 1046 4583 ferarum
1064 4540 1155 4577 escam
1168 4527 1244 4594 fieri,
1271 4524 1364 4577 ducta.
1417 4522 1545 4578 Terent:
1582 4523 1671 4576 Unum
1697 4523 1748 4575 boc
1773 4522 1847 4586 scio,
1874 4521 1948 4576 banc
1973 4524 2100 4578 merum

408 4630 463 4682 per
495 4629 578 4679 qaam
602 4610 709 4679 possim
736 4610 828 4662 Deum
851 4609 1016 4676 promereri.
1057 4609 1111 4665 Sed
1135 4610 1246 4666 Graeca
1270 4626 1340 4677 esse,
1362 4617 1393 4662 at
1412 4625 1517 4662 memor
1535 4625 1609 4661 esses
1625 4608 1677 4664 sui.
1713 4606 1812 4679 virgil.
1832 4614 1856 4662 5.
1880 4607 2014 4666 Aeneid:
2037 4609 2100 4663 Pri

413 4699 493 4753 aliter·
510 4697 625 4751 habent:
646 4695 732 4768 ἄφετε
749 4694 785 4769 μὲ
803 4699 911 4765 θηρίων
929 4694 1001 4749 εἶναι
1021 4698 1127 4769 βρῶμα,
1144 4696 1184 4750 δι’
1206 4686 1244 4751 ὧν
1270 4713 1344 4747 mam
1371 4696 1463 4749 merui
1487 4696 1537 4763 qui
1560 4695 1647 4747 lande
1671 4694 1816 4749 corollam.
1856 4693 2002 4765 Scriptura
2024 4711 2100 4752 saara

413 4787 469 4839 inre
495 4784 562 4837 θεοῦ
589 4783 739 4852 ἐπιτυχεῖν,
771 4798 826 4850 per
852 4798 922 4848 quas
946 4780 1040 4833 licebit
1063 4785 1154 4836 Deam
1181 4785 1243 4837 adi·
1269 4780 1397 4851 nuspiam
1421 4781 1475 4836 hoe
1496 4779 1661 4834 vocabulum
1684 4785 1808 4850 usurpat
1849 4779 1948 4836 Patres
1966 4802 2100 4857 καταχρη-

408 4869 496 4940 pisci,
522 4868 574 4922 hoo
597 4873 640 4922 est
663 4866 760 4922 solutis
785 4865 905 4935 corporis
924 4866 1066 4937 repagulis
1084 4868 1112 4922 in
1130 4887 1243 4941 conspe·
1270 4871 1367 4928 στικῶς
1394 4884 1427 4921 eo
1449 4870 1581 4931 utuntur,
1606 4871 1638 4919 ut
1664 4865 1762 4922 mereri
1785 4865 1821 4920 sit
1848 4873 1991 4936 praestare
2019 4885 2100 4940 opera

412 4961 487 5009 atum
509 4953 563 5008 Dei
587 4955 689 5010 venire.
725 4953 804 5006 Idem
830 4951 1019 5007 sanctissimus
1037 4952 1143 5024 Martyr
1159 4956 1243 5025 paulo
1269 4954 1329 5009 Deo
1359 4959 1453 5024 grata:
1485 4953 1569 5023 idque
1602 4953 1752 5022 exipsius
1780 4954 1872 5023 gratia
1898 4958 1927 5008 et
1951 4956 2100 5024 gratuita

412 5048 475 5111 post
498 5038 588 5093 addit:
614 5040 640 5092 A
668 5040 754 5108 Syria
776 5040 895 5092 Roman
918 5056 1004 5108 aspris
1022 5047 1098 5092 terra
1116 5042 1243 5109 marique
1270 5033 1364 5094 eorum
1386 5038 1635 5094 remunerationem
1661 5038 1756 5092 aDeo
1774 5038 1914 5108 accipere;
1942 5055 1999 5110 quo
2019 5058 2100 5097 sensu

411 5145 472 5180 carn
490 5126 585 5177 bestiis
604 5128 747 5194 rtrpnpno,
772 5134 853 5178 noca:
872 5127 976 5195 diuque
994 5126 1130 5194 altipatus
1150 5130 1243 5181 decem
1269 5126 1366 5180 eadem
1389 5142 1457 5180 voce
1483 5130 1600 5178 utuntur
1618 5125 1783 5194 Augurstana
1800 5124 1949 5189 confessio,
1971 5126 2100 5199 apologia

411 5213 571 5283 leopardis,
598 5209 661 5263 ἀλλ’
684 5209 716 5263 οὐ
737 5208 812 5280 παρὰ
829 5215 909 5265 τοῦτο
928 5214 1123 5285 δεδικαίωμαι,
1148 5230 1241 5267 cerssm
1269 5212 1393 5283 ejusdcm
1405 5210 1584 5266 confessionis
1596 5217 1624 5266 et
1637 5211 1772 5266 confessio
1784 5211 2047 5284 Wirtenbergensis.
2068 5214 2100 5269 ln

411 5302 440 5352 in
460 5301 512 5352 boc
529 5316 584 5351 non
604 5315 663 5349 sum
682 5296 864 5364 justificatas.
901 5297 938 5352 Et
961 5302 1072 5368 postea:
1100 5299 1242 5353 Erubesce
1268 5297 1366 5352 laxiori
1389 5298 1438 5351 illa
1459 5296 1660 5368 significatione
1685 5298 1774 5353 meriti
1798 5315 1895 5353 vocem
1918 5316 1935 5353 a
1959 5300 2100 5357 votntbm

410 5403 452 5438 me
481 5403 566 5438 :snum
595 5385 631 5437 ds
661 5382 777 5435 eliorum
807 5400 922 5437 numero
951 5383 1181 5448 (Christianorum
1213 5387 1242 5440 in
1268 5383 1396 5454 usurpari
1416 5383 1634 5438 demonstramus
1652 5402 1685 5439 ex
1704 5384 1881 5456 sequentibus
1898 5384 2100 5442 fundamentis:

411 5472 501 5541 Syria)
520 5470 592 5536 dici,
616 5486 666 5522 nec
684 5468 757 5519 enim
776 5469 879 5535 ctionem
898 5488 972 5538 sum,
999 5488 1061 5523 cum
1077 5472 1242 5526 novissimas
1270 5477 1293 5526 1.
1312 5469 1449 5525 Graecum
1473 5469 1554 5532 ἀξίαν
1577 5470 1669 5524 Latini
1695 5476 1836 5525 renuunt
1853 5470 1997 5540 meritum,
2025 5474 2100 5544 quod

410 5559 463 5609 sim
484 5574 578 5610 corum
603 5562 629 5609 ct
646 5553 801 5608 abortivum
818 5554 969 5622 quiddam·
996 5558 1047 5610 sed
1063 5574 1118 5625 per
1134 5557 1242 5611 miseri·
1268 5575 1335 5630 ergo
1352 5555 1468 5611 Graecis
1492 5564 1535 5610 est
1552 5555 1699 5619 ἀξιοῦσθαι
1718 5564 1745 5611 et
1764 5559 1963 5619 καταξιοῦοθαι
1983 5558 2100 5631 dignum

411 5644 539 5696 cordiam
558 5644 618 5696 Dei
635 5640 754 5704 obtinui,
772 5647 802 5691 ut
820 5638 925 5707 aliquis
943 5641 1004 5704 sim,
1024 5642 1052 5695 si
1068 5644 1160 5696 Deum
1178 5662 1241 5698 oon·
1268 5644 1342 5711 fieri,
1371 5642 1485 5714 dignum
1510 5642 1648 5712 reputari,
1681 5641 1710 5696 id
1734 5659 1796 5696 cum
1824 5642 1918 5698 Latini
1940 5657 1998 5699 uno
2015 5645 2100 5701 verbo

279 5735 338 5777 11111.
356 5735 396 5777 111.
410 5744 521 5796 sequar.
566 5726 644 5784 Haec
670 5744 707 5781 an
733 5724 891 5795 opinionem
919 5726 1010 5781 meriti
1034 5728 1157 5799 sapiant,
1182 5731 1241 5801 qni-
1269 5728 1419 5799 exprimere
1437 5728 1554 5797 vellent,
1578 5745 1629 5783 nec
1649 5726 1716 5781 satis
1734 5728 1878 5784 commode
1894 5736 2022 5799 possent,
2044 5749 2100 5788 me

413 5813 480 5870 libet
507 5812 622 5883 judicet
662 5811 802 5876 Justinus,
833 5827 914 5883 quem
942 5813 1063 5869 seeundo
1088 5814 1149 5870 loco
1174 5816 1241 5872 alle·
1269 5812 1323 5870 reri
1341 5813 1482 5880 dixerunt3
1503 5812 1569 5868 hinc
1589 5812 1754 5887 glossarium
1770 5820 1864 5880 retus,
1890 5814 2043 5879 ἀξιοῦσθαι
2061 5827 2100 5875 est
