4800 6659
380 709 418 766 60
965 699 1088 760 Locus
1107 696 1277 754 suemus
1297 697 1484 756 SEPTIMUS

377 857 461 921 eote,
482 856 582 911 dicite:
605 859 682 913 aerei
699 856 813 913 inustiles
831 875 938 927 mmsis,
961 859 1038 927 qaod
1063 854 1208 909 denatum
1238 871 1295 922 pree
1311 854 1372 907 sine
1389 860 1507 923 peccato
1524 870 1579 908 sors
1598 872 1701 917 summ,
1720 856 1803 924 majus
1820 855 1953 925 reliquiis
1973 855 2006 908 iss
2023 854 2076 909 llo·

376 940 488 1009 ferme,
508 944 635 1008 fecimus.
673 944 776 1014 Itaque
795 944 843 999 illi
859 946 990 998 dicuutur
1006 942 1135 1007 inutiles,
1161 940 1211 1009 qus·
1236 941 1310 993 miae
1328 941 1501 993 manentibsoe
1520 942 1660 1005 tatemere,
1683 941 1809 1009 warnis
1828 943 1864 995 de
1882 942 1929 994 die
1947 942 1978 994 iu
1998 941 2076 994 diets

377 1027 450 1080 esta
467 1030 587 1096 faciam,
603 1031 662 1084 sisi
678 1033 755 1100 quod
779 1032 819 1084 eis
831 1037 1014 1099 praeceptum
1031 1036 1071 1082 est
1091 1036 1116 1081 et
1134 1027 1211 1095 qaod
1222 1029 1224 1048 '
1236 1026 1398 1079 minuantur
1415 1025 1446 1078 in
1459 1027 1679 1095 proficientibus,
1697 1028 1724 1080 ri
1744 1027 1904 1095 dicemusne,
1923 1027 1995 1096 quia
2009 1043 2076 1096 pec·

377 1114 473 1177 faeere
489 1109 601 1179 ἀεόωιέ,
628 1134 660 1170 ee
678 1134 733 1186 pato
749 1118 889 1186 sequitur,
911 1124 942 1169 ut
958 1116 1008 1184 qui
1027 1114 1140 1179 faciunt
1156 1112 1210 1165 ali-
1235 1120 1328 1165 cctam
1346 1130 1403 1166 aori
1422 1112 1561 1181 labemur,
1579 1130 1631 1166 roos
1642 1113 1719 1182 ipsos
1730 1113 1896 1167 seducimus.
1923 1117 1946 1169 l.
1959 1111 2037 1167 Petr.
2050 1116 2074 1180 3,

378 1200 449 1268 quid
469 1201 592 1270 emplius
614 1219 698 1271 mm
724 1209 883 1270 momatur,
908 1208 939 1253 ut
962 1201 1012 1269 qui
1035 1216 1064 1253 se
1085 1205 1211 1253 causant
1235 1213 1262 1253 s.
1283 1204 1307 1251 7.
1325 1197 1453 1252 mulieres
1480 1198 1611 1253 dicuntur
1628 1199 1851 1272 συγκληρονόμοι
1864 1197 1982 1269 χάριτος
1999 1201 2074 1268 ζωῆς,

373 1292 495 1354 propter
511 1303 625 1354 regnum
643 1288 784 1342 coeloram
806 1295 832 1340 et
856 1287 906 1356 qui
929 1288 1000 1339 dont
1025 1285 1119 1339 omnia
1138 1302 1211 1354 post·
1236 1284 1443 1351 praemonitae,
1462 1283 1492 1338 id
1509 1283 1657 1348 estsitae,
1686 1301 1757 1356 quae
1775 1301 1808 1340 ex
1825 1285 1949 1356 gratuite
1967 1284 2075 1340 miseri·

374 1369 505 1440 peritios,
527 1372 572 1425 vel
589 1373 650 1425 clia
668 1372 702 1425 id
723 1390 810 1440 peuce
829 1373 969 1441 imperata
980 1372 1109 1439 faciunt,
1138 1370 1213 1424 servi
1237 1368 1331 1423 cordia
1354 1369 1530 1427 credentibus
1554 1371 1583 1424 in
1607 1370 1747 1425 Christum
1773 1370 1863 1427 datur.
1908 1378 1929 1427 l.
1946 1370 2023 1425 'lina
2049 1376 2075 1435 6,

378 1454 492 1509 ductiles
512 1458 572 1510 dici
591 1458 697 1514 debent.
739 1457 781 1512 Er
804 1458 848 1513 his
866 1456 1027 1512 Bellarmini
1055 1456 1147 1511 verbis
1172 1456 1211 1509 sic
1236 1472 1262 1510 v.
1282 1458 1306 1509 2.
1326 1455 1469 1510 credemus
1487 1455 1618 1511 dicuntur
1634 1458 1680 1524 τῆς
1697 1455 1853 1527 εὐεργεσίας
1871 1455 2075 1530 ἀντιλαμβανό·

378 1540 584 1597 concludimus:
619 1543 679 1598 Aut
705 1551 823 1616 uterque
842 1545 890 1616 qui
909 1543 1015 1599 seilicet
1034 1549 1141 1597 tantum
1162 1540 1211 1596 im·
1235 1558 1331 1612 μενοι,
1348 1541 1397 1596 ubi
1417 1560 1467 1612 per
1485 1543 1689 1612 beneficentiam
1708 1542 1804 1615 utique
1821 1544 1973 1615 gratuitam
1991 1542 2074 1597 intel·

378 1633 475 1698 perata
499 1627 568 1683 iecit
591 1636 620 1685 et
642 1630 691 1701 qui
717 1633 760 1697 (ex
777 1629 925 1701 hypothesi
943 1627 1100 1694 Pontificia)
1118 1644 1212 1698 super·
1237 1627 1333 1698 ligitur
1349 1625 1423 1682 sitae
1441 1634 1571 1683 aeternae
1589 1627 1775 1683 homnem
1816 1668 1818 1671 ι

379 1718 477 1785 erogat
506 1714 623 1786 aliquid,
652 1731 749 1770 revera
778 1723 820 1771 est
846 1731 943 1771 sersus
968 1714 1087 1779 inutilis,
1116 1720 1144 1769 et
1171 1714 1212 1768 sic
1272 1718 1313 1769 92.
1350 1719 1373 1768 4.
1389 1712 1469 1767 Rom.
1488 1719 1520 1781 t,
1544 1733 1569 1769 v.
1587 1720 1634 1771 23:
1660 1713 1837 1783 Stipendium
1857 1717 1971 1785 peccati
1996 1721 2124 1770 morsm

379 1798 513 1855 hebemus
539 1800 614 1872 quod
640 1800 781 1869 volumus3
812 1808 862 1856 aut
884 1807 1001 1873 uterque
1032 1806 1139 1855 tantum
1163 1816 1213 1870 per
1238 1806 1289 1865 est,
1322 1806 1353 1851 at
1377 1798 1515 1873 χάρισμα,
1547 1801 1651 1853 donum
1670 1802 1729 1853 Dei
1753 1801 1920 1870 grunitum,
1950 1810 1991 1855 eet
2014 1788 2124 1883 nitcffi

380 1885 564 1941 humilitatem
581 1887 683 1943 dicitur
700 1904 795 1942 sersus
812 1888 927 1957 inutilis,
940 1895 968 1942 et
979 1888 1019 1942 sic
1027 1886 1212 1942 Bellarmiuus
1237 1893 1350 1937 artemo
1368 1886 1400 1938 is
1418 1884 1530 1939 Chresto
1544 1886 1614 1940 Jeme
1626 1887 1751 1941 Domino
1762 1894 1876 1952 aorem·
1893 1886 1943 1941 nbi
1955 1887 2124 1985 observagzl

381 1972 578 2043 distinguendo
600 1989 656 2028 non
682 1973 877 2044 distingueret;
903 1980 953 2028 aut
973 1973 1044 2028 alter
1058 1989 1154 2028 revera
1170 1978 1214 2027 est
1238 1969 1388 2025 antithesin
1407 1970 1502 2026 mortis
1520 1979 1549 2026 et
1565 1972 1639 2027 vites
1658 1978 1793 2036 aeternas,
1812 1971 1861 2027 illa
1876 1980 1991 2029 venatur
2007 1991 2075 2045 pec·
2086 2002 2123 2038 m

380 2074 474 2112 sersus
492 2058 611 2127 inutilis,
637 2060 708 2114 alter
724 2066 832 2114 tanturn
855 2060 959 2114 dicitnr
985 2077 1079 2115 sersus
1098 2057 1211 2113 inutilis.
1238 2056 1293 2110 cati
1312 2056 1495 2127 stipendium,
1519 2058 1586 2129 quia
1610 2075 1644 2113 ex
1662 2059 1759 2115 merito
1783 2059 1906 2130 peccatis
1932 2059 2073 2131 redditnr3

379 2142 443 2199 Jam
465 2159 531 2199 vero
556 2161 590 2199 ex
615 2144 657 2199 his
677 2144 798 2215 duobus,
821 2162 877 2200 non
895 2145 943 2217 qui
961 2143 1212 2216 supererogationis
1238 2140 1307 2196 haec
1331 2157 1396 2196 vero
1417 2142 1518 2197 dicitnr
1533 2143 1625 2213 grstia
1641 2144 1699 2198 sive
1724 2144 1876 2215 gratuitum
1896 2144 1951 2201 Dei
1968 2146 2074 2200 donum

378 2245 462 2300 opera
479 2230 632 2301 praestitit,
650 2247 745 2286 servus
762 2235 806 2286 est
822 2230 945 2297 inutilis,
964 2230 1020 2285 dici
1040 2230 1112 2285 enim
1131 2229 1214 2285 debet
1238 2225 1267 2280 in
1285 2225 1400 2308 Christo
1436 2227 1466 2283 si
1483 2228 1542 2282 rita
1558 2236 1672 2284 aeterna
1688 2230 1771 2285 datur
1787 2246 1821 2285 er
1846 2231 1951 2303 gratia,
1976 2231 2076 2304 ntique

378 2316 454 2371 utilis
471 2316 561 2386 (juxta
574 2316 735 2372 Bellarmini
747 2316 941 2388 hypothesiu);
960 2316 1126 2388 relinquitur
1137 2332 1212 2387 orgo,
1238 2330 1293 2367 non
1311 2329 1344 2368 ex
1362 2313 1474 2377 meritis,
1491 2331 1556 2368 nam
1573 2320 1605 2370 ut
1616 2315 1688 2371 idem
1701 2317 2075 2389 apostolusaitRomt,v.t:

378 2402 453 2472 quod
471 2403 504 2472 is,
521 2403 568 2473 qui
581 2402 717 2475 imperata
727 2408 836 2458 tentum
858 2402 932 2468 iecit,
951 2418 1047 2458 revera
1065 2402 1101 2458 sit
1117 2418 1213 2457 servus
1239 2398 1293 2468 Ei,
1313 2400 1364 2468 qui
1384 2409 1533 2469 operatur,
1552 2418 1656 2455 meroes
1675 2420 1731 2455 non
1750 2403 1905 2472 importum
1921 2406 2076 2458 mecedem

378 2488 492 2543 inutilis.
528 2488 587 2544 Nec
606 2490 715 2558 obstat,
745 2489 821 2561 quod
839 2489 928 2544 renati
948 2505 965 2542 a
983 2488 1093 2544 Christo
1115 2487 1213 2542 fideles
1238 2487 1369 2555 pretium,
1382 2489 1593 2541 aduocandum
1608 2489 1737 2544 debitam.
1757 2488 1870 2560 Excipit
1881 2489 2077 2559 Remmium,

377 2579 406 2629 et
427 2573 494 2629 boni
518 2574 589 2631 servi
614 2582 765 2644 vocantur,
791 2574 860 2629 illud
889 2575 962 2630 enim
985 2572 1017 2629 fit
1045 2574 1152 2629 diverso
1170 2586 1213 2628 re·
1239 2573 1427 2642 Auprutiuam
1447 2576 1607 2641 comeum,
1626 2577 1703 2644 meod
1719 2576 1865 2644 apostolas
1890 2584 1964 2630 reete
1981 2577 2078 2630 dicem

378 2665 483 2732 speetu.
519 2660 592 2726 Quia
610 2662 685 2716 enim
703 2678 758 2716 non
776 2661 877 2729 omnis,
894 2676 966 2732 quae
985 2659 1117 2715 mandata
1133 2658 1214 2714 nobis
1234 2659 1377 2727 pomerii,
1402 2660 1570 2729 stipendium
1582 2661 1716 2729 justitiae
1744 2678 1802 2715 esre
1819 2662 1906 2715 mom
1923 2670 2078 2733 nummos,

377 2752 489 2801 suntet
505 2745 631 2816 adquae
647 2746 709 2807 Deo
728 2754 760 2802 ut
777 2746 849 2803 servi
867 2746 993 2801 obstricti
1014 2763 1116 2816 sumus,
1135 2762 1214 2816 prae-
1238 2746 1302 2798 ideo
1329 2753 1422 2798 erdem
1446 2746 1531 2798 vitam
1558 2755 1701 2800 menam
1726 2765 1838 2801 emessa
1860 2749 1997 2818 pradum,
2020 2767 2079 2804 nos

377 2841 482 2888 stamus
506 2848 541 2886 ac
559 2847 632 2903 quae
648 2839 839 2904 praesumus,
864 2849 920 2887 non
938 2848 971 2887 eo
990 2832 1168 2903 perfectionis
1185 2839 1215 2888 et
1238 2832 1307 2900 pain
1327 2849 1383 2885 noa
1408 2839 1447 2886 est
1467 2849 1569 2886 merces
1596 2834 1699 2901 meriti,
1726 2836 1779 2887 aod
1799 2834 1866 2902 quia
1892 2834 1958 2903 ipso
1975 2837 2079 2891 merite

293 2909 295 2912 ’
377 2918 505 2990 puritatis
516 2918 614 2989 gradu,
632 2918 680 2990 qui
694 2918 723 2972 in
735 2918 799 2990 lege
808 2918 1014 2989 praescribitur,
1033 2924 1214 2989 praestamus,
1238 2918 1370 2972 tatemer
1396 2936 1428 2972 ea
1452 2920 1555 2988 pretiis.
1596 2920 1701 2972 Locum
1726 2922 1806 2975 Rom.
1832 2923 1857 2975 4.
1881 2922 2079 2991 acepissent

377 3004 440 3061 ideo
457 3022 513 3060 non
530 3004 620 3060 solum
638 3022 740 3075 servos,
758 3004 808 3060 sed
827 3004 911 3059 etiam
922 3004 1034 3059 inutiles
1053 3020 1146 3059 servos
1163 3022 1213 3059 nos
1239 3021 1297 3058 esse
1324 3006 1360 3058 de
1377 3006 1522 3075 operibus,
1545 3022 1617 3075 prce
1640 3006 1700 3060 sine
1716 3008 1812 3075 pretia
1829 3008 1889 3061 Dei
1904 3008 1975 3062 solis
1993 3007 2081 3063 liberi

378 3107 531 3165 agnoscere
550 3098 578 3147 et
595 3091 717 3164 profiteri
735 3091 881 3161 debemus,
909 3090 1074 3162 quibuscum
1093 3090 1116 3144 si
1136 3089 1214 3146 Deus
1239 3090 1354 3144 arbitrii
1378 3089 1485 3143 viribus
1509 3092 1580 3161 fieri
1608 3093 1943 3163 perseuerauerunt,
1975 3102 2078 3149 contra

378 3180 408 3234 in
424 3178 569 3249 'judicium
587 3178 671 3234 vellet
695 3177 851 3233 intrasset
874 3183 991 3249 peccata
1012 3182 1107 3232 nostra
1133 3176 1213 3231 nobis
1239 3194 1309 3246 quos
1326 3177 1471 3245 apostolus
1488 3178 1622 3247 disputet.
1664 3177 1888 3249 Respondemus:
1917 3185 1939 3235 1.
1963 3179 1999 3236 de
2015 3198 2077 3236 sen·

378 3264 523 3336 imputare,
550 3282 605 3320 non
633 3280 776 3335 possemus
805 3270 881 3319 certe
911 3263 1075 3332 consistere;
1101 3262 1213 3334 quando
1238 3262 1325 3318 tentia
1354 3262 1504 3335 Augustini
1537 3264 1566 3317 in
1599 3263 1781 3335 explicatione
1810 3264 1892 3336 primi
1918 3266 2078 3337 argumenti

378 3358 471 3407 sutem
496 3351 526 3405 in
544 3367 610 3406 sera
633 3350 803 3421 poenitentia
821 3349 874 3404 hoc
893 3348 1086 3421 agnoscimus,
1110 3348 1166 3404 fide
1184 3348 1213 3403 in
1238 3348 1294 3405 late
1311 3347 1440 3418 didmus,
1457 3346 1510 3405 boc
1527 3350 1588 3405 loco
1601 3349 1733 3421 jubemus
1750 3356 1859 3419 notare,
1883 3352 1958 3424 quod
1976 3352 2078 3425 Angu-

378 3436 519 3492 Christum
548 3436 727 3491 mediatorem
755 3452 805 3490 nos
823 3434 955 3506 erigimus
973 3440 1002 3489 et
1019 3452 1052 3489 ex
1069 3433 1125 3489 fide
1143 3434 1214 3490 bene
1243 3434 1333 3489 stinus
1365 3434 1394 3490 in
1421 3434 1467 3498 lib,
1497 3436 1532 3490 de
1560 3440 1629 3507 grat
1659 3444 1686 3492 et
1711 3436 1759 3491 lib.
1783 3437 1842 3493 arb.
1862 3453 1885 3491 e.
1908 3442 1932 3493 8.
1951 3438 2079 3496 modeste

378 3538 538 3594 operamur,
562 3527 630 3576 tunc
649 3521 727 3576 Deus
746 3538 802 3576 non
819 3520 969 3592 imputabit
988 3520 1068 3575 nobis
1088 3526 1213 3592 peccate,
1240 3520 1357 3576 scribat:
1376 3522 1436 3576 Illa
1456 3522 1659 3592 mediotquo
1678 3521 1878 3579 scilicetsensu
1890 3522 1948 3578 vita
1962 3530 2079 3580 aeterna

378 3607 427 3662 ssd
452 3625 485 3663 ex
505 3607 595 3679 grstia
620 3614 733 3678 propter
755 3605 893 3661 Christum
917 3605 1014 3661 eadem
1042 3606 1163 3662 remittet
1187 3612 1215 3662 et
1241 3607 1348 3662 dieatm
1374 3607 1466 3680 gratu
1491 3624 1524 3662 ec
1547 3607 1725 3663 nihilominus
1751 3607 1899 3680 unicuique
1922 3611 2078 3667 secundnm

377 3709 461 3763 opera
477 3699 579 3761 nostra,
593 3692 659 3748 licet
672 3692 727 3747 sint
745 3690 1110 3762 imperiectaetimmunda,
1121 3699 1214 3748 umen
1240 3710 1325 3765 opera
1349 3693 1457 3748 dicatur
1482 3709 1542 3749 esse
1568 3694 1749 3763 reddendum)
1781 3695 1860 3750 sallo
1891 3698 1976 3749 modo
2006 3699 2081 3752 mut

378 3780 445 3851 quia
475 3779 504 3833 in
535 3778 589 3835 fide
613 3779 787 3844 faeneum,
813 3778 1014 3850 temporalibus
1041 3786 1071 3833 et
1095 3780 1214 3834 aeternis
1240 3780 1352 3833 sirm·
1364 3798 1449 3850 posse
1471 3781 1592 3835 desolat
1608 3787 1660 3839 etc.
1674 3781 1809 3836 neminem
1821 3780 1906 3853 igitur
1917 3782 2077 3856 adsuingit,

305 3931 309 3941 Ι
378 3865 507 3936 praemiis
533 3882 566 3921 ex
591 3865 687 3922 eadem
711 3864 802 3936 gratia
824 3865 1046 3920 remunerabitur
1068 3865 1157 3920 bonos
1181 3882 1215 3920 ac
1241 3872 1273 3920 ut
1291 3865 1363 3920 hanc
1383 3865 1505 3921 locorum
1522 3865 1681 3937 Scripturas
1703 3866 1922 3923 conciliationem
1935 3876 2077 3940 sequatur,

377 3950 472 4007 fideles
501 3968 595 4008 servos
628 3967 679 4005 nos
711 3950 845 4006 vocando.
893 3948 974 4014 Quod
1006 3949 1131 4006 Christus
1164 3968 1215 4005 nos
1241 3952 1328 4006 multo
1353 3969 1430 4008 vero·
1444 3953 1535 4007 minus
1555 3952 1635 4007 bonis
1667 3954 1796 4024 operibus
1824 3953 1909 4008 sitam
1933 3960 2078 4010 aeternam

377 4037 453 4110 loqui
479 4039 571 4102 docet,
592 4037 665 4109 juris
688 4044 729 4093 est
751 4053 784 4091 ac
804 4036 942 4104 veritatis3
971 4037 1046 4107 quod
1079 4037 1138 4107 ipse
1162 4036 1215 4107 piis
1241 4044 1374 4109 tanquam
1393 4038 1546 4093 mercedem
1566 4038 1657 4093 meriti
1674 4056 1708 4093 ex
1725 4038 1864 4110 condigno
1875 4038 1955 4094 reddi
1968 4042 2077 4098 statuit

378 4122 530 4194 aliquando
555 4123 696 4179 locuturus
721 4129 776 4191 eet,
808 4123 839 4177 id
860 4122 968 4195 gratiae
992 4130 1034 4179 est
1059 4140 1093 4178 ac
1111 4123 1214 4179 miseri·
1242 4122 1390 4179 adortus
1418 4124 1585 4195 apostolicus
1613 4125 1680 4179 satis
1712 4133 1754 4180 est
1783 4124 1954 4196 perspicuus.
1996 4125 2078 4189 Quae

378 4209 497 4280 cordiae,
515 4210 614 4265 scribit
630 4210 666 4267 D.
684 4208 789 4281 Mylius
808 4208 837 4263 in
856 4209 927 4281 expl.
956 4208 1068 4282 August
1098 4209 1214 4265 consess.
1242 4210 1315 4266 enirn
1335 4227 1433 4280 causa,
1453 4210 1528 4282 quod
1553 4227 1625 4266 mors
1640 4218 1755 4266 vocatur
1772 4211 1880 4283 peccati
1898 4211 2078 4283 stipendium,

378 4300 429 4350 art.
448 4300 472 4352 6.
490 4313 518 4368 p.
539 4302 595 4353 107.
631 4297 846 4368 ”Augustinus
863 4295 913 4353 lib.
933 4295 968 4350 de
985 4294 1099 4366 perfect
1109 4295 1216 4365 justit:
1242 4298 1299 4351 vita
1317 4301 1430 4351 aeterna
1446 4313 1502 4352 non
1518 4297 1686 4367 stipendium
1711 4297 1845 4353 bonorum
1870 4315 2000 4368 operum,
2026 4301 2078 4355 sed

380 4381 445 4449 Ipsi
460 4382 520 4446 stit
534 4384 594 4436 Dei
619 4384 778 4450 comparati
797 4382 853 4435 sibi
879 4382 965 4451 ipsis,
988 4381 1086 4450 gaules
1105 4382 1135 4435 in
1163 4382 1217 4436 itta
1242 4382 1394 4455 gratuitum
1412 4381 1466 4436 Dei
1482 4382 1592 4448 donum,
1619 4384 1672 4437 nisi
1691 4389 1723 4438 nt
1738 4382 1916 4455 significetur,
1941 4401 2002 4440 esse
2021 4385 2077 4439 dis·

377 4467 550 4537 perfectione
576 4475 691 4521 aeteae
713 4467 807 4529 ficari
833 4475 909 4535 sant,
939 4468 982 4520 ita
999 4467 1064 4520 toni
1085 4476 1161 4531 aaut,
1186 4476 1218 4520 ut
1243 4485 1337 4541 parem
1365 4467 1498 4523 rationem
1520 4468 1592 4523 iuter
1610 4476 1725 4540 peccata
1741 4476 1769 4526 et
1794 4476 1925 4539 mortem,
1947 4475 1977 4525 et
2002 4469 2078 4527 inter

384 4552 476 4606 oddae
490 4560 516 4606 et
529 4553 883 4623 manutenuerint
901 4553 1062 4607 demensa
1076 4555 1218 4623 auderem
1244 4556 1317 4610 bona
1346 4571 1431 4625 opera
1461 4560 1490 4609 et
1523 4554 1609 4609 vitam
1637 4562 1785 4614 aeternam
1835 4556 1869 4612 ln
1898 4556 2079 4629 prsecedenti

386 4639 448 4709 ques
466 4639 536 4693 euim
555 4640 661 4693 aridem
679 4640 787 4708 duero,
804 4640 895 4694 mulos
912 4655 984 4707 esse,
1003 4657 1118 4709 qaorum
1133 4648 1220 4709 puter
1244 4660 1270 4695 v.
1299 4645 1340 4696 22.
1366 4640 1472 4695 dixerat
1494 4642 1648 4712 apostolus,
1678 4643 1811 4698 liberatos
1842 4661 1861 4695 u
1888 4649 2009 4713 peccato
2043 4661 2079 4697 ec

387 4732 430 4779 est
445 4725 540 4794 Deru,
566 4725 625 4778 uisi
645 4726 706 4795 ipsc
725 4726 865 4780 Dominus
882 4725 999 4793 diceet,
1028 4724 1063 4779 si
1080 4742 1145 4795 erpo
1162 4744 1219 4795 vos,
1244 4744 1337 4781 amos
1355 4725 1415 4780 Dei
1427 4727 1632 4791 factoehebere
1643 4728 1767 4794 frutetum
1780 4729 2079 4796 intercedentium,

387 4829 450 4866 cum
466 4812 529 4864 sitis
552 4812 634 4880 moli,
656 4812 746 4865 mstis
764 4814 836 4865 dore
862 4812 953 4879 boue,
977 4828 1039 4864 cum
1063 4812 1104 4865 cit
1124 4812 1220 4882 πιείρας
1239 4813 1324 4880 finem
1348 4828 1414 4866 vero
1440 4813 1525 4866 vitam
1546 4821 1706 4881 aeternam,
1737 4815 1767 4869 id
1791 4830 1826 4869 ne
1849 4814 1911 4886 quis
1935 4830 1969 4869 eo
1992 4830 2079 4870 seusu

376 4906 462 4968 patos·
478 4906 574 4962 vestm
597 4898 675 4965 filios
697 4898 779 4951 DEI
793 4914 852 4952 erre
863 4898 929 4967 jam
948 4899 1219 4968 metonomicos
1244 4896 1383 4968 acciperet
1407 4914 1440 4953 ac
1462 4898 1487 4952 si
1508 4906 1619 4954 nostrae
1649 4898 1872 4955 sanctificationis
1897 4899 1994 4954 merito
2018 4902 2080 4958 sita

381 4985 473 5039 unies
507 4983 599 5038 metor
627 5000 685 5037 esre
713 5001 769 5037 noa
792 4985 880 5037 mouit
906 4990 959 5042 etc.
1008 4984 1166 5038 Secundum
1183 4986 1218 5038 id
1244 4990 1357 5039 aeterna
1374 4982 1544 5053 obtineatur,
1569 4989 1697 5040 notanter
1722 4985 1880 5057 subjungit,
1905 4984 1936 5040 ri
1950 4984 2079 5057 χάρισμα

381 5072 457 5140 qnod
480 5086 514 5126 en
529 5071 594 5124 Deo
611 5070 673 5122 nuti
689 5086 797 5139 mmai,
823 5070 853 5123 in
872 5086 919 5135 eo,
943 5070 993 5138 qai
1010 5070 1159 5139 apparuit,
1186 5079 1218 5123 at
1243 5072 1292 5123 τοῦ
1312 5072 1379 5124 θεοῦ
1396 5067 1447 5137 ζωὴ
1465 5069 1583 5130 αἰώνιος.
1621 5076 1643 5126 3.
1662 5070 1839 5137 Quinetiam
1859 5077 1987 5127 notanter
1998 5071 2081 5126 addit

379 5164 497 5226 peecata
512 5154 638 5223 elme,
660 5155 694 5207 id
710 5162 751 5208 est
768 5160 796 5208 tn
814 5155 941 5219 Ctrr'sto,
957 5172 1098 5210 maneam
1116 5164 1142 5210 et
1159 5174 1216 5211 uon
1242 5154 1390 5225 apostolus,
1407 5156 1492 5209 vitam
1510 5162 1651 5211 aeternam
1667 5173 1727 5211 esse
1747 5157 1866 5229 gratim
1877 5155 1932 5212 Dei
1950 5158 1980 5210 in
1996 5156 2080 5212 Olari-

374 5260 539 5313 peoccmus,
562 5241 614 5297 tac
631 5249 672 5296 ert
689 5249 781 5296 cidem
799 5244 876 5311 qaod
893 5242 1010 5295 interior
1030 5242 1111 5296 tomo
1135 5260 1215 5298 reso·
1241 5250 1284 5296 sto
1311 5242 1382 5296 Jeeu
1412 5242 1536 5296 Domino
1565 5261 1637 5313 meo,
1670 5243 1820 5299 clarissime
1847 5244 1933 5316 igitur
1948 5244 2080 5313 ostendit,

378 5338 462 5384 octar
487 5329 594 5385 dedis
609 5329 639 5382 ut
660 5328 742 5381 dicus.
787 5327 946 5382 Secundum
963 5334 1056 5381 autem
1084 5331 1215 5397 quotide
1242 5325 1345 5381 donum
1375 5326 1444 5382 illud
1462 5327 1517 5384 Dei
1546 5328 1626 5384 nobis
1655 5328 1716 5383 dari
1741 5347 1796 5385 non
1818 5344 1870 5399 per
1893 5346 2008 5399 operum
2029 5347 2080 5385 no·

379 5413 488 5469 semies
505 5415 558 5469 silo
576 5414 637 5469 sati
652 5430 755 5481 mmet,
769 5429 822 5482 per
840 5430 920 5482 quem
935 5421 1080 5482 peccemus
1099 5414 1216 5469 intrauit
1242 5418 1360 5467 strorum
1377 5413 1483 5478 merite,
1503 5414 1552 5469 sed
1569 5414 1599 5468 in
1614 5413 1725 5469 Christo
1741 5415 1796 5470 fide
1814 5413 2001 5486 apprehenso,
2021 5433 2079 5488 qno

379 5499 409 5553 sis
432 5502 566 5556 mandam
590 5508 616 5555 et
630 5514 687 5570 per
700 5505 848 5568 peccatam
874 5516 950 5552 mors
971 5506 997 5552 et
1015 5498 1058 5552 ita
1073 5499 1103 5553 ia
1121 5518 1215 5555 omnes
1240 5498 1386 5555 referenda
1403 5505 1468 5554 sunt
1486 5499 1588 5554 similia
1598 5499 1758 5572 Scripturas
1775 5499 1860 5556 effata
1868 5500 1932 5556 Joh.
1950 5507 1975 5575 3,
1990 5518 2017 5557 s.
2029 5509 2080 5559 tt:

379 5585 502 5639 lterum
520 5586 700 5656 psrtrnmiit,
725 5585 786 5638 riae
808 5592 924 5653 peceato
942 5602 997 5639 aon
1016 5602 1121 5651 summ,
1146 5587 1215 5656 qaia
1243 5585 1298 5648 Qui
1309 5585 1399 5639 eredit
1413 5585 1442 5639 in
1456 5586 1570 5648 lilium,
1583 5587 1664 5641 aare
1675 5588 1760 5641 eitam
1770 5596 1921 5643 odernam
1947 5587 2079 5658 aione,

377 5673 438 5727 eius
461 5672 542 5726 aluus
567 5672 729 5737 infirmitate
755 5672 879 5725 medam
905 5688 1013 5736 aarum,
1045 5674 1134 5726 dmsec
1160 5674 1215 5726 illa
1239 5686 1266 5727 s.
1287 5677 1333 5728 ll:
1363 5671 1454 5724 Vitam
1481 5680 1622 5726 aeteruum
1642 5672 1722 5726 dedit
1746 5675 1825 5728 uobis
1841 5675 1936 5743 Deire,
1964 5682 1990 5728 et
2007 5675 2079 5729 hoec

377 5756 571 5827 renovatione,
596 5774 667 5827 quoe
685 5760 718 5823 fit
734 5758 771 5811 de
788 5757 834 5810 die
856 5757 886 5810 irs
910 5756 1000 5824 diem
1020 5757 1153 5826 onmium
1171 5775 1214 5812 oe·
1239 5757 1299 5812 rita
1330 5758 1361 5810 ia
1384 5756 1463 5811 sitio
1487 5758 1553 5827 ejus-
1574 5767 1630 5825 est‚·
1658 5775 1684 5812 s.
1712 5763 1756 5815 12:
1785 5760 1835 5829 qui
1856 5760 1938 5814 tabet
1960 5761 2078 5827 riuum,

376 5845 498 5900 οιιιιάωι
521 5844 614 5916 meam
632 5860 665 5898 re
682 5845 748 5899 Deo
765 5844 828 5898 acti
842 5859 952 5911 mes,
974 5842 1125 5913 iufirmitas
1151 5851 1213 5898 totu
1239 5843 1428 5917 toddeitcna
1473 5842 1538 5899 Act.
1555 5851 1585 5909 4,
1606 5862 1631 5899 v.
1657 5849 1701 5900 12:
1726 5846 1792 5900 Nos
1816 5854 1858 5901 est
1880 5847 1911 5901 ia
1924 5846 1990 5912 ulio
2008 5864 2079 5917 qao-

375 5939 505 6003 m,
525 5931 634 6001 inopum
655 5928 1115 6001 ammonemus·
1139 5930 1213 5985 etis
1238 5928 2078 6001 mmmmmeauatudmemteostodoun
