4800 6659
416 584 477 644 326
1090 572 1215 632 Locus
1232 571 1436 633 metamus

308 742 344 783 lx
358 739 401 783 itu
415 732 499 803 plane
524 729 631 786 tollitur
650 735 679 785 et
697 727 817 797 deletur,
842 743 1013 799 consequeus
1035 727 1138 797 fuerit,
1160 729 1364 799 bapti-ltatur.
1401 729 1545 785 Hactenus
1568 728 1731 784 Cassander.
1766 729 1862 783 Manet
1883 736 2031 799 peccatum
2054 734 2118 800 post

319 867 323 873 .
415 825 492 873 satos
511 835 567 872 non
586 815 713 887 possein
733 819 873 883 posterum
886 829 1011 883 peccare,
1029 814 1073 869 vel
1087 814 1111 868 si
1125 813 1447 885 peccant,fbaptismum
1475 823 1553 883 actu,
1585 823 1699 886 propter
1730 821 1832 870 statum
1861 824 1992 879 naturae,
2023 814 2117 886 quoad

313 935 319 940 -
419 903 605 975 quaerendam
624 915 802 955 essenorum
822 914 911 954 novae
929 900 1113 970 corruptionis
1130 916 1251 955 causam.
1264 894 1266 941 l
1279 901 1403 955 morbum
1431 919 1480 956 seu
1507 901 1629 956 radicem
1655 902 1763 970 peccati
1788 908 1817 955 et
1836 901 1929 971 quoad
1955 899 2116 967 materiale;

416 988 556 1042 Macarius
581 986 674 1041 homil.
704 992 742 1041 15.
769 1004 796 1056 p.
823 991 886 1041 iss:
917 985 951 1039 Si
971 1002 1132 1055 patrones
1150 975 1328 1055 dicaraised
1346 987 1453 1042 tollitur
1471 993 1584 1057 propter
1602 994 1707 1041 statum
1724 1003 1872 1056 personae,
1895 988 1989 1059 quoad
2008 993 2116 1041 reatum

411 1082 478 1144 post
502 1075 669 1142 baptismam
693 1074 790 1126 sitiam
813 1089 869 1124 non
894 1072 1008 1141 babere,
1038 1074 1088 1125 ubi
1113 1072 1337 1145 pareaturqsive
1365 1072 1495 1137 formale,
1526 1074 1592 1145 quia
1617 1090 1673 1127 non
1702 1073 1855 1143 imputatur
1880 1074 2060 1131 credentibus
2089 1073 2117 1127 in

415 1169 465 1214 aut
488 1161 641 1214 collocetur
661 1160 691 1212 in
713 1160 813 1226 corde,
835 1160 966 1227 ignoras,
987 1166 1054 1227 quot
1073 1160 1108 1213 ab
1132 1152 1427 1230 adseritulcbristum.
1464 1160 1506 1214 Ex
1525 1177 1580 1231 quo
1596 1160 1715 1230 intelligi
1734 1166 1833 1230 potest,
1852 1177 1907 1231 quo
1922 1176 2007 1214 sensu
2019 1161 2118 1231 Augu-

416 1248 475 1300 Des'
497 1249 539 1300 ad
567 1247 619 1299 boc
637 1261 725 1314 nsque
744 1252 851 1312 tempus
873 1245 1009 1313 baptisati
1023 1252 1087 1299 sunt
1107 1254 1134 1298 et
1151 1239 1368 1299 nitriis-'atinus
1397 1246 1565 1316 quandoque
1593 1253 1691 1316 neget,
1721 1246 1889 1316 quandoque
1911 1262 1978 1300 vero
2002 1254 2118 1314 mearat,

415 1334 508 1386 minus
526 1334 667 1386 interdum
680 1349 775 1400 prava
795 1331 1009 1399 cogitaverunt!
1039 1350 1077 1384 an
1101 1349 1158 1384 non
1174 1348 1252 1400 repe-
1279 1330 1531 1400 concupiscentiam
1550 1331 1578 1384 in
1596 1331 1699 1385 renatis
1717 1338 1780 1401 post
1798 1333 2117 1403 baptismumreliquam

412 1420 515 1486 rimus,
541 1425 607 1488 post
632 1417 798 1486 baptismum
822 1418 912 1470 multu
932 1417 1065 1471 committi
1076 1425 1197 1486 peccata
1218 1431 1339 1512 acqesse
1356 1403 1517 1485 peceatum.
1553 1416 1689 1472 Nimirum
1709 1417 1758 1470 ubi
1778 1418 1890 1480 asserit,
1919 1418 2116 1489 concupiscen-

409 1506 562 1574 pierosqne
582 1504 767 1572 delinquere!
792 1503 969 1573 Augustinus
981 1508 1063 1558 tract.
1079 1509 1120 1558 41.
1132 1502 1162 1556 in
1174 1500 1252 1558 Joh.:
1278 1501 1346 1555 tiam
1366 1519 1425 1557 esse
1443 1508 1601 1572 peccatum,
1620 1502 1734 1574 respicit
1751 1506 1793 1557 ad
1809 1504 2031 1558 inobedientiam
2053 1523 2116 1558 eon-

414 1592 562 1660 Numqaid
581 1591 649 1660 quia
667 1590 762 1643 deleta
782 1597 822 1642 est
841 1589 990 1657 iniquitas,
1011 1589 1094 1642 arilia
1117 1589 1252 1643 remansit
1278 1593 1324 1640 tra
1341 1588 1515 1648 dominatam
1533 1592 1646 1654 mentis,
1670 1597 1702 1644 ut
1723 1607 1753 1645 se
1778 1590 1869 1661 ipsum
1892 1591 2006 1660 exponit
2025 1591 2072 1646 lib.
2093 1599 2116 1647 5.

415 1678 585 1741 infirmitas!
619 1678 647 1729 si
668 1694 724 1729 non
743 1676 936 1743 remansisset,
965 1676 1024 1727 sina
1045 1681 1161 1743 peccata
1180 1676 1252 1728 vire-
1278 1677 1375 1727 contm
1400 1673 1503 1730 Julian
1528 1692 1553 1729 c.
1578 1681 1601 1730 3:
1625 1675 1674 1729 ubi
1698 1692 1764 1731 vero
1790 1684 1890 1749 negat,
1916 1678 2115 1748 concupiscen-

286 1762 306 1805 7·
320 1764 356 1804 ax
415 1780 522 1828 remita·
542 1762 606 1831 qais
622 1778 689 1816 sero
710 1763 815 1814 audeat
832 1762 901 1814 base
920 1762 1036 1815 dicaci
1061 1766 1085 1815 7.
1105 1758 1252 1815 Calamita-
1277 1759 1344 1813 tiam
1374 1777 1434 1815 esse
1460 1767 1621 1829 peccatum,
1651 1760 1764 1832 respicit
1788 1761 1825 1816 ad
1842 1763 1979 1817 actualem
1998 1772 2116 1832 reatum,

287 1816 354 1905 iiiii
363 1873 402 1904 es·
416 1855 467 1917 tes,
487 1848 606 1917 dolores,
623 1846 713 1902 morbi
733 1847 859 1919 adeoque
877 1847 939 1918 ipsa
955 1863 1036 1914 mors,
1054 1846 1099 1901 cui
1117 1845 1253 1917 baptizati
1277 1851 1309 1898 ut
1345 1862 1375 1899 se
1407 1845 1498 1914 ipsum
1531 1846 1644 1917 exponit
1672 1847 1719 1903 lib.
1753 1854 1774 1904 1.
1807 1848 1842 1903 de
1873 1857 1952 1918 nupt
1981 1856 2011 1904 et
2038 1867 2116 1905 conc.

286 1917 395 2009 ffimu'
415 1933 509 1989 adhuc
534 1939 600 1986 sunt
621 1932 740 1988 obnoxii.
785 1932 842 1990 Ubi
868 1932 957 1987 omnis
983 1932 1063 1986 abest
1084 1930 1181 2000 culpa,
1211 1930 1251 1985 ibi
1277 1947 1301 1984 c.
1320 1936 1360 1985 26.
1379 1932 1430 1985 boc
1449 1940 1492 1999 est¹
1511 1950 1568 1986 non
1587 1933 1689 1987 babere
1704 1942 1866 2002 peccatum,
1885 1953 1964 1988 reum
1982 1953 2039 1989 non
2057 1953 2118 1990 esse

415 2019 596 2087 calamitates,
616 2017 734 2086 dolores,
753 2017 840 2072 morbi
858 2025 887 2072 et
904 2034 977 2072 mors
995 2034 1051 2072 non
1067 2022 1183 2087 possunt
1200 2032 1251 2071 nec
1275 2018 1393 2084 peccati.

416 2106 520 2160 debent
538 2104 641 2158 habere
658 2103 756 2158 locum.
793 2103 881 2174 Atqui
909 2103 1029 2158 infantes
1047 2101 1182 2174 baptizati
1202 2100 1251 2156 ob·
1314 2109 1371 2159 132.
1394 2102 1578 2158 Bellarminus
1597 2110 1745 2176 antequam
1764 2106 1868 2161 classes
1885 2113 2116 2178 argumentorum
2128 2113 2156 2174 1³5

415 2192 490 2245 noxii
509 2195 575 2243 sunt
593 2188 807 2256 calamitatibus,
826 2188 976 2255 doloribus,
996 2188 1098 2243 morbis
1117 2196 1145 2243 et
1162 2188 1252 2254 morti,
1277 2206 1389 2244 suorum
1406 2190 1556 2258 producat,
1575 2191 1722 2247 admonet:
1753 2195 1778 2244 1.
1797 2194 1870 2246 Esse
1886 2195 2115 2261 antiquissimam
2129 2175 2156 2254 iii

414 2285 447 2332 ut
465 2283 583 2332 testatur
601 2275 778 2345 experientia.
814 2273 891 2346 Ergo
909 2274 945 2329 ab
962 2273 1018 2328 illis
1032 2274 1187 2330 nanomnis
1203 2273 1250 2328 ab·
1277 2276 1406 2329 baeresin
1439 2276 1663 2345 Oripenistarum
1694 2284 1720 2329 et
1746 2277 2006 2346 Messaiianorrrm,
2038 2284 2118 2349 quod

413 2369 455 2418 est
481 2364 578 2434 culpa,
609 2378 661 2416 uec
682 2362 793 2432 penitus
819 2360 941 2416 deletum
967 2378 1000 2416 ex
1020 2360 1075 2415 illis
1093 2367 1249 2432 peccatum.
1273 2370 1394 2430 peccato
1417 2380 1473 2417 non
1500 2362 1638 2416 tolianusr
1658 2380 1715 2431 per
1738 2364 1916 2433 baptismam,
1945 2369 1999 2418 sed
2022 2368 2114 2421 solum

413 2449 589 2520 Augustinus
615 2448 664 2502 lib.
685 2454 727 2505 22.
746 2448 781 2502 de
799 2447 875 2503 civit.
896 2446 951 2501 Dei
968 2465 992 2502 a.
1013 2451 1055 2502 22.
1075 2446 1185 2516 scribit,
1208 2448 1250 2499 in·
1276 2456 1419 2517 tepentia,-
1444 2464 1508 2501 eam
1526 2457 1621 2501 nostra
1645 2449 1739 2503 seculo
1756 2459 1919 2504 renovatam
1937 2470 1956 2505 a
1975 2455 2114 2508 Latina-

406 2539 509 2604 fantes
528 2536 754 2591 Christianorum
773 2535 927 2605 baptisatus
944 2534 1043 2588 misae
1059 2550 1143 2602 saepe
1152 2534 1252 2586 cesari
1276 2538 1328 2590 nia
1363 2535 1588 2605 Respondemus:
1614 2535 1717 2605 psaltes
1743 2536 1844 2591 diserte
1868 2538 1955 2591 utitur
1978 2556 2046 2595 voce
2073 2547 2113 2596 te

413 2640 433 2675 a
456 2622 605 2691 spiritibus
623 2621 789 2690 immundis3
819 2620 957 2690 quomodo
977 2636 1042 2691 ergo
1063 2619 1151 2674 omnis
1167 2620 1252 2690 culpa
1276 2622 1361 2691 gendi
1386 2622 1486 2675 Psalm.
1507 2627 1555 2686 32,
1579 2640 1604 2677 v.
1626 2627 1655 2676 1:
1684 2624 1807 2686 Beatus,
1834 2624 1881 2676 cni
1895 2626 2031 2679 remissae
2048 2636 2113 2681 sant

413 2708 525 2780 penitus
544 2725 577 2763 ex
595 2707 650 2761 illis
668 2706 780 2761 deleta?
802 2705 990 2761 Bellarminus
1007 2705 1055 2761 lib.
1077 2711 1098 2760 1.
1116 2705 1151 2760 de
1171 2705 1250 2776 bapt.
1276 2706 1445 2786 iniquitates,
1464 2709 1511 2761 cui
1526 2714 1669 2776 peccatum
1686 2715 1791 2763 tecnam.
1823 2707 1934 2779 Ergone
1949 2710 2113 2782 Scripturas

415 2812 439 2851 c.
463 2801 502 2851 13.
530 2794 646 2865 regerit,
679 2801 846 2863 arpamenta
867 2800 965 2846 nostra
990 2793 1063 2847 nibil
1085 2793 1169 2846 aliud
1180 2809 1250 2861 pra
1277 2793 1385 2863 phrasis
1400 2802 1443 2849 est
1458 2793 1618 2849 haeretica?
1634 2792 1789 2849 -Haeretici
1807 2794 1856 2862 illi,
1876 2812 1945 2866 quos
1966 2797 2156 2867 Borrama-11,

414 2883 488 2951 bure,
507 2881 565 2934 nisi
582 2879 838 2949 concupiscentiam
854 2895 918 2933 vere
936 2896 995 2934 csse
1007 2887 1167 2948 peccatum,
1184 2879 1250 2933 iicet
1276 2897 1329 2934 nus
1348 2880 1467 2952 allegat,
1489 2884 1646 2934 statuerunt
1668 2886 1783 2949 peccata
1804 2879 1892 2934 solum
1911 2882 1970 2952 tegi
1988 2891 2017 2938 et
2033 2884 2113 2940 iomi-
2126 2854 2152 2907 ¹⁸¹

414 2969 442 3023 ei
458 2985 515 3022 non
534 2966 748 3035 consentiamus,
767 2983 839 3036 qaae
857 2967 952 3021 omnia
970 2983 1000 3020 se
1019 2966 1135 3021 soluisse
1147 2967 1251 3020 asserit
1275 2972 1334 3023 tem
1351 2967 1591 3038 concupiscentiae
1609 2983 1664 3020 non
1682 2966 1782 3033 minui,
1803 2966 1873 3020 nihil
1890 2984 1957 3038 ergo
1975 2987 2039 3024 cum
2057 2972 2113 3025 illis

415 3054 444 3107 in
463 3053 625 3124 quaestione
643 3053 679 3109 de
697 3058 813 3124 peccato
832 3052 962 3125 originis;
991 3053 1060 3125 quid
1084 3069 1149 3109 vero
1172 3069 1250 3124 prae·
1276 3054 1355 3108 nobis
1375 3070 1534 3121 commune,
1553 3052 1602 3125 qui
1619 3058 1767 3124 utrumque
1785 3052 1914 3123 dicimus,
1941 3055 2113 3126 baptismam

414 3142 528 3209 stiterit,
547 3159 597 3197 suo
613 3141 674 3197 loco
692 3142 870 3197 ostendimus¹
1276 3140 1384 3195 auferre
1406 3146 1564 3210 peccatum,
1591 3145 1623 3193 ut
1645 3156 1700 3214 non
1718 3139 1871 3208 imputetur
1891 3141 1926 3193 ad
1945 3144 2114 3200 condemna·

452 3233 508 3283 131.
543 3225 618 3281 Huic
642 3227 798 3283 sententiae
821 3233 932 3281 nostrae
956 3225 1134 3282 vehementer
1152 3225 1250 3279 adver·
1276 3226 1392 3295 tionem,
1411 3227 1514 3280 deinde
1532 3225 1616 3280 etiam
1638 3225 1888 3295 concupiscentiam
1906 3226 2060 3294 debilitari,
2082 3239 2114 3286 ut

372 3350 383 3364 ·
414 3321 510 3370 santur
527 3312 681 3384 Pontificii,
706 3319 809 3369 norunt
835 3312 921 3379 enim,
947 3328 1008 3367 eam
1026 3310 1196 3382 persuasioni
1215 3312 1250 3366 de
1275 3328 1331 3366 non
1348 3310 1463 3383 perinde
1479 3311 1508 3364 in
1525 3326 1641 3381 corpore
1659 3311 1769 3365 mortali
1785 3312 1954 3381 dominetur,
1979 3330 2044 3368 cum
2062 3317 2112 3371 ba·

413 3402 584 3474 perfectione
613 3418 646 3456 aa
674 3401 779 3456 meritis
805 3416 920 3470 operum
947 3406 1068 3454 extreme
1099 3398 1248 3453 adversari.
1275 3399 1392 3468 ptismus
1416 3415 1472 3452 non
1495 3398 1584 3451 solum
1604 3398 1837 3465 regenerationis,
1861 3398 1909 3452 sed
1927 3400 2012 3453 etiam
2030 3418 2111 3457 reno·

412 3486 517 3543 concil.
542 3485 666 3543 Trident.
699 3504 765 3542 sess.
785 3492 809 3541 5.
836 3484 975 3549 decernit,
1000 3501 1055 3553 per
1082 3484 1250 3553 baptismam
1274 3486 1395 3539 sationis
1419 3486 1456 3538 sit
1475 3486 1620 3538 iaoacmm
1639 3483 1694 3538 Tit
1714 3489 1745 3551 ³,
1769 3501 1793 3537 v.
1815 3492 1839 3539 5.
1874 3484 1990 3539 Procius
2011 3485 2110 3559 Origo·

412 3575 479 3628 tolli
496 3588 528 3627 re
545 3574 611 3641 ipsa
629 3573 662 3626 id
679 3589 772 3641 omne,
790 3572 868 3639 qaod
886 3571 968 3624 babet
985 3570 1016 3622 in
1034 3570 1144 3623 barnine
1161 3572 1248 3625 ratio·
1274 3573 1348 3627 uista
1364 3571 1439 3642 apud
1453 3571 1643 3642 Epiphaniam
1659 3571 1764 3625 haeres.
1778 3576 1821 3625 64.
1838 3570 1944 3639 statuit,
1960 3580 2109 3640 peccatum

412 3678 474 3714 nem
496 3660 614 3727 peccati
649 3657 835 3712 Bellarminus
859 3655 920 3710 loco
942 3654 1065 3727 proxime
1083 3656 1169 3711 citato
1187 3674 1248 3711 sen·
1273 3674 1383 3727 semper
1412 3657 1517 3721 vivere,
1546 3665 1577 3713 ut
1600 3657 1662 3729 ipse
1687 3656 1872 3712 Bellarminus
1897 3656 1946 3711 lib.
1973 3658 2009 3713 de
2036 3662 2111 3715 notis

412 3745 528 3801 tentiam
547 3742 656 3798 concilii
673 3742 713 3796 sic
730 3742 940 3812 interpretatur,
968 3743 1045 3811 qnod
1062 3742 1200 3811 baptimo
1218 3761 1249 3797 re
1273 3744 1409 3800 ecclesiae
1425 3761 1449 3799 c.
1468 3752 1491 3801 9.
1512 3745 1598 3799 rerba
1612 3742 1707 3797 Procli
1723 3743 1835 3813 allegat.
1862 3741 1932 3797 Cum
1948 3760 2014 3800 rora
2032 3747 2109 3815 dicit,

413 3831 479 3900 ipsa
497 3829 635 3883 tollantur
653 3828 748 3882 omnia
761 3838 893 3898 peecata,
910 3830 953 3883 ita
969 3836 1000 3882 ut
1016 3846 1072 3882 non
1089 3829 1180 3883 solum
1192 3847 1249 3883 non
1273 3838 1419 3901 peccatum
1441 3831 1546 3893 virere,
1578 3831 1607 3884 id
1630 3828 1766 3884 intellexit
1790 3845 1907 3900 regnare
1926 3836 1955 3883 et
1972 3830 2110 3888 dominari

412 3915 598 3985 imputentur,
634 3916 687 3971 scd
719 3931 770 3968 nec
798 3916 849 3980 sit,
880 3917 957 3984 quod
986 3916 1124 3985 imputari
1149 3917 1248 3986 possit.
1274 3917 1357 3971 etiam
1376 3915 1406 3971 in
1422 3916 1541 3985 renatis,
1564 3922 1595 3969 ut
1618 3922 1678 3968 tum
1698 3932 1731 3969 ex
1749 3916 1900 3969 assertione
1917 3914 2024 3981 Procli,
2048 3925 2110 3973 tum

413 4001 616 4057 ”conferatur
641 4000 793 4072 Gregorius
817 4001 1068 4058 davdaniam.
1089 4008 1113 4057 2.
1134 4003 1247 4074 dispe.
1274 4004 1357 4057 etiam
1386 4018 1421 4057 ex
1449 4002 1628 4074 responsione
1654 4000 1787 4054 Meth0dii
1817 4001 1892 4071 apud
1919 3994 2109 4072 Epiphaniam

414 4088 449 4143 de
468 4094 539 4159 grat.
574 4087 703 4142 Becanus
726 4092 798 4156 part.
819 4093 843 4142 2.
867 4093 947 4143 tract.
967 4094 991 4142 4.
1016 4087 1051 4143 de
1068 4087 1160 4159 gratia
1178 4107 1204 4161 q.
1225 4095 1247 4145 1.
1274 4088 1334 4142 laco
1357 4089 1441 4144 citato
1468 4089 1535 4143 satis
1553 4092 1670 4143 constat.
1707 4085 1752 4140 Sic
1772 4086 1845 4140 enim
1863 4085 1911 4140 ills
1928 4104 1955 4156 p.
1977 4094 2040 4144 162:
2065 4093 2110 4145 Ne

413 4172 543 4228 Costenrs
563 4174 592 4227 in
610 4173 744 4230 enchirid.
768 4172 803 4229 de
820 4179 927 4243 peccat.
948 4173 1046 4245 origin.
1066 4192 1131 4245 pag.
1151 4177 1248 4232 394.**
1273 4176 1385 4229 tabee
1404 4176 1486 4228 bomo
1509 4175 1615 4227 malum
1636 4173 1794 4226 immortale
1813 4180 1962 4239 peccatum
1980 4179 2110 4243 praeda·

413 4256 541 4313 Ceterum
559 4258 881 4330 antequamadexsmen
895 4265 1120 4330 argumentorum
1135 4261 1247 4318 descen·
1274 4262 1398 4330 minans,·
1433 4260 1478 4314 hic
1494 4277 1559 4316 vero
1575 4277 1602 4330 p.
1622 4264 1685 4315 l'll:
1718 4258 1753 4311 Si
1773 4259 1840 4311 tuiis
1864 4264 1904 4312 est
1919 4269 2026 4315 natura
2045 4280 2109 4319 car-

412 4343 518 4410 damus,
537 4345 690 4400 evolvenda
707 4351 750 4400 est
768 4344 947 4416 ambiguitas,
967 4362 1039 4415 quae
1058 4346 1167 4402 latetin
1180 4365 1248 4403 voce
1273 4347 1331 4416 nis,
1357 4354 1388 4399 at
1407 4346 1463 4413 lapi
1479 4347 1540 4400 Dei
1563 4345 1667 4414 arbjici
1683 4353 1817 4412 nequeat,
1840 4348 1979 4413 quomodo
1997 4349 2111 4404 Paulas

411 4430 529 4503 peccati.
563 4430 635 4485 Eam
655 4447 721 4485 vero
746 4431 838 4487 verbis
856 4430 1005 4486 Cassandri
1028 4432 1057 4486 in
1075 4434 1193 4489 consult
1212 4434 1247 4490 de
1273 4434 1415 4498 bortatur,
1434 4449 1490 4485 non
1506 4439 1604 4501 rayner
1620 4440 1767 4501 peecatum
1785 4437 1838 4485 etc.
1871 4449 1898 4502 p.
1921 4435 1977 4487 173.
2000 4435 2111 4506 probat,

410 4518 531 4588 August
560 4516 675 4572 confess.
703 4523 755 4573 art
787 4522 811 4575 2.
835 4517 988 4589 expositam
1018 4518 1164 4576 dabimus:
1199 4523 1247 4576 Ea
1273 4520 1354 4573 toties
1378 4535 1491 4573 comem
1516 4518 1632 4586 subjici,
1664 4519 1771 4587 quotics
1797 4518 1956 4571 actualibus
1984 4526 2112 4589 peccatis

412 4603 570 4672 Augustino
592 4603 704 4674 (inquit)
729 4611 756 4657 ct
774 4604 893 4675 reliquis
912 4605 1109 4660 eccimiasticis
1128 4608 1248 4677 canpto·
1273 4624 1328 4660 non
1346 4606 1486 4673 indoleat,
1512 4622 1568 4658 nan
1581 4612 1668 4672 paret
1686 4604 1865 4672 scortationi,
1883 4605 2010 4674 dediciis,
2030 4625 2111 4664 omne

411 4692 490 4745 ribus
514 4688 652 4757 conuenit,
678 4691 933 4759 concupiscentiam
957 4692 1041 4747 ctiam
1057 4702 1124 4762 past
1143 4694 1248 4762 bapts's-
1273 4694 1347 4747 enim
1364 4690 1473 4763 peccati
1489 4690 1613 4743 studium
1625 4706 1681 4759 per
1699 4706 1825 4757 carnem,
1843 4695 2111 4750 consummationem

411 4796 486 4832 mum
507 4776 647 4844 reliquum
672 4779 831 4845 apostolum
850 4787 875 4832 ct
894 4795 956 4832 snm
974 4787 1099 4834 secudum
1114 4780 1248 4850 Augusti·
1273 4779 1404 4851 acquirit.
1435 4797 1462 4849 p.
1485 4783 1549 4832 175:
1570 4778 1628 4830 [aa
1652 4776 1874 4846 Spiritrn'aitae
1891 4793 1948 4845 par
1967 4778 2111 4835 Christum

411 4882 478 4918 num
496 4869 644 4932 peccatum
667 4879 865 4933 nonnunquam
894 4865 1059 4935 appellare,
1084 4884 1139 4938 non
1163 4868 1248 4921 modo
1269 4868 1384 4939 penitus
1408 4872 1556 4935 peccatum
1587 4881 1710 4933 regnans
1741 4863 1772 4917 in
1803 4881 1887 4918 corna
1915 4867 1989 4921 uicit.
2028 4867 2111 4924 Haec

412 4951 481 5019 quia
498 4966 531 5004 eu
543 4956 660 5020 peceato
677 4949 761 5012 facta
780 4959 833 5019 eet,
857 4954 910 5006 sed
928 4952 997 5021 qaia
1017 4960 1058 5005 est
1074 4953 1166 5015 fornes
1181 4971 1249 5023 pec-
1274 4952 1446 5025 Epiphanius
1465 4966 1499 5005 ex
1519 4949 1660 5006 Meth0dio
1682 4956 1779 5005 contra
1796 4948 1942 5019 Proclum;
1960 4952 2022 5023 quis
2042 4971 2111 5010 vero

412 5037 472 5089 eati
492 5043 518 5089 et
539 5035 726 5090 dominationi
747 5038 846 5089 mentis
870 5039 984 5094 resistit.
1021 5036 1103 5093 Certe
1128 5040 1249 5111 insignis
1272 5046 1394 5097 neruum
1416 5043 1561 5107 peccatum
1588 5037 1619 5091 in
1640 5036 1742 5091 renatis
1765 5035 1857 5091 adbuc
1877 5054 1994 5109 regnare
2015 5045 2043 5094 et
2062 5042 2110 5097 do-

327 5191 333 5204 ·
412 5122 558 5192 tbeoiapus
581 5128 679 5191 aperte
703 5121 817 5185 amerit,
846 5124 931 5176 ctiam
956 5124 988 5177 in
1011 5126 1119 5178 renatis
1136 5142 1249 5182 manera
1273 5126 1370 5181 minari
1394 5122 1512 5178 asserit?
1542 5123 1771 5178 Messalianorum
1796 5123 1920 5178 haeresin
1946 5125 2111 5196 Alphonsus

407 5218 569 5277 peccatam,
595 5207 782 5263 etiamsinon
805 5208 958 5277 imputetur
983 5215 1036 5266 etc.
1079 5210 1113 5265 Si
1137 5214 1252 5281 peccati
1273 5214 1309 5267 de
1329 5211 1424 5266 Oastm
1446 5208 1494 5264 lib.
1514 5216 1538 5266 3.
1562 5209 1597 5265 de
1621 5208 1726 5264 haeres.
1754 5208 1797 5265 tit
1816 5209 1969 5281 baptismus
2001 5213 2041 5267 sic
2062 5215 2109 5270 de·

411 5295 551 5348 rationem
569 5295 599 5348 in
616 5295 684 5349 us'tio
701 5294 754 5349 iilo
772 5301 799 5348 et
818 5294 849 5347 in
872 5296 1035 5365 iniquitate,
1064 5297 1201 5365 languore
1224 5309 1250 5354 ct
1274 5297 1382 5355 scribit:
1402 5296 1577 5349 Messaliani
1596 5303 1705 5349 tantam
1723 5297 1778 5349 sim
1799 5297 1926 5350 orationi
1941 5298 2110 5369 tribuebant,

412 5382 508 5435 morbo
534 5382 702 5450 cortsiitaas,
727 5380 775 5434 cui
792 5379 903 5450 Spiritu
927 5382 1111 5436 resistendum
1137 5392 1190 5454 est,
1215 5403 1250 5439 ns
1274 5394 1304 5439 ut
1319 5383 1455 5452 baptismo
1474 5383 1659 5450 derogarent,
1676 5382 1811 5450 dicentes,
1830 5383 1940 5436 nudam
1958 5385 2110 5441 utilitatem

412 5467 529 5520 illicitos
549 5475 629 5520 actrss
652 5468 765 5535 gignat,
788 5483 844 5521 non
862 5466 955 5535 inepte
969 5477 1117 5536 peccatum
1135 5470 1248 5525 dicitnr.
1274 5469 1421 5542 baptisatis
1439 5485 1473 5521 ec
1490 5469 1625 5537 baptisma
1643 5471 1789 5533 accedere,
1812 5471 1863 5522 sed
1885 5470 1977 5523 solam
2001 5475 2108 5527 oratio-

414 5552 466 5605 Sin
480 5553 596 5620 peccati
611 5553 751 5607 rationem
771 5552 801 5606 in
824 5553 889 5622 spru
908 5553 1017 5622 offensa
1035 5554 1096 5608 Dei
1115 5565 1141 5609 et
1158 5566 1248 5624 reatu,
1273 5574 1335 5613 narn
1360 5555 1518 5610 studiosam
1551 5556 1712 5610 daemarm
1742 5556 1943 5609 inhabitantem
1972 5559 2109 5627 effugare.

412 5638 459 5690 cai
476 5655 508 5691 ec
525 5639 645 5694 adaerm
658 5656 755 5709 poena
772 5647 798 5693 et
817 5638 964 5692 mundio
982 5644 1144 5713 respondet,
1162 5644 1249 5698 sitam
1273 5643 1346 5708 Quid
1369 5658 1434 5698 raro
1456 5659 1520 5697 cum
1539 5640 1589 5696 illa
1607 5640 1713 5699 haeresi
1730 5641 1811 5698 nobis
1828 5658 1986 5711 commune,
2012 5645 2060 5715 qui
2077 5646 2108 5701 in

411 5724 570 5793 intelligas,
595 5744 652 5781 non
676 5735 717 5781 cst
736 5734 886 5797 peccatum
909 5726 941 5780 in
966 5730 1152 5800 reameratis,
1178 5731 1248 5801 qaia
1271 5729 1408 5803 baptismo
1423 5729 1518 5783 omnia
1534 5734 1651 5799 peccata
1668 5728 1772 5787 remitti
1791 5728 1926 5783 dicimus?
1965 5728 2109 5787 Nimirum

412 5808 470 5865 nisi
483 5810 616 5866 uoluntas
631 5813 660 5866 si
675 5815 844 5883 concutiat,
865 5814 907 5869 ud
918 5822 1067 5885 mutum
1083 5834 1141 5870 non
1159 5819 1247 5891 dapa-
1269 5816 1347 5874 idam
1362 5814 1445 5873 nobis
1459 5815 1596 5886 obiciunt
1611 5814 1759 5881 pontificii,
1774 5814 1851 5887 quod
1862 5815 2025 5888 Augustino
2039 5817 2111 5873 olim
