4800 6659
413 694 472 751 rec
1005 684 1507 772 noonsonemnsoomvns

411 847 512 897 natura
535 846 563 896 et
587 843 679 914 gratia
703 842 813 898 scribit:
835 843 971 911 deeidam,
994 844 1088 897 nescio
1107 860 1161 912 qao
1176 860 1245 912 pro·
1265 851 1428 911 parentiam,
1447 846 1514 914 arsia
1537 853 1718 915 pracceptum
1742 847 1778 899 da
1801 834 2029 900 arcancidsndo
2048 864 2105 900 noa

411 930 477 982 teeti
497 929 613 998 pietatis
640 930 764 997 obtenta,
794 930 887 983 dicere
906 931 1023 994 caelent,
1045 945 1167 998 pueros,
1196 930 1248 997 qui
1269 930 1411 999 obligabat
1427 933 1485 985 nisi
1501 933 1637 986 sesama
1654 933 1695 985 od
1712 939 1836 985 comeam
1851 932 1934 997 eliens,
1951 940 2105 1000 praetereo

411 1031 480 1066 casa
504 1015 600 1083 aliquo
624 1016 727 1085 amasse
745 1016 882 1085 baptismo
900 1018 1070 1082 moriantur,
1097 1015 1245 1069 nabitare·
1271 1017 1352 1070 Deus
1380 1019 1542 1087 specialiter
1569 1019 1743 1088 desponsavit
1772 1036 1843 1072 cusa
1853 1019 1929 1085 filiis
1952 1019 2050 1072 lereti
2075 1020 2105 1071 in

280 1104 340 1144 vm.
353 1101 399 1144 2⁵5·
412 1100 473 1152 mus
496 1101 694 1156 mberieordia
713 1095 790 1170 Dei,
812 1118 886 1170 qrsee
910 1104 1050 1168 desectum
1066 1102 1178 1171 supplet
1197 1103 1244 1155 ba·
1270 1104 1387 1160 deserta
1421 1102 1500 1159 Haec
1517 1103 1587 1160 Bieh
1622 1105 1662 1158 At
1678 1121 1753 1158 nunc
1769 1105 1860 1175 gratia
1879 1104 1931 1158 Dei
1952 1104 2057 1158 arctior
2076 1113 2104 1159 st

406 1187 513 1255 peieret,
532 1188 568 1239 ab
587 1187 723 1256 originali
734 1196 852 1255 peccato
869 1188 1003 1242 liberatos
1014 1189 1056 1241 ad
1066 1204 1182 1256 regnam
1192 1190 1244 1240 ad·
1269 1189 1426 1244 adstrictior
1443 1191 1471 1244 in
1487 1190 1664 1246 Testamento
1675 1189 1774 1247 Novo?
1796 1191 1931 1245 Albsrtus
1944 1190 2064 1261 Piggius
2076 1191 2104 1243 in
2142 1253 2150 1275 ο

387 1299 389 1303 >
410 1273 485 1326 mitti
505 1274 628 1329 coebste.
667 1279 759 1343 Atqrse
784 1274 860 1327 idem
884 1281 994 1327 censent
1015 1282 1073 1327 tam
1095 1276 1130 1327 de
1147 1274 1245 1343 prieris
1269 1281 1391 1331 controv.
1416 1282 1438 1331 1.
1464 1284 1492 1331 et
1516 1277 1686 1334 Sasonarola
1714 1277 1749 1331 de
1775 1275 1915 1345 triumpho
1938 1276 2030 1329 crucis
2054 1276 2102 1330 do

406 1360 471 1427 jam
488 1360 519 1411 in
537 1360 627 1413 lacem
644 1360 736 1428 editis,
755 1376 839 1428 psam
857 1361 893 1412 de
910 1358 979 1426 iltis,
997 1361 1048 1428 qui
1062 1360 1093 1413 in
1110 1360 1244 1413 maternis
1269 1369 1341 1422 cent.
1363 1363 1489 1430 insontes
1507 1365 1568 1418 aas
1586 1363 1723 1434 baptismo
1742 1362 1890 1416 mna
1906 1363 2023 1424 saturos
2038 1370 2104 1429 post

410 1446 499 1498 uteris
513 1454 576 1498 ante
594 1446 666 1498 lueis
683 1462 797 1499 usuram
814 1446 851 1498 de
868 1445 926 1497 sita
944 1445 1089 1499 deccdsaent.
1123 1448 1161 1498 Et
1177 1463 1243 1514 φω-
1263 1448 1408 1515 judiciam
1428 1449 1522 1503 beatos
1544 1450 1674 1503 naturali
1699 1449 1870 1502 beatudine
1886 1458 1913 1501 et
1932 1450 1961 1500 in
1979 1450 2105 1516 quodam

409 1532 488 1583 niens
505 1533 540 1583 de
556 1531 609 1582 hac
626 1548 657 1584 re
666 1548 722 1600 per
735 1549 788 1585 oro
804 1531 881 1598 eselci
899 1531 1097 1595 circumfertur
1115 1531 1244 1585 doctissi-
1268 1534 1343 1587 celat
1356 1535 1500 1603 paradiso
1525 1537 1654 1589 terrestre¹
1665 1543 1803 1605 perpaao
1815 1534 2001 1602 feliciterque
2017 1536 2105 1587 aicta

409 1634 471 1669 mas
490 1616 656 1683 Caietanas,
680 1616 762 1670 illam
779 1617 905 1680 nomino,
929 1633 1010 1686 quern
1026 1634 1134 1687 semper
1152 1625 1244 1671 monn
1269 1636 1329 1687 ros,
1349 1636 1418 1690 quos
1437 1620 1489 1674 hoo
1507 1621 1617 1675 nomine
1635 1621 1788 1674 insectatur
1803 1620 1988 1675 Bellarminus
2008 1620 2057 1676 lib.
2078 1625 2103 1674 6.

409 1721 466 1757 non
493 1704 552 1755 nisi
576 1704 690 1756 lionoris
712 1704 809 1772 potia
834 1702 981 1755 nominare
1005 1704 1097 1770 soteo,
1122 1703 1148 1755 is
1170 1704 1243 1756 enim
1268 1705 1304 1760 de
1319 1705 1410 1760 amisa.
1429 1714 1500 1777 grat
1519 1712 1549 1760 et
1567 1712 1631 1762 stat.
1650 1706 1758 1776 peccati
1776 1722 1800 1760 c.
1814 1712 1915 1763 houm
1927 1705 2104 1760 lombardus

409 1791 485 1843 alias
522 1791 655 1859 pressorio
696 1791 773 1844 omni
812 1790 980 1843 msctordate
1017 1790 1119 1858 dignas
1156 1806 1243 1859 saper
1267 1790 1316 1844 lib.
1334 1798 1358 1846 t.
1378 1798 1446 1846 sent
1466 1790 1529 1849 dist.
1551 1798 1572 1848 1.
1589 1792 1630 1846 lit.
1644 1792 1677 1846 L.
1691 1792 1858 1863 scripsisset,
1878 1793 2018 1860 parasitos
2037 1800 2102 1846 aste

410 1884 513 1944 preat.
532 1878 573 1928 68,
588 1884 667 1944 part.
687 1879 714 1932 3.
740 1877 809 1945 (sab
828 1876 999 1930 correctione
1016 1884 1108 1930 tamen
1127 1883 1154 1929 et
1170 1893 1242 1946 cuae
1268 1878 1433 1946 baptisrrsom
1464 1880 1612 1942 &sanctos
1640 1880 1757 1946 persi-e,-
1792 1877 1910 1932 facultas
1939 1878 2103 1933 Parisiensis

409 1980 463 2015 aaa
494 1970 555 2016 erat
583 1964 722 2016 modestia
749 1980 783 2016 ac
813 1963 928 2031 religio,
958 1963 1031 2016 nibil
1054 1965 1242 2032 pertinaciter
1267 1963 1408 2018 ascribit:
1436 1965 1492 2017 Hic
1510 1965 1645 2033 magister
1664 1982 1720 2018 non
1737 1973 1853 2018 tenetur.
1888 1963 2012 2018 Thomas
2030 1983 2057 2035 p.
2077 1971 2101 2021 3.

409 2049 578 2113 asserendo)
593 2056 738 2116 atrumque
755 2064 805 2102 cers
817 2047 966 2117 probabile
978 2049 1097 2118 profert,
1115 2048 1158 2102 ait
1168 2048 1241 2101 enim
1267 2065 1293 2120 q.
1315 2055 1358 2105 68.
1377 2055 1430 2103 art
1451 2056 1490 2105 11.
1516 2049 1552 2104 ad
1574 2055 1601 2104 1:
1627 2050 1717 2102 Pueri
1736 2050 1766 2102 in
1784 2052 1871 2102 uteris
1891 2051 2028 2103 metante
2045 2068 2103 2104 aon

409 2142 462 2187 art.
488 2139 514 2186 2.
539 2151 622 2201 qoam
644 2134 673 2186 ia
697 2152 764 2187 casa
787 2134 973 2200 mansdatis,
1000 2150 1097 2203 nempe
1116 2133 1166 2187 abi
1184 2150 1240 2186 nou
1262 2143 1383 2204 poseant
1400 2135 1505 2203 sabjs'ci
1520 2136 1628 2189 omioni
1646 2136 1798 2203 hasnanae,
1812 2143 1848 2188 at
1862 2152 1917 2203 per
1936 2152 2032 2189 mas
2052 2136 2102 2188 mi-

408 2228 448 2274 ssi
465 2237 556 2288 aquae
572 2221 670 2289 eopia,
688 2221 865 2274 adsalutem
876 2238 1034 2290 puerorum
1055 2225 1099 2284 (et
1116 2220 1241 2289 monitae
1267 2221 1412 2274 nisteriam
1429 2229 1607 2274 sacramenta
1624 2220 1776 2289 recipiant,
1791 2229 1910 2289 possm
1927 2230 2021 2274 tamea
2039 2221 2102 2275 aab

408 2309 444 2360 eie
462 2306 530 2375 illis,
548 2307 597 2375 qai
608 2307 673 2375 jam
689 2308 752 2362 nati
768 2312 849 2373 mart)
865 2308 999 2376 sufficere
1010 2299 1123 2360 videtur
1135 2305 1239 2374 baptis·
1261 2308 1320 2376 jiei
1335 2308 1496 2376 operationi
1512 2309 1585 2368 Dei,
1610 2309 1690 2377 apud
1707 2325 1787 2376 oriem
1802 2308 1907 2377 oiwnt,
1926 2316 1959 2361 ut
1977 2310 2102 2377 qrwdaea

407 2410 469 2446 osas
495 2395 525 2446 in
547 2403 609 2447 voto
628 2402 793 2462 parentam,
815 2394 971 2463 praecipu-e
995 2410 1058 2446 cum
1081 2392 1178 2461 aliqua
1196 2408 1241 2445 ee·
1263 2393 1417 2462 pricilepio
1454 2394 1565 2462 gratiae
1602 2394 1850 2457 samtiticationem
1885 2402 2101 2463 consequantur.

408 2480 506 2534 teriori
531 2482 621 2549 signo.
663 2481 703 2534 Et
727 2482 905 2550 postmodam
928 2488 982 2534 art.
1002 2481 1043 2535 11.
1068 2480 1151 2533 addit
1174 2480 1241 2543 (ereb
1268 2477 1361 2550 Atque
1384 2478 1454 2534 haec
1478 2479 1514 2534 ds
1538 2478 1704 2534 necessitate
1722 2479 1861 2549 baptimi.
1895 2479 2101 2535 Poenitentiam

408 2570 505 2620 earam
524 2568 661 2632 censura)
674 2566 813 2633 pascales
834 2568 864 2621 ia
882 2566 1018 2619 maternis
1029 2565 1117 2618 uteris
1126 2565 1242 2634 pericti-
1269 2565 1397 2620 omnibus
1420 2565 1449 2619 in
1472 2574 1589 2636 peccata
1605 2563 1741 2635 prolapsis
1759 2565 1942 2620 neceesarium
1959 2584 2020 2622 esse
2037 2583 2102 2622 oon·

408 2662 499 2707 tasstes
518 2669 605 2721 posse
626 2654 699 2720 pari
717 2654 802 2705 modo
827 2651 938 2704 salvari
953 2668 1010 2719 per
1035 2659 1242 2704 sacramentam
1267 2651 1399 2716 ccdimus,
1429 2668 1604 2723 nequaquam
1628 2667 1693 2705 vero
1711 2668 1762 2722 per
1780 2668 1841 2706 eam
1854 2652 2042 2723 ‘intelligimus
2058 2670 2100 2708 sa·

409 2738 541 2807 baptismi
563 2738 594 2789 in
613 2746 675 2790 voto
689 2744 839 2805 perentam
855 2754 918 2789 cum
935 2736 1035 2807 aliqua
1052 2737 1242 2791 benedictione
1267 2745 1436 2794 aramentum
1454 2740 1641 2810 poenitentiae
1657 2740 1686 2793 in
1704 2737 1852 2794 sufficienti
1865 2740 2031 2795 contritione
2043 2742 2100 2812 plo

325 2824 327 2829 ’
376 2817 382 2828 ’
407 2842 457 2879 sea
475 2823 615 2877 oblatione
634 2823 724 2891 ipsias
740 2825 782 2876 ad
794 2826 888 2876 Deam
906 2841 967 2876 cum
984 2824 1157 2878 inuocatione
1178 2822 1241 2875 Tri-
1267 2827 1346 2880 naria
1365 2830 1541 2895 peecatorum
1555 2826 1760 2881 enumeratione
1772 2832 1800 2880 ct
1811 2824 1897 2895 digna
1909 2827 2100 2883 satisfactione

407 2912 519 2979 nitatis,
546 2911 618 2962 sicut
646 2909 782 2978 dioimsss,
807 2910 910 2978 inquit,
933 2912 968 2961 de
982 2910 1094 2979 poeta,
1118 2910 1167 2979 qni
1183 2927 1241 2963 noa
1266 2910 1428 2978 consistens,
1447 2912 1492 2965 cui
1509 2912 1683 2982 postmodum
1691 2910 1841 2981 judiciaria
1854 2912 2007 2967 sacerdotis
2019 2913 2099 2967 abso

403 3004 522 3068 possunt
548 2996 695 3065 baptisari.
720 3055 722 3061 Α
744 2998 784 3050 At
811 3012 877 3050 uero
903 2996 984 3049 saba
1012 3013 1121 3065 semper
1146 2997 1243 3051 cointii
1266 2998 1335 3053 latio
1354 2997 1479 3065 accedat,
1498 2999 1546 3052 sed
1566 2998 1702 3052 internam
1719 3004 1748 3052 et
1765 2996 1863 3052 seriam
1875 2998 1912 3051 ad
1924 2997 2016 3052 Deum
2034 3015 2098 3055 con-

408 3084 532 3138 doctoris
553 3083 735 3150 auctoritate,
758 3082 836 3136 baad
852 3084 949 3136 doato
967 3090 1242 3153 ntransqaepartem
1266 3083 1419 3139 versionem
1444 3083 1472 3136 in
1499 3098 1565 3137 vera
1588 3083 1767 3150 contritione,
1785 3082 1841 3137 tide
1860 3091 1888 3139 et
1906 3084 2099 3141 emendatione

408 3171 549 3241 opinionis
566 3187 634 3222 snae
652 3186 711 3223 esse
727 3170 846 3235 falsam.
881 3168 960 3223 Haec
979 3167 1069 3223 Sotus.
1104 3168 1241 3239 Cajetano
1266 3169 1347 3223 vitae.
1382 3167 1592 3222 Absolutionem
1616 3168 1767 3222 sacerdotis
1785 3169 1886 3239 requiri
1905 3170 2024 3225 dicimm
2043 3189 2100 3228 non

407 3263 502 3312 tamen
528 3255 715 3310 assentiuntur
732 3255 910 3309 Tilemannus
929 3254 1122 3325 Sigebergem.
1140 3254 1187 3310 lib.
1206 3255 1242 3308 ds
1267 3254 1393 3309 obsolute
1409 3258 1438 3308 st
1455 3253 1624 3324 simpliciter,
1648 3259 1691 3320 (ut
1707 3254 1891 3309 Bellarminns
1910 3257 2024 3327 quidem
2043 3265 2099 3313 sta-
2112 3264 2149 3306 vu

407 3360 521 3398 sacram.
550 3359 574 3395 c.
601 3346 622 3395 l.
676 3340 797 3395 Thomas
820 3340 924 3394 Elisiua
951 3341 979 3393 in
1008 3340 1107 3410 clypeo
1131 3340 1241 3410 piorum
1264 3341 1320 3395 tuit
1342 3340 1478 3405 scribens,
1502 3341 1639 3409 quosdam
1663 3357 1726 3392 cere
1750 3342 1781 3395 in
1798 3341 1938 3396 aratam
1956 3347 2100 3399 medentes

405 3430 468 3485 adv.
487 3427 592 3484 haeres.
611 3444 637 3497 q.
654 3432 692 3481 11.
713 3433 765 3480 art.
779 3432 804 3481 3.
825 3425 928 3496 Georg.
947 3425 1104 3479 Cassander
1115 3424 1150 3479 de
1162 3425 1239 3494 bapt.
1266 3427 1296 3478 in
1313 3434 1455 3479 naeniam
1477 3426 1585 3493 perire,
1609 3427 1686 3493 qnod
1702 3434 1767 3480 ants
1781 3428 1953 3498 matur,
1979 3448 2065 3499 ossam
2081 3450 2099 3484 a

406 3516 504 3569 infant.
530 3521 601 3584 part.
628 3519 649 3568 1.
673 3529 789 3583 quorum
814 3512 979 3566 sententiam
1004 3511 1057 3565 etsi
1079 3510 1240 3581 Alphonsus
1265 3514 1411 3566 smerdem
1435 3512 1542 3564 absolsi
1560 3520 1724 3580 potuerant,
1759 3513 1807 3570 lib.
1825 3520 1849 3569 3.
1874 3514 1910 3568 de
1927 3532 2007 3585 poen.
2029 3535 2054 3572 c.
2073 3524 2097 3574 ³.

406 3603 456 3657 lib.
475 3607 499 3657 3.
519 3600 582 3654 adv.
600 3598 707 3653 haeres.
725 3596 810 3652 verbo
830 3596 986 3666 baptismus
997 3596 1101 3653 haeres.
1115 3602 1139 3652 9.
1159 3596 1241 3668 Vega
1265 3615 1324 3669 arg.
1344 3602 1395 3664 7.),
1414 3598 1463 3651 ssd
1481 3597 1546 3651 fidei
1564 3597 1767 3653 confirmandae
1784 3601 1888 3672 gratia,
1913 3601 2030 3670 proinde
2050 3603 2097 3658 uhi

405 3687 455 3744 lib.
478 3695 503 3742 5.
528 3686 563 3740 de
583 3684 697 3755 justitia
718 3700 743 3737 c.
772 3689 810 3738 16.
834 3691 862 3738 et
878 3681 1063 3738 Bellarminus
1084 3683 1132 3740 lih.
1154 3690 1179 3740 6.
1203 3683 1240 3737 de
1265 3684 1344 3738 deest
1360 3683 1484 3738 minister
1502 3684 1661 3750 absolvens,
1686 3685 1775 3755 isqui
1790 3703 1883 3741 reram
1894 3688 2093 3757 poenitentiam

406 3776 498 3831 amics.
520 3772 626 3843 gratioe
650 3776 679 3825 et
698 3775 773 3823 statu
792 3772 901 3839 peceati
919 3786 980 3841 cap.
999 3775 1022 3825 2.
1044 3776 1160 3841 carpant
1179 3776 1239 3825 tan·
1265 3771 1333 3841 agit,
1349 3770 1386 3825 ab
1404 3770 1464 3841 ipso
1483 3772 1542 3823 Deo
1560 3770 1665 3824 absolvi
1682 3772 1836 3826 censendus
1853 3781 1902 3827 est
1938 3780 1962 3827 4.
1983 3778 2094 3830 thecia

405 3879 491 3934 quam
508 3878 526 3914 a
542 3857 626 3912 nimia
645 3873 713 3928 erga
731 3854 850 3911 infantes
866 3856 1054 3911 misericordia
1071 3857 1239 3928 proiectam3
1264 3858 1363 3924 datia,
1399 3857 1574 3925 confirmatio
1606 3865 1632 3909 ct
1662 3866 1783 3910 extrema
1809 3859 1902 3913 unctio
1935 3864 2096 3916 necessaria

405 3963 509 4020 negare
531 3952 625 4000 tamen
644 3960 698 3997 non
716 3948 848 4012 possunt,
866 3944 985 4013 gratiam
1004 3949 1033 3997 et
1051 3943 1239 4014 operationem
1264 3951 1328 3996 aare
1350 3945 1514 3996 necasitete
1541 3944 1628 3995 suedis·
1651 3946 1692 3995 act
1714 3944 1780 3996 beris
1807 3959 1867 3998 esse
1881 3948 1979 4013 posita
1998 3950 2095 4003 divina

405 4036 473 4089 DEI
489 4051 545 4088 non
561 4046 622 4085 esse
640 4028 800 4099 simpliciter
816 4029 996 4083 sacramentis
1013 4029 1170 4101 alligatam,
1189 4029 1239 4084 sed
1265 4028 1446 4081 institutione.
1481 4027 1702 4097 Respondemus:
1721 4028 1756 4083 de
1775 4028 1982 4087 confirmatione
2002 4042 2031 4088 et
2051 4052 2095 4089 ex·

404 4139 488 4193 posse
514 4137 547 4175 ex
573 4116 719 4189 privilegio
746 4132 829 4187 quem
847 4115 913 4169 velit
928 4132 945 4169 e
962 4113 1180 4171 Christianorum
1197 4116 1238 4170 in-
1265 4122 1353 4169 trema
1374 4115 1504 4169 unctione
1528 4132 1594 4168 suus
1617 4116 1670 4169 erit
1688 4114 1797 4169 dicendi
1815 4116 1899 4169 locus.
1936 4117 2096 4176 Sacramen-

405 4207 530 4265 fantihus
552 4210 617 4259 ante
640 4202 809 4273 baptismum
828 4199 1008 4256 morientibus
1025 4201 1084 4257 sine
1101 4201 1239 4272 baptismo
1265 4208 1325 4256 tum
1343 4200 1526 4256 eucharistiae
1544 4201 1720 4256 concedimus
1737 4201 1898 4255 Christianis
1918 4203 1980 4271 illis,
2001 4206 2050 4276 qui
2068 4224 2097 4261 se

406 4295 528 4360 salvare,
555 4292 672 4361 ideoque
697 4288 861 4344 Ambrosius
885 4285 1065 4356 catherinus,
1091 4288 1140 4359 qui
1158 4287 1240 4357 Csje-
1264 4286 1384 4358 probare
1407 4293 1537 4357 possunt,
1561 4304 1616 4340 non
1633 4286 1824 4350 arbitrarium,
1842 4289 1892 4341 sed
1911 4292 2095 4347 necmsarium

406 4386 503 4435 tanum
531 4379 646 4431 damnat
672 4382 705 4430 ut
722 4391 794 4429 nova
813 4379 841 4428 et
857 4373 940 4428 foeda
958 4380 986 4427 ct
1004 4373 1147 4429 catholicis
1165 4376 1239 4429 auri·
1265 4390 1326 4428 esse
1346 4380 1405 4427 tum
1429 4372 1536 4428 ratione
1558 4372 1698 4443 praecepti
1717 4374 1767 4428 troc
1784 4375 1889 4438 samec,
1915 4384 1974 4431 turn
1992 4378 2098 4434 ratione

407 4467 460 4522 bus
485 4465 591 4520 absona
620 4478 672 4516 neo
696 4459 812 4515 ferenda
835 4459 1082 4530 dogmatizantem,
1108 4460 1180 4515 libro
1204 4462 1240 4517 de
1264 4459 1350 4514 medii
1378 4459 1437 4513 sive
1458 4458 1594 4513 commodi
1619 4474 1652 4512 ex
1675 4458 1749 4513 illius
1776 4475 1826 4513 usu
1848 4460 1886 4513 ad
1909 4462 1970 4531 pios
1997 4464 2097 4519 radun·

406 4559 481 4609 statu
507 4565 655 4621 puerorum
672 4546 732 4601 sine
750 4545 826 4616 bapt
845 4546 1038 4600 decedentium
1058 4546 1187 4601 concedit
1203 4547 1240 4601 ad
1266 4546 1374 4614 danis,
1392 4544 1547 4600 absolutam
1567 4550 1658 4598 tamen
1678 4551 1707 4598 et
1722 4545 1873 4615 simplicem
1891 4549 2031 4617 quandam
2049 4549 2097 4604 hu-

407 4644 566 4706 ertremum,
584 4636 616 4689 e'n
632 4641 710 4687 atero
729 4633 888 4687 crassantes
901 4632 1034 4701 baptismi
1045 4633 1174 4701 ytaminis
1193 4651 1240 4687 ca·
1263 4634 1310 4702 jus
1330 4632 1495 4687 sacramenti
1513 4632 1703 4686 necessitatem
1718 4647 1773 4684 non
1787 4632 1971 4701 agnoscimus,
1990 4651 2055 4689 cum
2068 4636 2098 4689 in

402 4742 490 4795 paces
517 4740 588 4787 esse,
614 4721 682 4790 quia
703 4720 786 4773 nulla
809 4718 929 4786 amciter
954 4719 1078 4773 hamana
1102 4720 1240 4787 operatio,
1267 4735 1334 4773 casu
1351 4717 1514 4788 privationis
1532 4718 1623 4770 locum
1641 4715 1743 4771 habeat
1755 4718 1823 4772 illud
1836 4719 1996 4790 Augustini,
2014 4723 2097 4775 crede

406 4828 457 4865 aec
482 4810 579 4881 effispit
602 4814 734 4861 mentera
751 4805 814 4859 alla
828 4805 1039 4873 procidentiam
1057 4814 1084 4859 et
1100 4807 1240 4875 operatio-
1266 4813 1293 4859 et
1323 4807 1510 4859 asandacasti,
1555 4804 1609 4858 Sed
1637 4804 1795 4872 audiamus,
1822 4806 1890 4875 quid
1912 4806 2097 4864 Bellarminns

405 4917 468 4952 nem
492 4898 558 4960 Dei,
582 4909 653 4964 auae
670 4894 734 4947 sola
751 4892 824 4945 satis
842 4900 881 4945 est
899 4892 930 4946 in
950 4893 1088 4961 baptismo
1103 4893 1238 4961 flaminis.
1265 4890 1312 4946 hic
1332 4891 1362 4944 in
1384 4891 1465 4946 nobis
1490 4891 1634 4945 desideret
1678 4890 1875 4958 Convenimus,
1893 4892 1996 4964 inquit,
2021 4898 2098 4964 qrsod

406 4984 491 5056 Hugo
519 4983 555 5038 da
579 4981 694 5037 Victore
719 4978 823 5034 citante
849 4976 957 5034 Thonis
980 4984 1006 5035 t.
1031 4985 1101 5034 sent
1127 4979 1189 5035 dist
1217 4986 1238 5035 1.
1266 4978 1436 5031 ambaristia
1452 4979 1490 5031 sit
1508 4979 1538 5030 in
1556 4985 1715 5046 praecepto,
1735 4981 1788 5031 sed
1798 4979 1875 5046 prod
1886 4980 2096 5036 sitoecessaria

406 5089 433 5142 q.
454 5077 477 5126 3.
502 5068 616 5124 asserit:
646 5068 771 5131 infantes
796 5065 974 5119 Judaeorom
1002 5066 1150 5120 morientes
1175 5073 1240 5120 ante
1266 5067 1308 5118 ad
1332 5066 1398 5117 bene
1425 5080 1483 5117 esse
1506 5072 1537 5117 ot
1555 5064 1688 5131 namara,
1715 5065 1844 5137 ademar
1860 5066 2020 5131 convenire,
2047 5070 2098 5123 sed

353 5182 357 5188 ·
406 5160 482 5211 diem
501 5164 636 5224 caesara,
655 5153 705 5221 qui
721 5151 887 5204 circumcidi
898 5158 1121 5220 neapotasront,
1138 5153 1240 5206 nibilo-
1265 5152 1363 5220 reipsa
1386 5168 1442 5204 non
1467 5151 1648 5204 eoneesrimres.
1690 5151 1763 5202 Nam
1786 5153 1883 5204 (heard
1902 5153 2014 5219 maleas
2033 5154 2097 5209 Cal·

405 5245 497 5297 minas
521 5244 614 5309 fcisse
637 5247 778 5307 seroetos3
804 5237 879 5310 quod
905 5236 1050 5292 confirmat
1076 5238 1241 5293 testimoniis
1265 5238 1346 5290 ornos
1362 5238 1392 5290 in
1405 5237 1539 5290 Antidota
1558 5243 1584 5287 et
1598 5234 1771 5288 Chemrricins
1785 5238 1815 5290 in
1829 5238 1982 5306 Ecaminc,
2000 5256 2097 5296 saera

405 5324 734 5385 mansuescente
752 5322 914 5380 Salomonis.
943 5323 1006 5378 Biel
1018 5330 1042 5379 4.
1055 5329 1124 5394 sent
1139 5324 1202 5380 dist
1217 5331 1239 5380 1.
1264 5332 1358 5400 menta
1376 5340 1434 5376 esse
1453 5323 1612 5376 necessaria
1633 5330 1662 5375 at
1680 5322 1776 5376 radio
1794 5341 1813 5375 a
1832 5322 1943 5377 Christo
1962 5324 2097 5395 institiae,

406 5434 432 5487 q.
450 5424 481 5472 t:
506 5418 553 5469 De
565 5413 666 5482 pueris
687 5418 752 5464 ante
770 5409 1008 5463 circumcisionem
1024 5411 1150 5481 quidam,
1165 5412 1240 5466 irstsr
1265 5411 1317 5465 sed
1339 5410 1412 5463 inter
1438 5410 1637 5478 amplicandam
1664 5408 1706 5461 ita
1727 5417 1873 5462 extenuant
1890 5410 1962 5463 hanc
1981 5415 2096 5468 omasi-

406 5521 476 5571 qaos
493 5502 634 5568 Maps'ster
656 5495 866 5566 (lombardus),
888 5496 1032 5566 dicerunt,
1056 5499 1133 5567 quod
1145 5499 1238 5567 peric·
1265 5505 1358 5565 tatem,
1377 5504 1409 5548 at
1425 5513 1488 5549 eam
1498 5497 1566 5563 scre
1584 5495 1693 5550 tollant.
1722 5495 1823 5549 Volent
1837 5498 2097 5554 enimsacrameata

405 5597 485 5657 runt,
507 5590 561 5642 sed
584 5588 636 5641 boc
652 5586 737 5640 nimis
755 5586 857 5638 aaron
874 5599 924 5636 aec
943 5584 1057 5637 veritati
1072 5602 1238 5651 consanam
1264 5582 1355 5636 solum
1378 5598 1437 5635 csse
1459 5582 1544 5634 estilia
1568 5584 1609 5634 ad
1629 5582 1762 5635 elevatam
1774 5584 1874 5651 firiaco,
1899 5586 1967 5650 qaia
1985 5602 2097 5656 reprae-

397 5677 526 5743 saissent
547 5677 622 5728 enirn
642 5671 789 5727 aaaron
804 5670 973 5723 conditiones
991 5671 1043 5722 sab
1056 5670 1116 5738 lepe
1129 5671 1240 5739 Moysis
1265 5677 1373 5723 sentant
1392 5668 1482 5722 acedia
1501 5668 1540 5733 id,
1559 5669 1637 5736 qaod
1654 5667 1767 5719 uerbum
1786 5669 1865 5737 offert
1884 5671 2097 5736 assidonensis

404 5780 490 5832 psam
509 5763 559 5815 aab
571 5743 639 5830 'lege
655 5768 776 5814 naturae
794 5765 820 5811 ct
837 5756 967 5810 reinititer
985 5773 1069 5824 oseam
1080 5757 1239 5825 scamellos,
1265 5754 1350 5824 Apol.
1373 5756 1494 5819 confess.
1518 5761 1573 5808 art.
1592 5756 1635 5809 13.
1654 5762 1800 5822 comparat
1817 5765 1993 5810 scaamenea
2005 5760 2098 5828 picta·

404 5852 471 5905 ideo
486 5850 572 5917 Hispa
590 5856 618 5902 et
629 5847 795 5902 Ateeoncer
809 5842 943 5917 (Menas)
963 5859 990 5912 p.
1003 5848 1029 5898 4.
1045 5858 1071 5911 q.
1084 5848 1108 5896 t.
1126 5843 1239 5899 membr,
1264 5856 1324 5897 rae.
1361 5840 1441 5894 &oret
1464 5857 1531 5907 erpo
1543 5840 1677 5908 picturae
1694 5856 1750 5893 non
1764 5847 1882 5909 possunt
1899 5841 1959 5896 dici
1972 5861 2097 5901 necm-

403 5944 430 5996 4.
453 5941 552 5993 mi.
575 5934 684 6002 Μ,
707 5930 920 6001 campanas·
943 5928 1238 6000 iiliaaloatiinjide
1262 5926 1326 5982 riae
1348 5928 1390 5981 asi
1414 5924 2098 6010 edessensisijortelsomiaibascutdmai·
