4800 6659
916 807 967 862 DE
986 805 1100 862 BONIS
1118 804 1315 866 OPERIBUS.
1921 826 1960 880 55

274 964 329 1019 Deo
349 972 510 1034 coronetur,
533 966 585 1020 hoc
604 970 646 1019 est
664 962 813 1033 multiplici
831 961 1025 1019 benedictione
1042 977 1101 1015 eor·
1130 962 1230 1033 positio
1254 963 1328 1018 hunc
1351 964 1435 1021 hebet
1465 981 1574 1020 sensum
1606 969 1672 1037 (quo
1693 965 1875 1023 Bellnrminus
1900 984 1961 1023 esm

271 1050 356 1121 porsli
375 1056 404 1105 et
420 1048 570 1121 spirituali,
592 1048 737 1120 temporali
759 1055 787 1103 et
805 1055 919 1103 esterno
937 1047 1101 1128 cumuletur.
1129 1048 1251 1120 accipit),
1271 1049 1346 1120 quod
1363 1050 1421 1104 vite
1438 1058 1550 1106 reterns
1567 1051 1676 1107 diestur
1692 1054 1790 1126 gretia,
1809 1054 1875 1125 quin
1888 1053 1962 1109 bons

271 1136 324 1190 Hui
347 1136 433 1192 affine
458 1141 502 1191 eet
524 1135 592 1190 illud
614 1134 715 1190 Christi
733 1133 831 1189 Mattb.
856 1141 885 1201 5,
910 1151 936 1187 v.
963 1140 993 1188 t:
1018 1134 1105 1189 Beati
1128 1150 1214 1204 opere
1232 1135 1350 1206 gratiam
1364 1136 1571 1206 justificationis
1590 1144 1686 1194 secute
1703 1146 1798 1195 tuntne
1826 1138 1882 1194 sint
1899 1156 1960 1210 per·

269 1225 475 1292 misericordes,
495 1224 627 1293 quoniam
644 1222 702 1292 ipsi
717 1221 914 1275 misericordia
932 1220 1101 1289 afficientur,
1127 1219 1255 1276 fectionis
1271 1222 1397 1293 tentique
1414 1223 1519 1288 meriti,
1541 1230 1573 1279 ut
1589 1224 1648 1279 vitu
1663 1231 1776 1280 murno
1797 1225 1863 1297 jure
1879 1232 1908 1282 et
1926 1243 1960 1281 ex

266 1308 318 1363 boc
336 1308 469 1364 estDeus
486 1307 701 1363 misericordiam
717 1306 839 1378 ipsorum
857 1307 885 1361 in
903 1306 956 1361 lrse
968 1304 1102 1360 etiuturu
1128 1305 1224 1360 debito
1242 1306 1281 1361 eis
1299 1307 1437 1377 reddatur,
1455 1315 1522 1364 tuno
1540 1309 1617 1364 selva
1636 1309 1859 1380 honorificentie,
1888 1328 1960 1383 quse

264 1396 324 1449 vite
341 1412 376 1480 er
393 1393 518 1468 grem
536 1393 723 1449 misericordia
740 1393 938 1464 compensabit
967 1391 1047 1457 Quod
1066 1409 1100 1446 ex
1111 1398 1114 1484 l
1127 1391 1287 1463 Augustino
1310 1394 1428 1449 debetur
1452 1394 1596 1467 eidemque
1617 1396 1730 1452 euobis
1755 1396 1892 1466 defertur,
1915 1416 1959 1453 ex·

264 1481 557 1545 misci-inofficiatur,
574 1479 710 1534 illudnon
723 1478 860 1551 contingit
872 1496 906 1535 ex
918 1478 1029 1533 meritis.
1060 1477 1289 1556 Atypoeitionem
1313 1496 1372 1535 eam
1395 1480 1559 1550 deserimus,
1588 1481 1654 1553 quis
1681 1482 1772 1555 gretie
1795 1482 1824 1537 in
1843 1482 1960 1538 srticnlo

263 1567 391 1638 praemis
413 1567 548 1623 bonerum
569 1583 682 1637 operum
707 1565 809 1620 dentur
831 1582 865 1621 ex
888 1564 986 1635 gratis
1023 1564 1099 1635 Ergo
1112 1559 1330 1633 ljustificctionis
1371 1571 1400 1620 ot
1439 1568 1551 1639 negotio
1585 1568 1683 1623 salutis
1714 1569 1807 1624 omniu
1848 1569 1959 1625 omnino

263 1671 321 1709 uon
333 1651 669 1725 propternostremerita
694 1651 998 1722 ExeipitBellurminus
1012 1650 1058 1705 lib.
1074 1658 1098 1705 5.
1127 1665 1240 1718 operum
1258 1652 1355 1706 merite
1374 1652 1509 1722 excludit,
1533 1661 1566 1709 ut
1587 1654 1656 1709 alibi
1672 1654 1815 1710 luculente
1838 1654 1959 1712 ostendi-

264 1740 303 1795 dc
325 1738 465 1810 justise
491 1745 515 1794 b.
546 1737 735 1809 Augustinum
758 1737 836 1808 epist.
859 1743 916 1793 lot.
938 1742 967 1791 et
988 1735 1035 1792 lib¹
1064 1736 1099 1792 de
1126 1752 1188 1789 mus
1209 1742 1237 1790 et
1253 1738 1398 1794 manifeste
1416 1738 1446 1792 id
1462 1738 1641 1794 conflrmsmr
1658 1758 1691 1795 ex
1700 1740 1815 1796 classico
1833 1742 1881 1798 illo
1897 1741 1960 1797 loco

262 1832 384 1896 corrept.
413 1830 443 1880 et
471 1824 562 1897 gretia
591 1841 616 1879 o.
648 1830 688 1879 13.
721 1824 788 1877 dues
825 1822 948 1877 indicere
977 1822 1098 1876 locorum
1127 1822 1244 1890 apostoli
1261 1822 1340 1878 Rom.
1363 1831 1408 1894 ll,
1435 1844 1460 1878 r.
1482 1831 1509 1879 6:
1538 1825 1748 1896 Sieuprats'a,
1773 1829 2078 1897 jammoneevnm

263 1912 382 1966 istorum
414 1910 610 1982 expositiones:
644 1916 665 1965 1.
692 1912 769 1979 quod
792 1910 933 1962 beatitudo
960 1907 1099 1962 tribuatur
1127 1909 1273 1976 operibus,
1298 1910 1409 1978 alioqui
1430 1912 1526 1977 gratia
1551 1929 1607 1964 mon
1634 1913 1688 1966 erit
1714 1915 1819 1983 qratia.
1863 1913 1898 1968 es·
1926 1929 1960 1966 ee

263 1998 498 2065 msbsricords‘ese,
520 2015 576 2051 nom
603 1994 1100 2074 quiastoueiteeramereesmeri·
1127 1993 1960 2069 operibru,jamnameet9ratia,alioquiopuessamerit

263 2085 300 2152 ti,
324 2086 379 2138 sed
395 2083 466 2153 quia
483 2083 584 2137 merito
601 2084 666 2153 ipsa
686 2099 720 2136 ec
737 2084 833 2151 pratia
851 2084 922 2135 data
941 2088 1018 2145 suat,
1043 2098 1100 2133 nors
1127 2096 1205 2147 opus.
1241 2084 1264 2136 3.
1285 2081 1339 2136 Sed
1357 2080 1429 2137 bene
1448 2081 1548 2152 hebet,
1573 2082 1646 2139 hune
1669 2084 1778 2157 gretine
1800 2091 1828 2140 et
1844 2101 1959 2157 operum

264 2173 338 2224 enim
352 2178 450 2242 potest
465 2171 546 2225 bomo
562 2166 709 2224 meritoria
719 2185 807 2238 opera
816 2170 931 2237 secere,
947 2168 1004 2221 misi
1018 2169 1100 2238 prius
1127 2165 1327 2236 oppositionem
1351 2167 1496 2223 confirmet
1517 2168 1579 2240 ipse
1601 2170 1776 2243 Augustinus
1800 2172 1847 2229 lib.
1873 2178 1896 2228 2.
1924 2172 1961 2229 de

263 2257 449 2326 justificentur,
471 2257 644 2326 §edificatur
666 2262 758 2308 autem
778 2271 811 2307 ee
834 2254 930 2322 pratia
948 2260 974 2306 et
991 2254 1100 2307 miseri·
1127 2258 1235 2322 peccet.
1254 2253 1366 2325 Origen.
1389 2272 1413 2310 e.
1431 2261 1477 2311 24:
1505 2256 1610 2311 Gratia
1634 2276 1690 2311 sau
1713 2266 1754 2311 eet
1777 2259 1874 2327 pratia
1899 2258 1961 2313 uilo

265 2345 370 2399 cordia
392 2345 461 2398 Dei
511 2346 539 2402 2.
564 2341 646 2404 Quod
668 2342 698 2394 in
722 2341 787 2410 ipra
813 2342 1002 2408 coronatione,
1028 2356 1100 2410 quae
1127 2340 1219 2407 modo,
1238 2339 1295 2392 eid
1309 2342 1348 2393 sit
1364 2342 1491 2409 gratuita
1508 2343 1585 2395 omni
1601 2345 1694 2397 modo.
1727 2344 1757 2398 in
1773 2342 1875 2400 Psulrm
1896 2348 1959 2398 144:

264 2448 372 2486 merces
388 2438 430 2484 ees
447 2429 548 2498 meriti,
568 2430 605 2483 eit
623 2429 707 2482 etiam
725 2427 922 2481 misoeieordia
933 2427 1100 2492 reeusaria,
1131 2426 1184 2478 Ubi
1200 2426 1287 2480 audis
1304 2428 1434 2496 qratiam,
1452 2430 1543 2496 pratis
1561 2430 1693 2499 intellige.
1726 2430 1760 2484 ss·
1777 2447 1844 2499 erpa
1861 2429 1960 2497 gratie,

266 2534 338 2586 quae
364 2524 487 2587 peecata
515 2514 640 2569 nemiaiia
670 2513 794 2581 remittit,
825 2513 885 2566 eise
910 2511 1010 2581 quibus
1027 2511 1102 2565 multi
1127 2512 1199 2566 nitu
1226 2520 1257 2566 tu
1283 2513 1418 2583 attulisti,
1448 2514 1519 2568 mbsb
1541 2516 1669 2569 meruisti
1676 2555 1683 2584 ,
1712 2534 1779 2570 uam
1804 2516 1833 2569 si
1851 2515 1960 2569 merdsb

264 2605 374 2674 sinunt,
406 2604 480 2657 bane
513 2610 606 2656 autem
636 2600 860 2654 mirericordiam
892 2599 1013 2656 debitam
1040 2614 1100 2652 esse
1127 2599 1242 2668 aliquid
1259 2601 1402 2654 redditum
1414 2610 1463 2668 eet,
1476 2620 1579 2657 merces
1597 2611 1713 2671 utnon
1728 2603 1922 2672 gratimtrect.
1935 2606 1961 2658 t.

266 2691 376 2744 meritis
391 2697 559 2757 caudarum,
577 2697 608 2741 ut
624 2706 681 2740 mars
698 2694 755 2739 tam
774 2686 894 2754 danari,
913 2702 998 2753 quam
1015 2683 1103 2737 reddi
1126 2684 1312 2742 intonsum:
1341 2687 1417 2750 Quid
1442 2696 1482 2741 eet
1502 2689 1617 2757 pratia?
1641 2690 1732 2758 gratis
1754 2691 1834 2744 data
1885 2688 1962 2752 Quid

266 2776 305 2829 sit
321 2776 456 2834 dicenda.
500 2780 524 2831 3.
542 2772 726 2828 Bellsrninns
747 2772 966 2839 adulterimo,
991 2769 1103 2823 etiami
1127 2779 1169 2824 est
1198 2772 1315 2840 qratia!
1341 2775 1433 2841 gratis
1466 2777 1581 2843 dertata,
1612 2793 1668 2830 mom
1696 2776 1821 2831 redditu
1859 2775 1894 2829 ss·
1910 2774 1961 2827 tibi

267 2864 323 2916 ista
342 2860 542 2917 misericordia
558 2879 614 2914 uon
632 2861 799 2913 redderetur
816 2859 935 2927 meritis,
963 2858 1016 2910 eed
1032 2864 1102 2909 esset
1127 2858 1293 2926 debebatur,
1316 2876 1420 2914 mercer
1435 2863 1552 2915 reddita
1568 2869 1620 2929 ed,
1647 2881 1703 2917 nos
1725 2863 1821 2931 gratia
1846 2863 1959 2917 amma.

265 2967 341 3019 pura
361 2946 577 3012 ms'eerieords'a,
602 2965 657 3000 nem
684 2953 775 3000 tamem
791 2946 939 3015 impediret
963 2944 1101 2998 rationem
1127 2960 1207 2998 serm.
1229 2951 1268 3000 15.
1289 2944 1324 2999 de
1340 2946 1415 3001 verb.
1439 2952 1542 3017 apost:
1562 2964 1619 3016 pro
1644 2948 1734 3002 ssibsbo
1754 2947 1849 3001 saluas
1866 2946 1960 3011 faciet

269 3038 363 3091 meriti
383 3037 415 3090 irs
436 3036 516 3089 bonis
534 3034 664 3103 operibus
696 3033 836 3086 bominum
851 3033 1008 3101 justorum,
1035 3048 1102 3083 eam
1126 3047 1181 3086 eos.
1224 3030 1301 3092 Quid
1321 3038 1376 3100 est,
1398 3049 1455 3100 pra
1479 3032 1568 3086 ssbsba
1585 3033 1809 3101 rabsessacies!
1832 3034 1905 3088 subii
1928 3034 1959 3087 ise

269 3123 420 3176 comitatur
444 3120 643 3174 misericordia
668 3136 800 3175 coronam
821 3118 945 3187 pieriae,
971 3118 1024 3170 sed
1045 3135 1101 3171 mou
1125 3118 1166 3171 eis
1185 3116 1307 3184 moenis,
1330 3119 1406 3171 unde
1427 3118 1534 3184 mices,
1561 3125 1587 3170 et
1608 3124 1701 3172 tamn
1719 3119 1822 3176 saluas.
1857 3118 1959 3174 Gratis

271 3217 309 3261 est
337 3209 404 3277 ipsa
431 3224 538 3262 oarmsa
565 3207 685 3275 proriae.
737 3204 848 3257 Corona
882 3202 998 3272 reepioit
1028 3203 1101 3256 bara
1126 3205 1197 3271 das,
1221 3203 1312 3272 pratis
1337 3203 1440 3258 salem.
1489 3204 1590 3257 Omnia
1611 3205 1712 3258 merita
1730 3205 1900 3273 praecedis,
1928 3212 1959 3258 est

269 3295 375 3363 nemea,
392 3292 591 3347 misericordia
607 3291 721 3361 respicit
727 3298 848 3359 peecata
861 3291 993 3344 venialia
1023 3289 1102 3344 Siout
1126 3291 1203 3344 dorsa
1234 3297 1283 3343 tssa
1313 3297 1517 3358 cousequantur
1545 3290 1646 3345 merita
1677 3298 1784 3345 embra.
1834 3292 1959 3346 Prorsus

271 3397 301 3434 ee
312 3389 400 3451 parte
421 3379 542 3435 tremissis
559 3387 623 3432 sunt
640 3380 712 3445 duo,
736 3377 808 3430 bema
824 3376 931 3430 sedicet
956 3376 1057 3429 merita
1076 3382 1101 3429 et
1124 3376 1217 3442 pratis
1234 3377 1306 3442 das,
1323 3375 1416 3444 pratis
1431 3374 1541 3441 caloae,
1567 3376 1636 3445 quia
1653 3376 1725 3430 mibsb
1743 3377 1866 3445 invenis,
1884 3378 1959 3430 uode

266 3475 382 3536 peecata
392 3465 527 3530 venialia,
538 3481 656 3534 quorum
668 3480 753 3516 ursum
765 3479 822 3515 mom
831 3464 950 3516 destruit
962 3462 1099 3526 aiterum
1124 3462 1230 3527 mirer,
1253 3468 1280 3515 et
1296 3461 1412 3515 multum
1428 3461 1553 3529 insesis,
1570 3464 1645 3517 uode
1665 3464 1789 3518 damme
1823 3479 1847 3519 e
1867 3462 1960 3536 gruis

270 3548 1957 3624 mmpnmndduosum,eormmplorimsasqunm1.q.1=6rariasorers9raes·n,euipruudemrss

270 3657 371 3694 meroes
397 3638 494 3693 oseriti
511 3645 539 3692 et
564 3636 763 3691 misericordia
795 3642 929 3705 tanquam
957 3633 1098 3687 indiciue
1124 3635 1290 3704 accipiatur.
1325 3640 1349 3689 4.
1371 3633 1453 3689 Unde
1470 3633 1634 3706 colligimus,
1653 3636 1764 3707 quando
1782 3636 1958 3707 Augustinus

267 3726 376 3794 pucati
396 3734 424 3779 et
445 3724 546 3778 borum
562 3724 646 3778 etiam
664 3724 784 3776 duorum
807 3739 892 3774 unum
908 3739 965 3775 aaa
982 3721 1099 3789 impedit
1124 3720 1205 3775 bonis
1222 3720 1352 3792 operibus
1370 3734 1403 3774 ex
1423 3720 1514 3791 grstin
1529 3721 1611 3777 fectis
1628 3722 1713 3777 vitam
1724 3728 1866 3778 ueternum
1878 3721 1958 3777 reddi

270 3813 356 3866 abiud
405 3812 483 3866 Nam
514 3810 541 3863 si
566 3810 694 3863 remissio
725 3808 781 3862 iiia
806 3808 886 3861 mistio
918 3808 1001 3861 modo
1028 3815 1099 3861 esset
1124 3805 1292 3876 pronuntiet,
1311 3805 1402 3877 ipsum
1419 3822 1595 3878 nequequam
1612 3807 1665 3863 hoe
1684 3824 1717 3864 eo
1736 3825 1957 3877 sensumserere,

271 3899 376 3965 debita,
404 3899 457 3951 sed
480 3896 592 3950 omnimo
618 3895 757 3963 gratuita,
779 3901 872 3963 patret
890 3894 1002 3962 quidem
1019 3895 1099 3947 Deus
1125 3907 1208 3963 quem
1224 3890 1410 3947 Belluninns
1433 3892 1486 3964 ipsi
1503 3893 1616 3962 t1ibuit,
1639 3894 1713 3966 quod
1729 3894 1805 3951 bens
1822 3911 1907 3966 opere
1925 3895 1954 3950 in

250 3986 406 4052 ‚restittaee
421 3990 541 4053 peecata
553 3982 608 4036 illa
619 3980 752 4045 venialia,
771 3981 823 4034 sed
833 3988 927 4033 tarsen
938 3996 987 4033 nee
995 3981 1099 4049 punire
1125 3995 1154 4034 se
1177 3994 1211 4033 ec
1234 3995 1284 4048 per
1308 3995 1339 4034 se
1364 3984 1460 4035 tantm
1477 3979 1533 4034 sint
1551 3979 1695 4052 dignitatis
1718 3982 1834 4053 ejusque
1857 3980 1957 4046 meriti.

269 4079 360 4141 possa
389 4068 450 4123 sei
475 4068 648 4139 temporaria
674 4082 778 4136 possea,
811 4083 872 4117 eum
903 4064 957 4119 sila
981 4075 1101 4136 metata
1125 4071 1157 4120 ut
1173 4065 1230 4119 viis
1246 4069 1361 4119 seems
1377 4063 1432 4119 illis
1453 4082 1487 4120 ex
1501 4065 1565 4134 jure
1585 4081 1619 4121 nc
1636 4066 1730 4122 debito
1749 4067 1786 4122 sit
1804 4066 1956 4134 reddenda,

272 4158 404 4227 majorem
438 4171 561 4224 poenum
589 4154 670 4222 justo
699 4151 815 4221 judieio
848 4169 903 4204 ron
932 4160 1099 4221 mereantur,
1125 4151 1197 4206 sicut
1225 4147 1346 4219 peeceu's
1371 4165 1443 4205 mors
1461 4156 1574 4207 setes-nu
1595 4151 1727 4223 debetur,
1755 4154 1805 4209 sed
1833 4153 1955 4210 ordinem

273 4244 361 4298 soluta
389 4258 458 4295 vero
479 4240 510 4295 im
535 4241 599 4310 ipsse
617 4239 789 4309 purgatoria
813 4237 868 4292 illa
892 4255 998 4308 poma,
1028 4240 1099 4293 bona
1125 4235 1320 4294 beneficiorum
1339 4235 1495 4292 divinorum
1513 4237 1638 4308 exponit,
1665 4240 1740 4310 quod
1758 4240 1836 4295 Deus
1855 4239 1956 4295 iubae

273 4329 367 4382 merita
390 4328 470 4396 justo
488 4327 603 4396 judicio
629 4342 762 4379 emonam
789 4323 870 4377 uuila
895 4339 927 4378 re
949 4325 1016 4393 jam
1048 4327 1098 4379 s'm·
1124 4323 1182 4377 vite
1199 4338 1249 4375 nos
1266 4319 1409 4391 justificet,
1428 4328 1542 4378 renovet
1560 4340 1594 4379 sc
1611 4340 1661 4394 per
1678 4323 1811 4396 Spiritum
1829 4330 1957 4381 sunctum

271 4416 395 4482 μαίωιο
415 4414 602 4483 perciperent.
643 4410 721 4467 Huee
741 4409 937 4475 Bellunum,
959 4427 1030 4483 quse
1050 4412 1098 4466 ud-
1124 4408 1160 4461 nd
1178 4407 1266 4462 omnis
1284 4407 1393 4480 generis
1411 4407 1486 4463 bons
1504 4425 1590 4480 opere
1606 4427 1656 4465 nos
1672 4410 1805 4481 impellet,
1823 4410 1956 4467 intutum

272 4500 388 4557 seribere
410 4497 549 4554 voluimus
577 4496 682 4563 omnis,
711 4501 743 4550 ut
766 4494 952 4566 pharisaicum
980 4494 1098 4551 hominis
1124 4494 1235 4548 demum
1263 4494 1321 4549 vits
1351 4493 1500 4566 glorificet,
1532 4494 1617 4566 idque
1642 4512 1724 4551 omne
1754 4502 1784 4553 et
1805 4502 1895 4552 tatum
1922 4515 1956 4554 ex

264 4585 447 4658 ‘supercilium
473 4601 508 4640 ex
532 4582 589 4638 illis
620 4581 751 4653 liquidius
780 4581 902 4652 conspici
927 4588 1035 4653 posset,
1056 4601 1097 4640 re·
1123 4580 1217 4652 gratie
1234 4586 1262 4636 et
1280 4580 1321 4635 sie
1338 4581 1456 4652 gratiem
1474 4598 1525 4653 pro
1541 4582 1633 4652 gretie
1651 4583 1764 4652 reddet,
1786 4601 1837 4654 per
1859 4583 1957 4640 merlis

269 4672 434 4744 spondemus
455 4676 563 4725 autem:
597 4675 617 4724 1.
640 4667 813 4738 Augustinus
841 4683 1017 4738 nequaquem
1044 4668 1097 4724 sibi
1124 4666 1255 4739 intelligit
1274 4667 1349 4722 bone
1365 4685 1458 4738 opere,
1478 4685 1530 4738 per
1548 4670 1703 4725 mercedem
1714 4670 1868 4739 gratuitum
1885 4670 1956 4726 illud

267 4758 378 4832 suisque
415 4757 525 4829 scrIptis
551 4755 736 4812 authenticum
773 4754 966 4810 auctoritatem
991 4754 1097 4823 tribuit,
1125 4753 1241 4817 donum,
1261 4754 1336 4825 quod
1357 4754 1434 4809 Deus
1453 4754 1524 4811 bene
1543 4755 1721 4825 operantibus
1738 4755 1838 4812 reddit
1853 4793 1855 4797 s
1873 4755 1956 4813 Hunc

218 4861 220 4884 ¹
265 4845 313 4900 sed
339 4844 436 4900 omnis
462 4861 514 4899 sus
542 4843 617 4898 dicte
633 4842 791 4913 Scriptum
814 4840 920 4910 judicio
951 4840 1095 4897 submittit.
1123 4856 1184 4896 esse
1202 4840 1352 4911 genuinam
1371 4840 1522 4911 Augustini
1543 4842 1720 4907 sententium,
1748 4846 1828 4912 putet
1845 4860 1877 4898 ex
1894 4842 1955 4897 eliis

262 4931 310 4988 sie
327 4931 404 4987 enim
421 4929 519 4986 scribit
534 4928 581 4986 lib.
601 4930 636 4985 de
652 4927 725 4983 bono
744 4942 851 4996 persev.
872 4944 895 4981 e.
917 4933 965 4983 21.
996 4930 1095 4988 Quam
1122 4926 1199 4996 locis,
1223 4926 1253 4980 in
1281 4925 1360 4981 ench.
1390 4926 1426 4980 ed
1452 4925 1585 4986 laurent
1610 4944 1634 4982 c.
1657 4934 1719 4984 107:
1750 4929 1848 4998 Ipsam
1870 4930 1955 4983 uitam

229 5038 232 5042 ’
261 5019 305 5071 eis
325 5018 466 5072 misem
481 5016 565 5071 selim
581 5017 623 5070 sic
641 5014 772 5084 anmieeti
788 5013 883 5068 ommia
899 5030 979 5078 mea,
1002 5021 1032 5067 ut
1054 5031 1096 5068 me
1123 5021 1279 5082 adunam,
1303 5029 1376 5081 quae
1398 5020 1471 5067 certe
1493 5031 1598 5068 merces
1620 5023 1661 5069 est
1679 5016 1814 5070 bassorum
1831 5034 1955 5086 operum,

257 5110 405 5174 miv,
422 5102 481 5156 miei
495 5103 526 5156 irs
546 5102 597 5167 bis,
616 5101 646 5154 in
661 5100 761 5169 quibus
778 5116 820 5153 me
838 5117 893 5155 mon
918 5117 1016 5154 errare
1029 5118 1094 5170 per·
1123 5100 1246 5168 qratiam
1265 5100 1325 5152 Dei
1342 5098 1469 5169 appellat
1488 5100 1640 5169 oposutm.
1678 5101 1856 5172 Stipendium
1874 5100 1954 5169 enim,

257 5189 401 5262 sperui&
426 5207 494 5243 seam
507 5195 661 5258 propterea
678 5204 751 5240 mune
761 5184 849 5253 sacia
866 5185 970 5254 libros,
987 5187 1017 5240 im
1034 5185 1095 5255 qui·
1122 5185 1227 5255 inquit,
1248 5185 1359 5254 peceati
1380 5203 1470 5253 mors,
1497 5185 1594 5255 pratia
1620 5188 1679 5243 Dei
1700 5189 1759 5242 vita
1784 5197 1899 5243 adema
1924 5186 1954 5241 iss

258 5277 314 5331 eu
335 5274 476 5345 opunte
499 5289 562 5327 mea
583 5273 767 5327 retractanda
790 5272 914 5339 msseepi,
940 5280 971 5325 ut
988 5289 1037 5327 mee
1055 5290 1096 5326 me
1125 5271 1237 5325 Cbrieto
1249 5271 1320 5325 Jesu
1331 5271 1456 5327 Domino
1473 5280 1576 5328 nostro.
1606 5273 1783 5344 Stipendium
1794 5291 1851 5344 pro
1870 5289 1954 5343 opere

257 5363 358 5436 ’μοι
378 5361 410 5415 irs
431 5358 557 5414 ammsbus
577 5375 620 5410 me
644 5364 774 5433 seoutumx
787 5356 880 5420 fuisse
899 5358 1096 5425 demarati-em
1122 5358 1241 5412 maitiae
1259 5358 1381 5411 debitum
1397 5359 1546 5425 redditur,
1566 5378 1622 5415 mars
1638 5362 1776 5430 domatur;
1799 5361 1862 5414 idea
1882 5360 1954 5415 didit

256 5454 294 5506 d
311 5446 408 5504 eddit:
435 5444 616 5513 oeraqamtius
641 5443 741 5513 loquer
768 5459 853 5511 quam
877 5443 984 5511 verine,
1006 5443 1033 5495 ei
1054 5444 1097 5497 uel
1122 5442 1293 5511 stipendium
1312 5444 1426 5512 peccati
1449 5463 1537 5510 mors,
1568 5453 1600 5499 ut
1623 5454 1737 5501 martem
1759 5454 1875 5516 peceato
1897 5466 1953 5502 mam

254 5550 336 5590 nesse
369 5533 441 5599 dieo,
470 5546 511 5585 me
542 5532 584 5584 ad
607 5528 811 5599 perfectionum
837 5527 897 5582 sisse
923 5528 984 5582 ullo
1002 5546 1097 5583 errore
1122 5529 1260 5584 immerito
1277 5529 1396 5597 illatam,
1414 5532 1467 5585 sed
1485 5532 1607 5586 debitam
1627 5535 1842 5602 demandaret,
1859 5536 1954 5603 qratia

254 5619 407 5678 usbesds'
426 5618 491 5687 jan
517 5618 547 5671 irs
572 5616 629 5670 ieta
651 5622 742 5670 aetate
772 5614 886 5667 uenisse.
936 5613 983 5669 lib.
1012 5621 1035 5672 t.
1062 5615 1097 5671 de
1121 5632 1187 5671 vero
1206 5615 1265 5669 miei
1279 5617 1371 5684 gratie
1389 5617 1440 5684 eit,
1466 5619 1564 5685 qratia
1585 5638 1640 5675 nass
1663 5627 1717 5688 est,
1740 5619 1954 5691 intelligendum

255 5703 377 5779 Qun.
394 5702 476 5760 mim
494 5718 519 5758 e.
539 5706 571 5758 l:
597 5703 664 5757 Noss
680 5717 784 5768 separe
796 5717 913 5769 passum
932 5717 982 5755 neo
1002 5703 1096 5771 debeo,
1122 5708 1164 5754 eet
1184 5701 1272 5768 igitur
1291 5702 1372 5755 etiam
1391 5702 1455 5772 ipsa
1470 5703 1589 5759 borsinis
1610 5706 1682 5758 borsa
1694 5706 1796 5761 menta
1820 5724 1880 5764 esse
1897 5711 1956 5763 Dei

253 5791 334 5848 ded
360 5790 393 5845 iss
418 5789 489 5860 ipris
515 5788 680 5857 majoribus,
711 5788 753 5840 ita
781 5785 870 5840 multa
901 5802 960 5841 esee
989 5788 1018 5841 irs
1038 5796 1096 5842 tam
1123 5805 1255 5855 munera,
1280 5787 1379 5857 quibus
1404 5806 1466 5843 eum
1489 5792 1548 5845 cita
1570 5798 1684 5846 aetem
1708 5794 1852 5863 redditur,
1884 5796 1955 5865 quid

253 5873 520 5947 Asopum&
544 5873 630 5938 meis,
659 5889 731 5943 quae
754 5873 1095 5944 puemsjuuojudtoio
1122 5874 1181 5928 miei
1201 5874 1301 5945 aratia
1320 5891 1379 5945 pro
1401 5876 1499 5944 qratia
1521 5874 1661 5931 redditur.
1701 5877 1737 5935 de
1761 5886 1833 5952 urst
1861 5880 1953 5937 etlib.

254 5959 723 6030 anahemsstsmemtpoes.
768 5957 1347 6018 Inbsueseutentiamerbitrioe.8:
1381 5960 1955 6024 Vs'tabmsassastrasrbslabiudest

255 6045 602 6123 flneffloceumnt
637 6044 1023 6118 Itrgosipriornngnstini
1050 6062 1096 6102 ex·
1121 6049 1964 6123 quomndprasmsisseduttouoisoseemqsm
