4800 6659
973 594 1025 652 DE
1044 593 1167 653 SAORO
1184 593 1386 655 sammua.
1608 537 1621 563 Ο
1964 599 2022 658 ³11

328 752 356 805 in
372 752 435 821 fide
453 751 517 822 ojus
535 753 586 821 qui
602 753 725 823 baptizat
741 760 768 807 st
785 754 848 823 ejus
866 770 915 823 qm
934 752 1093 821 baptisatur
1107 766 1162 820 psr
1188 749 1337 820 participes
1363 755 1391 805 et
1414 751 1443 804 in
1466 750 1565 805 foedus
1584 748 1637 803 Dei
1659 747 1834 819 recipimur);
1859 765 1885 801 v.
1912 752 1941 803 8:
1968 755 2026 802 tres

326 846 452 892 madunt
475 839 675 893 invocationem
690 840 795 907 plenas
813 838 1047 909 sanctificationis
1069 835 1162 906 Spiri·
1188 844 1261 899 sunt,
1280 837 1331 905 qui
1347 837 1534 892 testimonium
1554 838 1626 890 dont
1644 837 1673 888 in
1685 844 1773 903 terra,
1795 834 1929 903 Spiritus,
1948 850 2027 904 aqua

326 933 368 977 tus
388 932 415 977 et
436 924 528 978 diuini
546 924 621 993 ionis
638 926 733 993 capita
752 943 852 994 aquas.
881 926 949 995 lpas
967 925 1041 978 enim
1061 923 1161 992 iuquit,
1188 931 1215 975 et
1240 924 1372 992 sanquis,
1400 931 1425 975 et
1452 924 1483 975 ti
1506 931 1562 976 tras
1587 923 1617 976 iu
1640 939 1724 975 uuum
1745 928 1821 984 sunt,
1850 919 1981 989 (Spiritus
2001 939 2024 977 s.

325 1011 477 1079 baptizabit
495 1011 646 1080 Spiritus,
667 1019 693 1065 ct
711 1012 779 1079 iqui.
815 1013 917 1080 Itaque
937 1010 1082 1064 descendit
1100 1008 1161 1079 qui-
1187 1012 1306 1062 testatur
1336 1009 1365 1061 in
1393 1009 1491 1076 verbo,
1522 1009 1598 1079 quod
1624 1012 1666 1062 est
1692 1004 1874 1060 ministerium
1894 1004 2023 1075 Spiritus,

324 1099 386 1150 doru
415 1098 443 1150 is
471 1098 521 1165 qui
545 1098 705 1166 baptisatur
731 1099 857 1167 peccatis
885 1098 1020 1151 chronius
1047 1104 1074 1149 et
1101 1112 1161 1149 cor-
1187 1109 1238 1146 nos
1264 1110 1324 1148 ease
1348 1094 1377 1148 in
1401 1094 1500 1149 foedus
1517 1095 1625 1165 gratiae
1641 1100 1780 1162 receptos,
1808 1096 1837 1147 et
1853 1091 1906 1147 hoc
1922 1091 2023 1147 foedus

323 1182 466 1253 ruptionis
492 1183 622 1236 seroduto
648 1186 792 1252 detentum
827 1185 975 1238 oiiscendit
1006 1190 1100 1235 autem
1125 1181 1161 1234 ab
1187 1179 1333 1235 confirmat
1361 1180 1460 1252 sigillis
1486 1187 1728 1248 sacramentorum,
1756 1179 1896 1249 baptismo
1914 1178 2023 1234 scilicet

323 1286 357 1322 sa
384 1270 518 1322 seruitute
546 1275 572 1321 et
594 1271 722 1338 peccatis
740 1270 825 1338 tiber,
846 1269 930 1338 fitius
949 1269 1010 1323 Dei
1031 1276 1058 1321 st
1080 1268 1161 1321 teres
1187 1270 1216 1321 et
1239 1283 1327 1321 coena
1352 1267 1484 1332 Domini).
1527 1273 1551 1321 3.
1578 1267 1620 1320 Ex
1648 1266 1724 1336 typis
1753 1264 1790 1321 V.
1814 1265 1847 1320 Τ.
1881 1265 1929 1320 Ad
1947 1264 2021 1321 Noa·
2035 1266 2072 1309 1¹·
2086 1265 2132 1310 ¹⁸&

322 1356 420 1423 qratia
445 1357 505 1409 Dei
529 1357 641 1428 factus,
669 1357 782 1409 coheres
808 1364 901 1410 autem
933 1354 1040 1408 Christi
1069 1354 1160 1423 ipsum
1186 1352 1252 1407 hum
1279 1369 1372 1407 arcam
1396 1352 1504 1423 ingredi
1520 1352 1631 1422 jussum
1655 1351 1726 1406 dicit
1746 1351 1881 1406 Dominus
1908 1350 1979 1406 Gen.
1997 1357 2023 1416 6,

322 1442 438 1495 indutus
458 1441 610 1509 Christum,
629 1441 701 1495 sicut
718 1442 853 1510 scriptum
874 1450 930 1495 ast:
951 1441 1092 1509 Quotquot
1113 1440 1160 1491 bo·
1186 1456 1213 1491 τ.
1234 1445 1281 1494 18:
1304 1441 1434 1493 stanam
1452 1447 1541 1493 tscrtm
1551 1441 1671 1507 foedus,
1691 1447 1717 1491 st
1736 1438 1908 1508 inqredieru
1924 1454 2025 1491 arcum

318 1527 423 1596 ptisuti
441 1528 507 1581 aetia
521 1529 551 1581 in
575 1528 724 1593 Ciu-istum,
743 1526 884 1580 C'isristum
901 1526 1045 1581 induistis.
1081 1525 1161 1596 Sym·
1187 1531 1239 1581 etc.
1284 1527 1359 1579 Huic
1389 1528 1537 1596 antitypou
1569 1526 1709 1595 tapu'um
1735 1542 1787 1579 nos
1814 1524 1907 1578 soluat
1935 1525 2024 1577 bonas

323 1612 378 1669 bol
397 1613 518 1685 Nysam:
547 1613 688 1679 Confiteor
710 1632 796 1667 sinum
817 1614 956 1682 baptismo
974 1613 1004 1665 in
1022 1612 1161 1665 remissio·
1187 1613 1374 1666 conscientias
1400 1612 1585 1680 intorroqatio
1610 1629 1679 1682 erqo
1703 1614 1805 1666 Deum.
1848 1616 1873 1667 1.
1898 1611 1972 1666 Petr.
1998 1614 2024 1672 3.
2134 1643 2137 1648 ·

323 1716 387 1753 narn
409 1708 599 1769 peccatorum.
634 1700 798 1754 Ambrosius
822 1699 851 1753 in
876 1698 956 1769 epist.
983 1698 1062 1753 Rom
1088 1713 1111 1753 c.
1131 1704 1161 1752 4:
1186 1716 1213 1755 r.
1233 1704 1276 1755 21.
1312 1700 1367 1754 Per
1389 1699 1623 1754 circumcisionem
1653 1714 1717 1752 cum
1744 1697 1860 1753 Abraha
1883 1704 1912 1752 et
1929 1703 2021 1767 poste·

324 1787 353 1840 P
351 1785 471 1855 ’'⁰Pd020
492 1786 603 1855 (David)
629 1795 737 1855 ²0me
762 1786 836 1849 felix
854 1784 1028 1854 praevident
1045 1784 1076 1837 iu
1103 1783 1160 1835 tal·
1186 1786 1225 1840 ris
1249 1786 1336 1854 ipsius
1364 1801 1425 1841 sese
1444 1793 1558 1855 pactum
1583 1785 1657 1838 inire
1674 1786 1756 1837 Deus
1779 1783 1878 1838 asserit
1897 1782 1960 1838 Gen
1979 1789 2020 1851 tt,

324 1873 430 1925 satoris
448 1874 568 1926 aduentu
586 1874 679 1926 beatos
696 1879 846 1941 nuncupat,
866 1871 967 1940 quibus
985 1872 1045 1923 sinc
1065 1870 1160 1923 labora
1187 1887 1211 1925 τ.
1237 1877 1276 1926 10.
1312 1871 1377 1927 Jam
1403 1889 1469 1926 vero
1494 1872 1523 1925 in
1546 1869 1763 1925 circumcisionis
1781 1870 1873 1926 locum
1890 1869 2024 1925 successit

323 1959 367 2012 σαλ
386 1958 485 2027 utiquo
503 1976 586 2028 opere
599 1958 819 2028 per'iovacrum
836 1956 1160 2028 rsqsnootionisrsmit·
1187 1957 1345 2028 baptismus
1364 1958 1424 2012 Col.
1442 1964 1466 2025 2,
1486 1975 1512 2011 v.
1534 1963 1573 2011 11.
1603 1955 2024 2026 &theudemundum

323 2053 427 2108 tantur,
446 2052 472 2098 et
490 2052 621 2114 tequntur
639 2053 664 2099 ct
675 2062 731 2099 non
744 2046 919 2114 imputantur
925 2050 1054 2111 peccata.
1072 2039 1159 2097 Ibin:
1186 2043 1230 2115 git
1251 2043 1364 2113 Moyses
1387 2043 1522 2113 populum
1546 2041 1732 2096 Israiilitionm
1756 2042 1895 2112 sanguine
1919 2042 2023 2097 sacrifi·

324 2134 370 2185 Ea
388 2133 650 2200 donobaptismats's
667 2133 791 2201 apostoli
805 2132 983 2201 profitentur,
1001 2129 1160 2183 nouaclum
1187 2130 1293 2184 ciorum
1316 2129 1425 2183 dicens:
1460 2130 1507 2182 En
1525 2129 1571 2199 bic
1590 2136 1631 2181 sst
1649 2128 1766 2195 sanquis
1777 2128 1927 2196 foedata,
1948 2130 2025 2198 quod

323 2220 512 2273 remissionem
521 2227 698 2288 peccatorum
718 2220 846 2288 ασοίμοτα
861 2235 921 2281 nos,
939 2218 992 2271 sod
1002 2214 1161 2284 justificari
1187 2217 1270 2284 eripit
1297 2217 1379 2269 Deus
1402 2216 1560 2282 comacum,-
1587 2213 1648 2284 pari
1676 2212 1784 2268 ratione
1807 2213 1894 2283 ipsius
1919 2214 2023 2270 Christi

323 2312 350 2358 st
361 2305 444 2374 filios
465 2306 525 2358 Dei
537 2307 620 2374 fieri,
637 2315 667 2359 ut
687 2307 829 2359 beatitudo
847 2305 917 2358 boec
930 2304 1091 2374 perfectum
1111 2302 1159 2353 iso·
1186 2301 1329 2372 sauguine,
1349 2300 1397 2371 qni
1415 2307 1458 2355 est
1471 2299 1506 2354 N.
1518 2300 1552 2353 Τ.
1571 2299 1693 2370 sanguis,
1712 2298 1741 2352 in
1754 2300 1890 2368 baptismo
1904 2304 2024 2369 adsper-

323 2393 384 2445 teat
395 2392 574 2445 suauitatem
590 2400 615 2445 et
629 2393 760 2460 pluriam.
786 2391 1159 2464 ¹Itemomnosqraduspoc-
1185 2388 1278 2457 pimus·
1300 2393 1322 2443 1.
1340 2386 1417 2469 Petr.
1437 2392 1465 2454 1,
1487 2405 1513 2439 v.
1534 2391 1558 2442 2.
1583 2388 1625 2439 ud
1643 2387 1865 2439 mundationem
1890 2395 2023 2456 pcccato-

323 2479 628 2547 cotorunboptismute
641 2479 877 2533 obliterantur.itit
902 2475 1067 2530 Ambrosius
1078 2473 1160 2528 lib.t.
1185 2493 1249 2529 rum
1287 2480 1309 2529 1.
1328 2474 1390 2528 Joh.
1412 2480 1440 2537 t,
1469 2490 1496 2526 v.
1517 2480 1541 2528 ’1.
1566 2479 1595 2527 et
1616 2474 1646 2527 in
1669 2473 1767 2528 foedus
1792 2473 1899 2543 gratias
1924 2473 2022 2530 aDeo

325 2564 360 2619 de
383 2580 465 2635 posu.
488 2581 512 2617 c.
541 2571 568 2618 t:
601 2566 638 2618 In
665 2566 802 2633 iirptssmo
826 2572 868 2617 est
890 2563 1018 2616 remissio
1037 2561 1159 2613 omnium
1185 2558 1340 2630 recipimur.
1376 2559 1529 2629 Dionysius
1553 2561 1583 2613 in
1599 2559 1733 2615 hierarch.
1759 2559 1857 2616 eccles.
1882 2576 1906 2616 c.
1927 2566 1950 2616 3.
1971 2561 2019 2616 ba·

320 2657 509 2719 pcccatorum.
545 2648 593 2704 lib.
620 2655 644 2704 3.
673 2651 708 2704 de
735 2650 840 2720 Spiritu
866 2668 887 2704 s.
915 2665 939 2704 c.
965 2653 1012 2703 19:
1048 2646 1081 2700 In
1112 2647 1159 2697 da
1184 2646 1317 2717 ptismnm
1334 2652 1416 2703 vocat
1432 2646 1558 2715 siqiilum
1577 2646 1719 2714 pactionis
1737 2646 1869 2709 divinae,
1898 2646 2020 2701 Basilius
2043 2693 2045 2698 .

321 2736 425 2806 ptismo
443 2744 563 2804 peccota
584 2737 689 2788 donari
705 2753 761 2787 non
778 2744 821 2788 sat
837 2735 1004 2802 antiquum.
1034 2732 1159 2787 Hilarius
1185 2732 1215 2786 in
1238 2751 1260 2785 s.
1290 2731 1367 2804 bapt.
1397 2734 1543 2804 σφραγῖδα
1575 2730 1800 2805 ἀνεπιχείρητον,
1836 2731 2021 2789 Oecumcnius

324 2822 352 2876 in
377 2821 481 2876 Psalm.
506 2827 545 2876 64.
584 2819 727 2886 Crimina,
751 2838 823 2889 quas
846 2820 943 2889 iniquo
967 2828 1048 2873 astra
1071 2820 1159 2886 laqem
1190 2825 1211 2874 1.
1231 2818 1305 2874 Petr.
1333 2824 1357 2876 3.
1389 2818 1418 2873 τὸ
1449 2818 1612 2890 ἐπερώτημα
1640 2818 1838 2890 intorpretatur
1864 2817 2021 2892 ἀρραβῶνα,

324 2909 384 2962 Dei
401 2915 547 2976 petuntur,
572 2926 661 2962 nouae
680 2907 868 2975 pancrationis
885 2913 1061 2960 sumomonte
1081 2904 1159 2958 auin
1187 2906 1318 2977 ἔνέχυρον
1335 2909 1383 2958 καὶ
1408 2905 1558 2967 ἀπόδειξιν,
1594 2904 1821 2962 “Nazianzenus
1839 2912 1908 2963 orat.
1926 2913 1969 2962 40.
1986 2908 2023 2963 de

323 3003 415 3049 untur.
450 2995 529 3049 Beda
545 2993 593 3049 lib.
615 3001 636 3050 1.
655 3011 679 3047 c.
699 2999 722 3048 3.
742 2993 771 3047 in
788 2991 867 3050 dab:
890 2994 1028 3047 Peccator
1047 2992 1077 3045 in
1093 2992 1160 3056 fon·
1186 2992 1278 3061 bapt:
1307 2996 1332 3046 εὶ
1354 2993 1408 3062 γὰρ
1432 2992 1479 3045 δεῖ
1495 2992 1638 3064 συντόμως
1659 2997 1764 3062 εἰπεῖν,
1794 2991 1934 3060 συνθήκας
1953 2993 2023 3067 πρὸς

324 3089 377 3134 tem
390 3082 544 3146 maeandri,
560 3082 729 3150 purificatus
741 3081 906 3145 educauit·
925 3080 1070 3133 descendit
1081 3078 1159 3142 filius
1186 3078 1256 3134 θεὸν
1279 3080 1411 3150 δευτέρου
1434 3084 1497 3146 βίου
1517 3082 1563 3133 καλ
1582 3083 1721 3140 πολιτείας
1737 3084 1934 3151 καθαρωτέρας
1950 3080 2023 3136 ὑπο-

323 3169 436 3237 mortis,
473 3169 623 3222 adscendit
650 3169 727 3233 tilius
755 3168 983 3237 rmurrsctionis5
1016 3166 1160 3219 descendit
1186 3168 1305 3232 ληπτέον
1323 3164 1373 3232 την
1392 3168 1440 3218 τοῦ
1456 3166 1615 3238 βαπτισμοῦ
1633 3164 1763 3238 δύναμιν.
1803 3167 1838 3219 Ut
1856 3165 2022 3234 compendio

323 3256 400 3321 fitius
418 3256 692 3324 praeuaricationis,
719 3255 869 3309 adscendit
891 3254 970 3318 filius
993 3251 1159 3306 reconcilio·
1185 3254 1291 3317 dicom‚
1313 3252 1386 3306 ndu
1410 3252 1570 3305 aliudesse
1588 3250 1873 3319 oimstfacuitutnm
1891 3253 2024 3321 baptismi

323 3342 424 3411 tionis;
444 3342 589 3395 descendit
608 3342 685 3403 tilius
704 3342 775 3409 irae,
796 3342 944 3394 adscendit
957 3340 1040 3409 filius
1050 3338 1158 3392 miseri-
1185 3340 1345 3394 existimare
1365 3339 1504 3407 mosum,
1522 3356 1605 3408 quam
1622 3341 1764 3393 samnitas
1781 3339 1854 3393 vitus
1871 3357 1906 3392 ac
1919 3340 2022 3407 purio-

323 3429 454 3497 oordiac,·
473 3430 617 3482 descondit
633 3429 712 3493 filius
728 3428 846 3495 diaboii,
866 3429 918 3480 sed
935 3425 1062 3479 ascendit
1076 3423 1158 3494 fitius
1183 3428 1226 3479 ris
1245 3427 1358 3479 uiuendi
1374 3426 1497 3480 rationis
1512 3433 1627 3495 pactum
1646 3444 1708 3481 cum
1726 3428 1791 3481 Deo
1811 3427 1956 3483 malumst*

323 3516 390 3571 Dei.
425 3514 611 3570 Pbavorinus:
635 3513 792 3588 βάπτισμα,
816 3515 845 3567 ἐν
864 3501 886 3582 ᾧ
905 3511 1047 3581 βάλλεται,
1071 3508 1158 3580 ἤμουν
1229 3518 1286 3569 108.
1322 3519 1346 3568 4.
1372 3512 1453 3577 Quod
1482 3511 1622 3567 Christum
1651 3512 1681 3567 i'n
1710 3512 1847 3583 baptismo
1876 3513 2017 3571 induimus
2031 3518 2144 3613 &ham

323 3607 432 3664 πίπτει,
449 3602 478 3654 τὸ
498 3607 633 3673 πταῖσμα.
1184 3600 1327 3671 ipsiusque
1341 3599 1453 3670 justitia
1472 3599 1549 3655 velut
1566 3600 1715 3670 splendida
1733 3600 1854 3672 quadum
1872 3606 1949 3656 veste
1968 3620 2019 3658 nos
2032 3624 2156 3665 nenium.

246 3699 298 3750 [σου
362 3693 418 3742 107.
454 3691 477 3741 3.
502 3687 583 3752 Quod
608 3686 685 3741 Deus
711 3687 741 3740 iu
767 3686 905 3756 baptismo
918 3684 1027 3740 ¹foedus
1051 3683 1159 3755 gratiae
1183 3687 1246 3742 Deo
1268 3687 1479 3743 commendante
1505 3702 1643 3744 ornamur.
1679 3687 1743 3741 Esa.
1762 3694 1809 3752 61,
1829 3705 1854 3742 v.
1877 3693 1922 3743 10:
1942 3688 2020 3743 Gau·

246 3755 281 3843 il:
324 3772 468 3828 uobiscum
506 3772 605 3841 erigit,
642 3772 717 3843 quod
751 3771 944 3842 complectitur
970 3770 1158 3825 remissionem
1185 3776 1253 3827 dens
1278 3775 1406 3843 quintolo
1431 3774 1461 3826 in
1480 3775 1619 3842 Domino,
1647 3776 1697 3843 qui
1720 3776 1811 3843 operit
1834 3791 1878 3828 ms
1899 3775 2021 3831 uestibus

246 3856 310 3947 ξω
324 3865 501 3929 peccatorum
518 3863 545 3912 et
563 3858 739 3912 donationem
759 3857 878 3929 Spiritus
895 3877 917 3912 s.
935 3858 993 3913 der.
1013 3863 1054 3921 31,
1072 3874 1098 3912 v.
1116 3861 1159 3911 31.
1184 3861 1287 3913 solutis
1307 3867 1333 3937 ot
1344 3860 1440 3928 pallio
1451 3859 1585 3928 justitias
1604 3861 1697 3913 induit
1717 3877 1767 3930 ma,
1787 3862 1820 3913 id
1837 3861 1868 3913 in
1880 3862 2019 3929 baptismo

246 3960 269 3999 n.
324 3952 353 4000 et
380 3951 420 4001 34.
465 3944 603 3998 Probatur
628 3944 658 3998 id
686 3951 709 4001 1.
733 3960 766 3998 ex
797 3943 974 4015 generalibus
1000 3942 1159 4013 Scripturas
1178 3947 1249 4016 fiori
1275 3952 1393 4001 testatur
1411 3951 1498 4016 apost
1518 3945 1583 4001 Gal.
1601 3952 1632 4014 3,
1649 3964 1677 4000 v.
1698 3951 1744 4000 ts:
1773 3946 1913 4015 Quotquot
1931 3948 2021 4016 bapti-

322 4028 524 4100 prouuntiatis‚
546 4045 619 4099 quae
644 4030 680 4084 de
704 4029 815 4084 foedere
833 4030 940 4101 gratiae
960 4046 1024 4083 cum
1042 4028 1158 4083 homini·
1184 4034 1241 4086 zuts'
1259 4034 1333 4097 estis,
1354 4030 1495 4085 Christum
1512 4031 1653 4099 induistis,
1674 4033 1764 4101 (cujus
1785 4032 1853 4086 dicti
1870 4033 1953 4087 talem
1972 4050 2021 4103 pa·

323 4114 376 4169 bus
404 4114 473 4168 inito
502 4121 592 4185 agtmt
616 4114 682 4171 an.
708 4122 756 4184 55,
779 4133 804 4168 s.
825 4121 854 4169 3:
880 4115 997 4168 Feriam
1015 4116 1158 4169 nobiscum
1184 4118 1330 4188 raphrasin
1353 4117 1482 4188 proponit
1499 4116 1639 4172 Lutherus
1664 4122 1730 4170 tom.
1752 4124 1777 4172 4.
1804 4116 2020 4175 Jeu.fol.115:

323 4208 465 4253 adernam
476 4202 593 4268 foedus.
622 4201 679 4256 der.
700 4206 741 4268 32,
761 4218 787 4257 v.
801 4207 849 4256 40:
869 4199 1001 4255 Statuam
1020 4202 1157 4255 curtiliis
1184 4208 1251 4259 Non
1269 4206 1417 4274 accepistis
1431 4221 1487 4274 per
1506 4203 1673 4272 baptismum
1689 4211 1821 4257 tatinum
1839 4213 1954 4274 tantum,
1965 4222 2021 4276 por

318 4295 436 4357 pactum
458 4289 663 4355 scrispiternum.
698 4286 767 4342 Hos.
793 4294 821 4352 2,
845 4304 871 4343 v.
897 4293 944 4342 19:
971 4291 1156 4357 Desponsata
1184 4310 1270 4361 quom
1305 4291 1440 4359 asscripti
1475 4290 1540 4342 astu
1571 4305 1686 4343 numero
1717 4288 1956 4360 Christianorum,
1989 4301 2022 4348 ut

321 4382 348 4427 to
376 4373 446 4426 miti
473 4374 501 4426 iu
526 4374 725 4442 sempiternum
750 4381 803 4431 etc.
844 4374 879 4428 Id
905 4392 1025 4444 namque
1050 4376 1080 4429 iu
1109 4376 1157 4431 ba·
1183 4386 1279 4431 nostro
1297 4386 1421 4446 tenqiors
1440 4376 1524 4430 multi
1534 4375 1667 4443 fanatici
1683 4393 1717 4430 sn
1734 4376 1870 4446 baptismo
1887 4386 2021 4433 tesseram

321 4458 422 4529 ptismo
451 4457 510 4514 fieri
543 4464 668 4529 apparet.
715 4464 739 4514 2.
764 4459 807 4513 Ex
839 4459 1006 4530 specialibus
1035 4478 1156 4532 pronun·
1183 4473 1292 4518 tuntum
1320 4481 1369 4517 seu
1394 4465 1500 4516 nudum
1525 4471 1551 4516 et
1575 4464 1660 4517 inane
1683 4464 1794 4532 riqnum
1816 4466 1944 4533 faciunt,
1968 4468 2021 4521 ssd

321 4545 397 4599 tiatis
421 4545 455 4600 de
478 4546 609 4616 baptismi
627 4547 735 4612 fructu,
772 4553 795 4602 l.
817 4546 892 4601 Petr.
918 4558 947 4612 3,
974 4566 1000 4605 ν,
1026 4554 1073 4603 21:
1102 4547 1157 4603 Cui
1183 4559 1316 4620 quotquot
1334 4550 1565 4619 baptizationis,
1585 4550 1890 4621 Cirutumindus'stis,
1908 4552 1960 4607 λοα
1978 4561 2020 4607 est

321 4635 542 4701 correspondens
566 4634 706 4703 baptisma
731 4634 881 4687 etiamnum
900 4651 952 4687 nos
970 4635 1076 4703 salvat,
1098 4654 1155 4688 non
1183 4638 1249 4689 ostis
1268 4644 1347 4690 cotra
1367 4637 1465 4706 isqem,
1482 4638 1562 4706 rupti
1580 4637 1611 4689 in
1630 4653 1732 4690 ποσοπυ
1747 4639 1927 4706 natimtotsm,
1947 4654 2019 4707 quas
2050 4688 2059 4693 ,,

321 4719 459 4787 depositio
476 4720 604 4773 sordium
624 4721 727 4788 cornu,
745 4739 801 4773 non
814 4720 1000 4773 conscientiae
1013 4722 1101 4775 bonas
1113 4723 1155 4776 in·
1181 4726 1264 4787 sacta
1276 4731 1315 4776 est
1327 4722 1356 4776 in
1370 4724 1524 4791 baptistam
1542 4723 1616 4789 ideo,
1629 4723 1730 4791 iuquit,
1742 4742 1798 4778 non
1812 4724 1878 4777 estis
1892 4725 2016 4792 amplius

320 4807 474 4873 tarroqatio
486 4823 554 4873 erqo
563 4809 656 4860 Deum
661 4824 715 4876 par
726 4808 958 4861 recausationem
968 4808 1039 4861 Jssu
1050 4808 1157 4863 carust
1182 4811 1232 4862 sub
1263 4810 1337 4876 ispo,
1366 4809 1420 4861 ssd
1447 4825 1520 4861 nouo
1549 4808 1724 4875 indumento,
1756 4810 1808 4863 λοο
1834 4817 1875 4863 est
1896 4810 2017 4878 jrutitiu

321 4893 364 4960 (τὸ
392 4890 555 4966 ἐπερώτημα
573 4892 713 4964 significat
730 4894 976 4965 interrogationem
997 4900 1025 4949 ct
1042 4912 1154 4966 respon·
1185 4894 1293 4949 elis-isti
1308 4895 1400 4947 uestiti
1417 4894 1492 4947 estis.
1527 4896 1619 4947 Docet
1642 4911 1709 4963 erqo
1728 4896 1886 4964 apostolus,
1912 4896 2017 4963 baptis·

321 4978 441 5048 sionem;
462 4979 695 5050 quemadmodum
712 4981 742 5035 iu
753 4980 912 5036 foederibus
925 4985 954 5034 et
965 4981 1154 5036 contractibus
1181 5000 1255 5035 mum
1283 4999 1339 5035 non
1365 4981 1489 5050 siqstum,
1517 4981 1570 5033 sad
1597 4981 1788 5036 indumentum
1814 4980 1934 5046 Christi,
1961 4982 2017 5038 imo

320 5082 385 5135 pars
403 5082 460 5120 una
476 5067 636 5136 interrogat,
655 5066 742 5122 altera
751 5067 910 5138 respondet,
928 5067 968 5121 ita
986 5066 1155 5124 conscientia
1181 5070 1273 5138 ipsum
1297 5068 1439 5123 Christum
1468 5073 1593 5120 nostrum
1614 5068 1807 5121 indumentum
1830 5085 1902 5136 esse,
1928 5086 2016 5139 quiere

321 5159 415 5207 nostra
433 5170 467 5207 ex
482 5152 593 5207 foedere
607 5152 636 5206 in
653 5152 792 5224 baptismo
810 5153 954 5208 nobiscum
976 5153 1044 5208 inito
1063 5162 1155 5225 potest
1182 5157 1336 5224 baptismus
1350 5154 1546 5223 potentissima
1565 5159 1592 5207 st
1612 5154 1814 5219 efficacmsima
1833 5172 1879 5209 rss
1900 5164 1948 5210 ast.
1979 5156 2018 5211 Et

321 5255 380 5293 esse
397 5245 473 5294 certa
490 5240 524 5293 de
536 5238 590 5292 Dei
603 5238 701 5309 gratia,
716 5241 795 5309 cujus
807 5239 1018 5295 fundamentum
1029 5242 1155 5298 consistit
1182 5242 1267 5313 paulo
1292 5246 1370 5295 aute:
1400 5240 1525 5294 iuduere
1552 5242 1693 5296 Otridum
1713 5241 1867 5310 dupliciter
1883 5242 2018 5312 intstliqi·

321 5324 350 5378 iu
364 5326 565 5381 resurrectione
575 5323 685 5381 Christi.
710 5326 793 5380 LXX
806 5327 969 5397 interpretes
977 5333 1094 5383 utuntur
1102 5329 1155 5385 hac
1183 5337 1244 5396 tur,
1273 5326 1405 5396 ispalitsr
1435 5334 1460 5379 st
1487 5329 1651 5399 eoonqeticc.
1695 5327 1839 5395 Loqaiitsr
1866 5330 1947 5383 Rom.
1973 5332 2017 5387 13.

320 5427 397 5480 soce,
406 5409 647 5483 quandoiucertis
658 5410 768 5465 casibus
780 5430 810 5467 os
819 5412 933 5467 Domini
942 5413 1084 5484 piosV.T.
1092 5431 1155 5470 con·
1183 5414 1351 5468 Induamim'
1380 5414 1532 5466 Dominum
1567 5415 1667 5468 Josum
1696 5412 1851 5485 Cis-istum,
1888 5417 1940 5471 boc
1976 5428 2018 5475 ert

321 5498 439 5551 suluisse
456 5503 602 5562 asserunt).
634 5497 730 5553 Ldoh.
745 5504 772 5564 5,
787 5516 811 5554 v.
825 5504 854 5552 ὃς
873 5500 929 5553 Hic
949 5508 996 5569 ost,
1016 5503 1066 5569 qui
1082 5504 1156 5555 uenit
1183 5500 1331 5555 imitemini
1361 5500 1514 5569 eaunplum
1542 5510 1568 5555 et
1597 5502 1713 5554 uirtutes
1741 5502 1811 5570 ejus.
1842 5506 1866 5557 1.
1883 5504 1959 5562 Patr.
1988 5508 2016 5560 2.

321 5601 383 5636 cum
396 5600 472 5649 aqua
484 5594 511 5639 st
522 5585 666 5654 sanquine,
684 5582 812 5638 Christus
825 5586 917 5653 Josus,
935 5603 991 5639 non
1005 5604 1067 5639 cum
1080 5605 1156 5657 aqua
1186 5587 1312 5641 etrum
1336 5603 1441 5655 passus
1472 5594 1512 5641 est
1540 5605 1594 5656 pro
1619 5587 1717 5651 nebu,
1747 5589 1909 5658 relinquens
1937 5592 2018 5647 nobis

321 5671 419 5730 sotum,
438 5672 490 5722 ssd
507 5690 568 5726 cum
585 5689 661 5741 aqua
679 5679 706 5725 ct
724 5671 860 5737 sanquine
879 5670 915 5736 (si
935 5688 998 5726 cum
1017 5690 1093 5744 aqna
1108 5672 1155 5728 ba·
1183 5672 1345 5741 exemplum.
1389 5672 1513 5727 Induere
1541 5672 1682 5727 Christum
1708 5675 1867 5744 eoanqsis'cs
1893 5694 1949 5732 nou
1977 5686 2018 5732 cst

321 5750 416 5825 ptismi
434 5750 558 5811 Christus
577 5758 614 5813 ad
631 5775 681 5814 nos
701 5756 790 5822 scuit,
809 5756 906 5828 utique
922 5756 1079 5829 baptismus
1096 5765 1156 5814 erat
1183 5758 1357 5826 imitationis,
1372 5762 1425 5814 ssd
1441 5759 1596 5813 natiuitatis
1612 5768 1640 5813 st
1658 5760 1811 5815 creationis
1826 5778 1924 5832 nonas,
1941 5766 2019 5833 quod

322 5838 457 5899 medium,
484 5856 537 5909 per
562 5846 637 5914 quod
664 5842 861 5901 beneficiorum
884 5842 986 5902 Christi
1013 5845 1155 5901 reddimur
1182 5846 1312 5902 siddim
1332 5864 1385 5917 eqo
1403 5848 1507 5902 induor
1524 5848 1587 5917 τ’μαο
1606 5847 1736 5914 (turino.
1759 5850 1794 5905 id
1810 5849 1958 5921 meipsius
1974 5854 2016 5909 in·
