<?xml version="1.0" encoding="UTF-8"?>
<!DOCTYPE html PUBLIC "-//W3C//DTD XHTML 1.0 Transitional//EN"
    "http://www.w3.org/TR/xhtml1/DTD/xhtml1-transitional.dtd">
<html xmlns="http://www.w3.org/1999/xhtml" xml:lang="en" lang="en">
 <head>
  <title>
</title>
<meta http-equiv="Content-Type" content="text/html;charset=utf-8" />
  <meta name='ocr-system' content='tesseract 3.04.00' />
  <meta name='ocr-capabilities' content='ocr_page ocr_carea ocr_par ocr_line ocrx_word'/>
</head>
<body>
  <div class='ocr_page' id='page_1' title='image "./locitheologicit02gerhgoog/locitheologicit02gerhgoog_0058.png"; bbox 0 0 4800 6659; ppageno 0'>
   <div class='ocr_carea' id='block_1_1' title="bbox 400 565 2099 808">
    <p class='ocr_par' dir='ltr' id='par_1_1' title="bbox 400 565 2099 808">
     <span class='ocr_line' id='line_1_1' title="bbox 400 565 1509 644; baseline -0.015 0"><span class='ocrx_word' id='word_1_1' title='bbox 400 583 441 644; x_wconf 76' lang='grc'>48</span> <span class='ocrx_word' id='word_1_2' title='bbox 990 567 1116 630; x_wconf 54' lang='grc' dir='ltr'><strong>110οΰ8</strong></span> <span class='ocrx_word' id='word_1_3' title='bbox 1132 565 1305 629; x_wconf 76' lang='lat' dir='ltr'>DROfflUS</span> <span class='ocrx_word' id='word_1_4' title='bbox 1320 565 1509 629; x_wconf 64' lang='lat' dir='ltr'>summus</span> 
     </span>
     <span class='ocr_line' id='line_1_2' title="bbox 402 721 2099 808; baseline -0.005 -19"><span class='ocrx_word' id='word_1_5' title='bbox 402 748 468 789; x_wconf 86' lang='lat' dir='ltr'>nam</span> <span class='ocrx_word' id='word_1_6' title='bbox 489 721 730 803; x_wconf 77' lang='lat' dir='ltr'>jusiitiseaDeo</span> <span class='ocrx_word' id='word_1_7' title='bbox 747 733 890 802; x_wconf 83' lang='lat' dir='ltr'>exspectat</span> <span class='ocrx_word' id='word_1_8' title='bbox 912 744 968 784; x_wconf 89' lang='lat' dir='ltr'>non</span> <span class='ocrx_word' id='word_1_9' title='bbox 983 732 1118 800; x_wconf 84' lang='lat' dir='ltr'>tanquam</span> <span class='ocrx_word' id='word_1_10' title='bbox 1134 742 1168 783; x_wconf 90' lang='lat' dir='ltr'>ex</span> <span class='ocrx_word' id='word_1_11' title='bbox 1185 723 1321 808; x_wconf 69' lang='lat' dir='ltr'>delnes,</span> <span class='ocrx_word' id='word_1_12' title='bbox 1354 725 1396 779; x_wconf 86' lang='lat' dir='ltr'>sic</span> <span class='ocrx_word' id='word_1_13' title='bbox 1425 723 1515 796; x_wconf 71' lang='lat' dir='ltr'>ipisus</span> <span class='ocrx_word' id='word_1_14' title='bbox 1540 726 1699 795; x_wconf 72' lang='lat' dir='ltr'>Desuper</span> <span class='ocrx_word' id='word_1_15' title='bbox 1724 742 1776 779; x_wconf 85' lang='lat' dir='ltr'>nos</span> <span class='ocrx_word' id='word_1_16' title='bbox 1798 741 1921 796; x_wconf 79' lang='lat' dir='ltr'>operam</span> <span class='ocrx_word' id='word_1_17' title='bbox 1941 744 2000 781; x_wconf 87' lang='lat' dir='ltr'>non</span> <span class='ocrx_word' id='word_1_18' title='bbox 2023 726 2099 791; x_wconf 71' lang='lat' dir='ltr'>tacit</span> 
     </span>
    </p>
   </div>
   <div class='ocr_carea' id='block_1_2' title="bbox 281 810 2100 5899">
    <p class='ocr_par' dir='ltr' id='par_1_2' title="bbox 281 810 2100 5899">
     <span class='ocr_line' id='line_1_3' title="bbox 403 810 2099 890; baseline -0.005 -14"><span class='ocrx_word' id='word_1_19' title='bbox 403 820 461 876; x_wconf 88' lang='lat' dir='ltr'>bito</span> <span class='ocrx_word' id='word_1_20' title='bbox 485 835 535 890; x_wconf 91' lang='lat' dir='ltr'>pro</span> <span class='ocrx_word' id='word_1_21' title='bbox 561 816 664 873; x_wconf 88' lang='lat' dir='ltr'>meritis</span> <span class='ocrx_word' id='word_1_22' title='bbox 692 816 828 873; x_wconf 90' lang='lat' dir='ltr'>bonorum</span> <span class='ocrx_word' id='word_1_23' title='bbox 851 833 979 887; x_wconf 86' lang='lat' dir='ltr'>operum,</span> <span class='ocrx_word' id='word_1_24' title='bbox 1008 815 1058 871; x_wconf 88' lang='lat' dir='ltr'>sed</span> <span class='ocrx_word' id='word_1_25' title='bbox 1083 831 1116 870; x_wconf 85' lang='lat' dir='ltr'>cx</span> <span class='ocrx_word' id='word_1_26' title='bbox 1141 811 1233 884; x_wconf 77' lang='lat' dir='ltr'>gratia</span> <span class='ocrx_word' id='word_1_27' title='bbox 1258 829 1345 882; x_wconf 83' lang='lat' dir='ltr'>opera</span> <span class='ocrx_word' id='word_1_28' title='bbox 1363 812 1450 877; x_wconf 82' lang='lat' dir='ltr'>hono,</span> <span class='ocrx_word' id='word_1_29' title='bbox 1468 813 1521 867; x_wconf 82' lang='lat' dir='ltr'>sed</span> <span class='ocrx_word' id='word_1_30' title='bbox 1538 812 1624 869; x_wconf 84' lang='lat' dir='ltr'>moto.</span> <span class='ocrx_word' id='word_1_31' title='bbox 1659 810 1885 882; x_wconf 71' lang='lat' dir='ltr'><strong>Respondemus:</strong></span> <span class='ocrx_word' id='word_1_32' title='bbox 1913 810 2099 884; x_wconf 77' lang='lat' dir='ltr'>Distinguen-</span> 
     </span>
     <span class='ocr_line' id='line_1_4' title="bbox 401 897 2099 978; baseline -0.005 -16"><span class='ocrx_word' id='word_1_33' title='bbox 401 924 452 977; x_wconf 90' lang='lat' dir='ltr'>pro</span> <span class='ocrx_word' id='word_1_34' title='bbox 474 904 674 978; x_wconf 75' lang='lat' dir='ltr'>benignissima</span> <span class='ocrx_word' id='word_1_35' title='bbox 692 910 776 975; x_wconf 89' lang='lat' dir='ltr'>atque</span> <span class='ocrx_word' id='word_1_36' title='bbox 793 901 919 959; x_wconf 88' lang='lat' dir='ltr'>indebita</span> <span class='ocrx_word' id='word_1_37' title='bbox 936 901 1076 971; x_wconf 76' lang='lat' dir='ltr'>mercede,</span> <span class='ocrx_word' id='word_1_38' title='bbox 1099 906 1130 955; x_wconf 90' lang='lat' dir='ltr'>ut</span> <span class='ocrx_word' id='word_1_39' title='bbox 1147 897 1231 971; x_wconf 90' lang='lat' dir='ltr'>paulo</span> <span class='ocrx_word' id='word_1_40' title='bbox 1257 899 1323 954; x_wconf 91' lang='lat' dir='ltr'>dum</span> <span class='ocrx_word' id='word_1_41' title='bbox 1350 898 1523 972; x_wconf 81' lang='lat' dir='ltr'>imperfectio</span> <span class='ocrx_word' id='word_1_42' title='bbox 1550 904 1579 953; x_wconf 92' lang='lat' dir='ltr'>et</span> <span class='ocrx_word' id='word_1_43' title='bbox 1604 897 1764 953; x_wconf 76' lang='lat' dir='ltr'>deformitas</span> <span class='ocrx_word' id='word_1_44' title='bbox 1790 897 1916 953; x_wconf 90' lang='lat' dir='ltr'>incisioni</span> <span class='ocrx_word' id='word_1_45' title='bbox 1943 898 2099 954; x_wconf 83' lang='lat' dir='ltr'>adhaerens</span> 
     </span>
     <span class='ocr_line' id='line_1_5' title="bbox 401 984 2099 1063; baseline -0.004 -16"><span class='ocrx_word' id='word_1_46' title='bbox 401 997 465 1063; x_wconf 89' lang='lat' dir='ltr'>post</span> <span class='ocrx_word' id='word_1_47' title='bbox 482 991 566 1047; x_wconf 85' lang='lat' dir='ltr'>latius</span> <span class='ocrx_word' id='word_1_48' title='bbox 583 989 736 1047; x_wconf 77' lang='lat' dir='ltr'>docebitur.</span> <span class='ocrx_word' id='word_1_49' title='bbox 776 992 804 1046; x_wconf 79' lang='grc'>3.</span> <span class='ocrx_word' id='word_1_50' title='bbox 826 989 861 1044; x_wconf 74' lang='lat' dir='ltr'>Si</span> <span class='ocrx_word' id='word_1_51' title='bbox 883 991 956 1043; x_wconf 82' lang='lat' dir='ltr'>bono</span> <span class='ocrx_word' id='word_1_52' title='bbox 980 1005 1068 1059; x_wconf 81' lang='lat' dir='ltr'>opero</span> <span class='ocrx_word' id='word_1_53' title='bbox 1087 988 1232 1057; x_wconf 80' lang='lat' dir='ltr'>justorum</span> <span class='ocrx_word' id='word_1_54' title='bbox 1258 986 1294 1041; x_wconf 85' lang='lat' dir='ltr'>ab</span> <span class='ocrx_word' id='word_1_55' title='bbox 1311 985 1444 1041; x_wconf 89' lang='lat' dir='ltr'>incisione</span> <span class='ocrx_word' id='word_1_56' title='bbox 1462 1003 1513 1057; x_wconf 89' lang='lat' dir='ltr'>per</span> <span class='ocrx_word' id='word_1_57' title='bbox 1528 1000 1558 1041; x_wconf 90' lang='lat' dir='ltr'>se</span> <span class='ocrx_word' id='word_1_58' title='bbox 1576 986 1663 1053; x_wconf 86' lang='lat' dir='ltr'>bona,</span> <span class='ocrx_word' id='word_1_59' title='bbox 1689 984 1729 1039; x_wconf 90' lang='lat' dir='ltr'>ita</span> <span class='ocrx_word' id='word_1_60' title='bbox 1745 1002 1855 1057; x_wconf 91' lang='lat' dir='ltr'>quoque</span> <span class='ocrx_word' id='word_1_61' title='bbox 1876 984 2052 1057; x_wconf 86' lang='lat' dir='ltr'>imperfectio</span> <span class='ocrx_word' id='word_1_62' title='bbox 2071 990 2099 1040; x_wconf 89' lang='lat' dir='ltr'>et</span> 
     </span>
     <span class='ocr_line' id='line_1_6' title="bbox 401 1070 2098 1150; baseline -0.004 -17"><span class='ocrx_word' id='word_1_63' title='bbox 401 1085 490 1133; x_wconf 69' lang='lat' dir='ltr'>meent</span> <span class='ocrx_word' id='word_1_64' title='bbox 512 1086 634 1150; x_wconf 78' lang='lat' dir='ltr'>peccata</span> <span class='ocrx_word' id='word_1_65' title='bbox 652 1077 801 1145; x_wconf 78' lang='lat' dir='ltr'>mortuls&#39;ss,</span> <span class='ocrx_word' id='word_1_66' title='bbox 829 1083 998 1145; x_wconf 72' lang='lat' dir='ltr'>sequeremr,</span> <span class='ocrx_word' id='word_1_67' title='bbox 1022 1076 1114 1145; x_wconf 88' lang='lat' dir='ltr'>ipsum</span> <span class='ocrx_word' id='word_1_68' title='bbox 1139 1073 1233 1127; x_wconf 84' lang='lat' dir='ltr'>Deum</span> <span class='ocrx_word' id='word_1_69' title='bbox 1258 1072 1446 1128; x_wconf 89' lang='lat' dir='ltr'>immundities</span> <span class='ocrx_word' id='word_1_70' title='bbox 1472 1072 1553 1127; x_wconf 89' lang='lat' dir='ltr'>bonis</span> <span class='ocrx_word' id='word_1_71' title='bbox 1569 1070 1700 1142; x_wconf 88' lang='lat' dir='ltr'>operibus</span> <span class='ocrx_word' id='word_1_72' title='bbox 1719 1070 1872 1126; x_wconf 86' lang='lat' dir='ltr'>adhaerens</span> <span class='ocrx_word' id='word_1_73' title='bbox 1890 1070 1927 1126; x_wconf 88' lang='lat' dir='ltr'>ab</span> <span class='ocrx_word' id='word_1_74' title='bbox 1945 1071 2014 1144; x_wconf 89' lang='lat' dir='ltr'>ipsis</span> <span class='ocrx_word' id='word_1_75' title='bbox 2033 1088 2098 1143; x_wconf 79' lang='lat' dir='ltr'>ope</span> 
     </span>
     <span class='ocr_line' id='line_1_7' title="bbox 394 1157 2099 1236; baseline -0.004 -17"><span class='ocrx_word' id='word_1_76' title='bbox 394 1182 519 1236; x_wconf 74' lang='lat' dir='ltr'>peccora</span> <span class='ocrx_word' id='word_1_77' title='bbox 537 1164 710 1232; x_wconf 79' lang='lat' dir='ltr'>mortaliter,</span> <span class='ocrx_word' id='word_1_78' title='bbox 729 1164 809 1217; x_wconf 85' lang='lat' dir='ltr'>Deus</span> <span class='ocrx_word' id='word_1_79' title='bbox 827 1163 900 1216; x_wconf 85' lang='lat' dir='ltr'>enim</span> <span class='ocrx_word' id='word_1_80' title='bbox 918 1169 965 1231; x_wconf 88' lang='lat' dir='ltr'>est,</span> <span class='ocrx_word' id='word_1_81' title='bbox 984 1163 1033 1231; x_wconf 83' lang='lat' dir='ltr'>qui</span> <span class='ocrx_word' id='word_1_82' title='bbox 1051 1167 1185 1232; x_wconf 81' lang='lat' dir='ltr'>operatur</span> <span class='ocrx_word' id='word_1_83' title='bbox 1201 1159 1232 1212; x_wconf 91' lang='lat' dir='ltr'>in</span> <span class='ocrx_word' id='word_1_84' title='bbox 1257 1158 1334 1214; x_wconf 89' lang='lat' dir='ltr'>ribus</span> <span class='ocrx_word' id='word_1_85' title='bbox 1361 1176 1412 1230; x_wconf 86' lang='lat' dir='ltr'>per</span> <span class='ocrx_word' id='word_1_86' title='bbox 1434 1176 1464 1214; x_wconf 91' lang='lat' dir='ltr'>se</span> <span class='ocrx_word' id='word_1_87' title='bbox 1489 1158 1578 1215; x_wconf 90' lang='lat' dir='ltr'>bonis.</span> <span class='ocrx_word' id='word_1_88' title='bbox 1614 1158 1694 1224; x_wconf 87' lang='lat' dir='ltr'>Quod</span> <span class='ocrx_word' id='word_1_89' title='bbox 1721 1158 1751 1212; x_wconf 93' lang='lat' dir='ltr'>in</span> <span class='ocrx_word' id='word_1_90' title='bbox 1775 1157 1909 1213; x_wconf 89' lang='lat' dir='ltr'>incisione</span> <span class='ocrx_word' id='word_1_91' title='bbox 1935 1157 2042 1213; x_wconf 86' lang='lat' dir='ltr'>bonum</span> <span class='ocrx_word' id='word_1_92' title='bbox 2065 1174 2099 1213; x_wconf 79' lang='lat' dir='ltr'>ac</span> 
     </span>
     <span class='ocr_line' id='line_1_8' title="bbox 402 1243 2098 1321; baseline -0.005 -14"><span class='ocrx_word' id='word_1_93' title='bbox 402 1252 481 1307; x_wconf 82' lang='lat' dir='ltr'>nobis</span> <span class='ocrx_word' id='word_1_94' title='bbox 499 1251 577 1306; x_wconf 76' lang='lat' dir='ltr'><strong><em>Pha.</em></strong></span> <span class='ocrx_word' id='word_1_95' title='bbox 596 1252 623 1305; x_wconf 79' lang='lat'>2.</span> <span class='ocrx_word' id='word_1_96' title='bbox 658 1249 879 1321; x_wconf 74' lang='lat' dir='ltr'>Respondemus:</span> <span class='ocrx_word' id='word_1_97' title='bbox 900 1249 980 1305; x_wconf 91' lang='lat' dir='ltr'>Bona</span> <span class='ocrx_word' id='word_1_98' title='bbox 1000 1263 1086 1318; x_wconf 88' lang='lat' dir='ltr'>opera</span> <span class='ocrx_word' id='word_1_99' title='bbox 1103 1246 1233 1301; x_wconf 90' lang='lat' dir='ltr'>dicuntur</span> <span class='ocrx_word' id='word_1_100' title='bbox 1256 1244 1413 1313; x_wconf 76' lang='lat' dir='ltr'>laudabile,</span> <span class='ocrx_word' id='word_1_101' title='bbox 1441 1245 1472 1299; x_wconf 91' lang='lat' dir='ltr'>id</span> <span class='ocrx_word' id='word_1_102' title='bbox 1490 1244 1564 1299; x_wconf 92' lang='lat' dir='ltr'>bono</span> <span class='ocrx_word' id='word_1_103' title='bbox 1585 1244 1680 1308; x_wconf 86' lang='lat' dir='ltr'>fabro,</span> <span class='ocrx_word' id='word_1_104' title='bbox 1707 1243 1781 1315; x_wconf 92' lang='lat' dir='ltr'>quod</span> <span class='ocrx_word' id='word_1_105' title='bbox 1800 1243 1993 1315; x_wconf 82' lang='lat' dir='ltr'>imperfectum</span> <span class='ocrx_word' id='word_1_106' title='bbox 2012 1251 2042 1299; x_wconf 93' lang='lat' dir='ltr'>et</span> <span class='ocrx_word' id='word_1_107' title='bbox 2058 1244 2098 1298; x_wconf 81' lang='lat' dir='ltr'>vi·</span> 
     </span>
     <span class='ocr_line' id='line_1_9' title="bbox 399 1328 2099 1409; baseline -0.005 -16"><span class='ocrx_word' id='word_1_108' title='bbox 399 1343 524 1409; x_wconf 83' lang='lat' dir='ltr'>peccata,</span> <span class='ocrx_word' id='word_1_109' title='bbox 542 1336 596 1392; x_wconf 89' lang='lat' dir='ltr'>hoc</span> <span class='ocrx_word' id='word_1_110' title='bbox 614 1343 656 1390; x_wconf 89' lang='lat' dir='ltr'>est</span> <span class='ocrx_word' id='word_1_111' title='bbox 673 1336 796 1406; x_wconf 89' lang='lat' dir='ltr'>peccatis</span> <span class='ocrx_word' id='word_1_112' title='bbox 814 1334 1008 1402; x_wconf 84' lang='lat' dir='ltr'>contaminata,</span> <span class='ocrx_word' id='word_1_113' title='bbox 1028 1350 1083 1389; x_wconf 90' lang='lat' dir='ltr'>non</span> <span class='ocrx_word' id='word_1_114' title='bbox 1095 1338 1232 1404; x_wconf 89' lang='lat' dir='ltr'>quatenus</span> <span class='ocrx_word' id='word_1_115' title='bbox 1256 1332 1366 1399; x_wconf 80' lang='lat' dir='ltr'>tiorum,</span> <span class='ocrx_word' id='word_1_116' title='bbox 1384 1329 1414 1384; x_wconf 91' lang='lat' dir='ltr'>id</span> <span class='ocrx_word' id='word_1_117' title='bbox 1432 1330 1564 1385; x_wconf 87' lang='lat' dir='ltr'>tribuitur</span> <span class='ocrx_word' id='word_1_118' title='bbox 1581 1328 1687 1399; x_wconf 59' lang='lat' dir='ltr'>secum</span> <span class='ocrx_word' id='word_1_119' title='bbox 1705 1329 1745 1384; x_wconf 86' lang='lat' dir='ltr'>ita</span> <span class='ocrx_word' id='word_1_120' title='bbox 1764 1344 1873 1401; x_wconf 90' lang='lat' dir='ltr'>quoque</span> <span class='ocrx_word' id='word_1_121' title='bbox 1894 1330 1970 1401; x_wconf 91' lang='lat' dir='ltr'>quod</span> <span class='ocrx_word' id='word_1_122' title='bbox 1987 1329 2019 1384; x_wconf 92' lang='lat' dir='ltr'>in</span> <span class='ocrx_word' id='word_1_123' title='bbox 2033 1344 2099 1401; x_wconf 90' lang='lat' dir='ltr'>ope·</span> 
     </span>
     <span class='ocr_line' id='line_1_10' title="bbox 400 1414 2099 1493; baseline -0.005 -14"><span class='ocrx_word' id='word_1_124' title='bbox 400 1424 475 1479; x_wconf 90' lang='lat' dir='ltr'>bona</span> <span class='ocrx_word' id='word_1_125' title='bbox 492 1427 570 1490; x_wconf 88' lang='lat' dir='ltr'>suut,</span> <span class='ocrx_word' id='word_1_126' title='bbox 597 1427 627 1477; x_wconf 91' lang='lat' dir='ltr'>et</span> <span class='ocrx_word' id='word_1_127' title='bbox 644 1421 721 1477; x_wconf 91' lang='lat' dir='ltr'>Deus</span> <span class='ocrx_word' id='word_1_128' title='bbox 745 1438 795 1477; x_wconf 91' lang='lat' dir='ltr'>suo</span> <span class='ocrx_word' id='word_1_129' title='bbox 813 1421 919 1493; x_wconf 86' lang='lat' dir='ltr'>Spiritu</span> <span class='ocrx_word' id='word_1_130' title='bbox 938 1437 972 1477; x_wconf 90' lang='lat' dir='ltr'>ea</span> <span class='ocrx_word' id='word_1_131' title='bbox 988 1421 1017 1475; x_wconf 89' lang='lat' dir='ltr'>in</span> <span class='ocrx_word' id='word_1_132' title='bbox 1036 1419 1117 1475; x_wconf 91' lang='lat' dir='ltr'>nobis</span> <span class='ocrx_word' id='word_1_133' title='bbox 1136 1433 1232 1489; x_wconf 88' lang='lat' dir='ltr'>opera·</span> <span class='ocrx_word' id='word_1_134' title='bbox 1257 1416 1334 1471; x_wconf 89' lang='lat' dir='ltr'>ribus</span> <span class='ocrx_word' id='word_1_135' title='bbox 1363 1418 1463 1473; x_wconf 70' lang='lat' dir='ltr'>nomme</span> <span class='ocrx_word' id='word_1_136' title='bbox 1493 1415 1685 1489; x_wconf 88' lang='lat' dir='ltr'>imperfectum</span> <span class='ocrx_word' id='word_1_137' title='bbox 1714 1420 1743 1471; x_wconf 90' lang='lat' dir='ltr'>ct</span> <span class='ocrx_word' id='word_1_138' title='bbox 1762 1414 1905 1485; x_wconf 85' lang='lat' dir='ltr'>vitiosum,</span> <span class='ocrx_word' id='word_1_139' title='bbox 1934 1416 1964 1469; x_wconf 91' lang='lat' dir='ltr'>id</span> <span class='ocrx_word' id='word_1_140' title='bbox 1986 1421 2099 1471; x_wconf 67' lang='lat' dir='ltr'>noemae</span> 
     </span>
     <span class='ocr_line' id='line_1_11' title="bbox 400 1501 2099 1580; baseline -0.005 -15"><span class='ocrx_word' id='word_1_141' title='bbox 400 1516 459 1578; x_wconf 92' lang='lat' dir='ltr'>tur,</span> <span class='ocrx_word' id='word_1_142' title='bbox 485 1509 536 1564; x_wconf 89' lang='lat' dir='ltr'>sed</span> <span class='ocrx_word' id='word_1_143' title='bbox 560 1512 696 1580; x_wconf 90' lang='lat' dir='ltr'>quatenus</span> <span class='ocrx_word' id='word_1_144' title='bbox 718 1507 830 1563; x_wconf 88' lang='lat' dir='ltr'>defectu</span> <span class='ocrx_word' id='word_1_145' title='bbox 848 1508 968 1579; x_wconf 89' lang='lat' dir='ltr'>quodam</span> <span class='ocrx_word' id='word_1_146' title='bbox 986 1506 1078 1562; x_wconf 86' lang='lat' dir='ltr'>adhuc</span> <span class='ocrx_word' id='word_1_147' title='bbox 1096 1503 1233 1571; x_wconf 83' lang='lat' dir='ltr'>laborant,</span> <span class='ocrx_word' id='word_1_148' title='bbox 1257 1502 1348 1571; x_wconf 90' lang='lat' dir='ltr'>carni,</span> <span class='ocrx_word' id='word_1_149' title='bbox 1366 1503 1440 1574; x_wconf 93' lang='lat' dir='ltr'>quod</span> <span class='ocrx_word' id='word_1_150' title='bbox 1459 1502 1572 1574; x_wconf 89' lang='lat' dir='ltr'>bonum,</span> <span class='ocrx_word' id='word_1_151' title='bbox 1592 1504 1621 1558; x_wconf 94' lang='lat' dir='ltr'>id</span> <span class='ocrx_word' id='word_1_152' title='bbox 1641 1502 1756 1574; x_wconf 87' lang='lat' dir='ltr'>Spiritui</span> <span class='ocrx_word' id='word_1_153' title='bbox 1773 1501 1802 1555; x_wconf 91' lang='lat' dir='ltr'>in</span> <span class='ocrx_word' id='word_1_154' title='bbox 1821 1501 1902 1557; x_wconf 89' lang='lat' dir='ltr'>nobis</span> <span class='ocrx_word' id='word_1_155' title='bbox 1920 1518 1955 1556; x_wconf 85' lang='lat' dir='ltr'>ac</span> <span class='ocrx_word' id='word_1_156' title='bbox 1975 1518 2029 1573; x_wconf 90' lang='lat' dir='ltr'>per</span> <span class='ocrx_word' id='word_1_157' title='bbox 2046 1519 2099 1557; x_wconf 88' lang='lat' dir='ltr'>nos</span> 
     </span>
     <span class='ocr_line' id='line_1_12' title="bbox 401 1587 2098 1669; baseline -0.004 -19"><span class='ocrx_word' id='word_1_158' title='bbox 401 1594 449 1669; x_wconf 89' lang='lat' dir='ltr'>qui</span> <span class='ocrx_word' id='word_1_159' title='bbox 476 1593 600 1651; x_wconf 89' lang='lat' dir='ltr'>defectus</span> <span class='ocrx_word' id='word_1_160' title='bbox 628 1610 684 1649; x_wconf 87' lang='lat' dir='ltr'>nou</span> <span class='ocrx_word' id='word_1_161' title='bbox 711 1593 822 1662; x_wconf 90' lang='lat' dir='ltr'>aDeo,</span> <span class='ocrx_word' id='word_1_162' title='bbox 847 1594 934 1649; x_wconf 90' lang='lat' dir='ltr'>seda</span> <span class='ocrx_word' id='word_1_163' title='bbox 956 1608 1040 1648; x_wconf 88' lang='lat' dir='ltr'>carne</span> <span class='ocrx_word' id='word_1_164' title='bbox 1061 1598 1157 1646; x_wconf 90' lang='lat' dir='ltr'>nostra</span> <span class='ocrx_word' id='word_1_165' title='bbox 1173 1605 1233 1644; x_wconf 90' lang='lat' dir='ltr'>cor-</span> <span class='ocrx_word' id='word_1_166' title='bbox 1258 1588 1384 1659; x_wconf 88' lang='lat' dir='ltr'>operanti</span> <span class='ocrx_word' id='word_1_167' title='bbox 1410 1588 1587 1645; x_wconf 89' lang='lat' dir='ltr'>tribuendum</span> <span class='ocrx_word' id='word_1_168' title='bbox 1611 1596 1660 1643; x_wconf 89' lang='lat' dir='ltr'>est.</span> <span class='ocrx_word' id='word_1_169' title='bbox 1697 1588 1867 1660; x_wconf 77' lang='lat' dir='ltr'>Propagstio</span> <span class='ocrx_word' id='word_1_170' title='bbox 1892 1587 2033 1644; x_wconf 87' lang='lat' dir='ltr'>humanae</span> <span class='ocrx_word' id='word_1_171' title='bbox 2048 1604 2098 1643; x_wconf 88' lang='lat' dir='ltr'>ua·</span> 
     </span>
     <span class='ocr_line' id='line_1_13' title="bbox 400 1674 2098 1752; baseline -0.004 -15"><span class='ocrx_word' id='word_1_172' title='bbox 400 1686 484 1752; x_wconf 88' lang='lat' dir='ltr'>rupta</span> <span class='ocrx_word' id='word_1_173' title='bbox 507 1681 601 1736; x_wconf 89' lang='lat' dir='ltr'>oritur.</span> <span class='ocrx_word' id='word_1_174' title='bbox 637 1684 662 1736; x_wconf 76' lang='grc'>4.</span> <span class='ocrx_word' id='word_1_175' title='bbox 688 1680 723 1734; x_wconf 74' lang='lat' dir='ltr'>ss·</span> <span class='ocrx_word' id='word_1_176' title='bbox 746 1679 841 1732; x_wconf 86' lang='lat' dir='ltr'>omnic</span> <span class='ocrx_word' id='word_1_177' title='bbox 857 1679 1001 1748; x_wconf 81' lang='lat' dir='ltr'>justorum</span> <span class='ocrx_word' id='word_1_178' title='bbox 1030 1694 1119 1747; x_wconf 80' lang='lat' dir='ltr'>opero</span> <span class='ocrx_word' id='word_1_179' title='bbox 1142 1680 1234 1730; x_wconf 82' lang='lat' dir='ltr'>essent</span> <span class='ocrx_word' id='word_1_180' title='bbox 1258 1680 1338 1731; x_wconf 89' lang='lat' dir='ltr'>turae</span> <span class='ocrx_word' id='word_1_181' title='bbox 1363 1681 1405 1731; x_wconf 91' lang='lat' dir='ltr'>est</span> <span class='ocrx_word' id='word_1_182' title='bbox 1427 1693 1497 1747; x_wconf 91' lang='lat' dir='ltr'>opus</span> <span class='ocrx_word' id='word_1_183' title='bbox 1524 1675 1649 1730; x_wconf 85' lang='lat' dir='ltr'>divinum</span> <span class='ocrx_word' id='word_1_184' title='bbox 1666 1692 1716 1746; x_wconf 90' lang='lat' dir='ltr'>per</span> <span class='ocrx_word' id='word_1_185' title='bbox 1734 1691 1764 1730; x_wconf 89' lang='lat' dir='ltr'>se</span> <span class='ocrx_word' id='word_1_186' title='bbox 1783 1674 1900 1744; x_wconf 90' lang='lat' dir='ltr'>bonum,</span> <span class='ocrx_word' id='word_1_187' title='bbox 1926 1674 2038 1730; x_wconf 86' lang='lat' dir='ltr'>interim</span> <span class='ocrx_word' id='word_1_188' title='bbox 2056 1675 2098 1730; x_wconf 90' lang='lat' dir='ltr'>illi</span> 
     </span>
     <span class='ocr_line' id='line_1_14' title="bbox 397 1762 2098 1838; baseline -0.002 -16"><span class='ocrx_word' id='word_1_189' title='bbox 397 1774 524 1838; x_wconf 79' lang='lat' dir='ltr'>peceato,</span> <span class='ocrx_word' id='word_1_190' title='bbox 542 1766 671 1821; x_wconf 78' lang='lat' dir='ltr'>Christus</span> <span class='ocrx_word' id='word_1_191' title='bbox 689 1784 709 1820; x_wconf 88' lang='lat' dir='ltr'>o</span> <span class='ocrx_word' id='word_1_192' title='bbox 727 1765 809 1819; x_wconf 86' lang='lat' dir='ltr'>nulla</span> <span class='ocrx_word' id='word_1_193' title='bbox 826 1765 975 1834; x_wconf 71' lang='lat' dir='ltr'>iniquitate</span> <span class='ocrx_word' id='word_1_194' title='bbox 994 1781 1046 1818; x_wconf 88' lang='lat' dir='ltr'>nos</span> <span class='ocrx_word' id='word_1_195' title='bbox 1063 1762 1233 1828; x_wconf 76' lang='lat' dir='ltr'>redemisset,</span> <span class='ocrx_word' id='word_1_196' title='bbox 1258 1762 1313 1833; x_wconf 90' lang='lat' dir='ltr'>ipsi</span> <span class='ocrx_word' id='word_1_197' title='bbox 1338 1768 1454 1818; x_wconf 88' lang='lat' dir='ltr'>naturae</span> <span class='ocrx_word' id='word_1_198' title='bbox 1478 1762 1611 1817; x_wconf 83' lang='lat' dir='ltr'>adhaeret</span> <span class='ocrx_word' id='word_1_199' title='bbox 1635 1762 1770 1833; x_wconf 83' lang='lat' dir='ltr'>originale</span> <span class='ocrx_word' id='word_1_200' title='bbox 1791 1767 1950 1832; x_wconf 88' lang='lat' dir='ltr'>peccatum,</span> <span class='ocrx_word' id='word_1_201' title='bbox 1978 1767 2012 1816; x_wconf 90' lang='lat' dir='ltr'>ut</span> <span class='ocrx_word' id='word_1_202' title='bbox 2029 1778 2098 1834; x_wconf 79' lang='lat' dir='ltr'>ergo</span> 
     </span>
     <span class='ocr_line' id='line_1_15' title="bbox 401 1846 2099 1925; baseline -0.003 -17"><span class='ocrx_word' id='word_1_203' title='bbox 401 1870 451 1908; x_wconf 88' lang='lat' dir='ltr'>nec</span> <span class='ocrx_word' id='word_1_204' title='bbox 477 1870 539 1907; x_wconf 83' lang='lat' dir='ltr'>nere</span> <span class='ocrx_word' id='word_1_205' title='bbox 556 1853 796 1925; x_wconf 75' lang='lat' dir='ltr'>populumsuum</span> <span class='ocrx_word' id='word_1_206' title='bbox 816 1853 988 1920; x_wconf 81' lang='lat' dir='ltr'>mundasset,</span> <span class='ocrx_word' id='word_1_207' title='bbox 1014 1867 1065 1904; x_wconf 88' lang='lat' dir='ltr'>nee</span> <span class='ocrx_word' id='word_1_208' title='bbox 1082 1855 1235 1903; x_wconf 73' lang='lat' dir='ltr'>semotores</span> <span class='ocrx_word' id='word_1_209' title='bbox 1258 1848 1288 1903; x_wconf 90' lang='lat' dir='ltr'>in</span> <span class='ocrx_word' id='word_1_210' title='bbox 1304 1848 1357 1904; x_wconf 93' lang='lat' dir='ltr'>hoc</span> <span class='ocrx_word' id='word_1_211' title='bbox 1374 1866 1457 1921; x_wconf 91' lang='lat' dir='ltr'>opere</span> <span class='ocrx_word' id='word_1_212' title='bbox 1476 1849 1601 1903; x_wconf 86' lang='lat' dir='ltr'>divinum</span> <span class='ocrx_word' id='word_1_213' title='bbox 1619 1846 1784 1903; x_wconf 85' lang='lat' dir='ltr'>beneficium</span> <span class='ocrx_word' id='word_1_214' title='bbox 1803 1847 1984 1919; x_wconf 81' lang='lat' dir='ltr'>distinguitur</span> <span class='ocrx_word' id='word_1_215' title='bbox 2001 1866 2019 1903; x_wconf 88' lang='lat' dir='ltr'>a</span> <span class='ocrx_word' id='word_1_216' title='bbox 2032 1865 2099 1919; x_wconf 88' lang='lat' dir='ltr'>pec-</span> 
     </span>
     <span class='ocr_line' id='line_1_16' title="bbox 401 1935 2099 2010; baseline -0.002 -17"><span class='ocrx_word' id='word_1_217' title='bbox 401 1942 536 1994; x_wconf 73' lang='lat' dir='ltr'>bononum</span> <span class='ocrx_word' id='word_1_218' title='bbox 547 1956 670 2010; x_wconf 76' lang='lat' dir='ltr'>opsmm,</span> <span class='ocrx_word' id='word_1_219' title='bbox 683 1941 921 2010; x_wconf 83' lang='lat' dir='ltr'>sedpeccctorum</span> <span class='ocrx_word' id='word_1_220' title='bbox 932 1937 1094 1993; x_wconf 78' lang='lat' dir='ltr'>mortalium</span> <span class='ocrx_word' id='word_1_221' title='bbox 1104 1935 1232 2005; x_wconf 85' lang='lat' dir='ltr'>fecisset.</span> <span class='ocrx_word' id='word_1_222' title='bbox 1259 1936 1313 1991; x_wconf 89' lang='lat' dir='ltr'>cati</span> <span class='ocrx_word' id='word_1_223' title='bbox 1340 1936 1422 2007; x_wconf 85' lang='lat' dir='ltr'>vitio,</span> <span class='ocrx_word' id='word_1_224' title='bbox 1445 1936 1485 1990; x_wconf 87' lang='lat' dir='ltr'>ita</span> <span class='ocrx_word' id='word_1_225' title='bbox 1510 1952 1619 2007; x_wconf 90' lang='lat' dir='ltr'>quoque</span> <span class='ocrx_word' id='word_1_226' title='bbox 1639 1935 1668 1989; x_wconf 91' lang='lat' dir='ltr'>in</span> <span class='ocrx_word' id='word_1_227' title='bbox 1688 1935 1832 2006; x_wconf 89' lang='lat' dir='ltr'>operibus,</span> <span class='ocrx_word' id='word_1_228' title='bbox 1861 1952 1932 2006; x_wconf 89' lang='lat' dir='ltr'>quae</span> <span class='ocrx_word' id='word_1_229' title='bbox 1950 1935 2030 1990; x_wconf 88' lang='lat' dir='ltr'>Deus</span> <span class='ocrx_word' id='word_1_230' title='bbox 2047 1952 2099 2007; x_wconf 86' lang='lat' dir='ltr'>per</span> 
     </span>
     <span class='ocr_line' id='line_1_17' title="bbox 402 2019 2100 2098; baseline -0.004 -16"><span class='ocrx_word' id='word_1_231' title='bbox 402 2026 627 2098; x_wconf 86' lang='lat' dir='ltr'>Respondemus:</span> <span class='ocrx_word' id='word_1_232' title='bbox 656 2026 711 2081; x_wconf 88' lang='lat' dir='ltr'>imo</span> <span class='ocrx_word' id='word_1_233' title='bbox 736 2042 801 2081; x_wconf 83' lang='lat' dir='ltr'>vcro</span> <span class='ocrx_word' id='word_1_234' title='bbox 826 2026 864 2081; x_wconf 90' lang='lat' dir='ltr'>ah</span> <span class='ocrx_word' id='word_1_235' title='bbox 890 2025 964 2081; x_wconf 91' lang='lat' dir='ltr'>omni</span> <span class='ocrx_word' id='word_1_236' title='bbox 986 2024 1133 2096; x_wconf 85' lang='lat' dir='ltr'>iniquitate</span> <span class='ocrx_word' id='word_1_237' title='bbox 1156 2019 1233 2076; x_wconf 83' lang='lat' dir='ltr'>chri-</span> <span class='ocrx_word' id='word_1_238' title='bbox 1259 2029 1370 2078; x_wconf 90' lang='lat' dir='ltr'>renatos</span> <span class='ocrx_word' id='word_1_239' title='bbox 1389 2028 1534 2094; x_wconf 87' lang='lat' dir='ltr'>operatur,</span> <span class='ocrx_word' id='word_1_240' title='bbox 1562 2021 1637 2077; x_wconf 92' lang='lat' dir='ltr'>idem</span> <span class='ocrx_word' id='word_1_241' title='bbox 1661 2020 1818 2077; x_wconf 87' lang='lat' dir='ltr'>faciendum</span> <span class='ocrx_word' id='word_1_242' title='bbox 1846 2022 1905 2078; x_wconf 90' lang='lat' dir='ltr'>erit.</span> <span class='ocrx_word' id='word_1_243' title='bbox 1950 2025 1976 2076; x_wconf 83' lang='lat'>2.</span> <span class='ocrx_word' id='word_1_244' title='bbox 1999 2024 2100 2092; x_wconf 78' lang='lat' dir='ltr'>Opera</span> 
     </span>
     <span class='ocr_line' id='line_1_18' title="bbox 281 2109 2098 2183; baseline -0.002 -16"><span class='ocrx_word' id='word_1_245' title='bbox 281 2118 342 2161; x_wconf 85' lang='lat' dir='ltr'>vm.</span> <span class='ocrx_word' id='word_1_246' title='bbox 355 2118 388 2161; x_wconf 79' lang='lat' dir='ltr'>tt.</span> <span class='ocrx_word' id='word_1_247' title='bbox 403 2120 461 2169; x_wconf 90' lang='lat' dir='ltr'>stus</span> <span class='ocrx_word' id='word_1_248' title='bbox 487 2131 537 2168; x_wconf 90' lang='lat' dir='ltr'>nos</span> <span class='ocrx_word' id='word_1_249' title='bbox 561 2112 692 2177; x_wconf 86' lang='lat' dir='ltr'>redemit,</span> <span class='ocrx_word' id='word_1_250' title='bbox 717 2118 749 2168; x_wconf 89' lang='lat' dir='ltr'>ut</span> <span class='ocrx_word' id='word_1_251' title='bbox 773 2119 886 2183; x_wconf 88' lang='lat' dir='ltr'>propter</span> <span class='ocrx_word' id='word_1_252' title='bbox 908 2111 1000 2183; x_wconf 91' lang='lat' dir='ltr'>ipsum</span> <span class='ocrx_word' id='word_1_253' title='bbox 1024 2114 1141 2181; x_wconf 89' lang='lat' dir='ltr'>peccata</span> <span class='ocrx_word' id='word_1_254' title='bbox 1161 2124 1234 2162; x_wconf 91' lang='lat' dir='ltr'>com·</span> <span class='ocrx_word' id='word_1_255' title='bbox 1260 2110 1333 2162; x_wconf 75' lang='lat' dir='ltr'>borsa</span> <span class='ocrx_word' id='word_1_256' title='bbox 1351 2109 1575 2180; x_wconf 67' lang='lat' dir='ltr'>capesseremne</span> <span class='ocrx_word' id='word_1_257' title='bbox 1595 2126 1626 2163; x_wconf 78' lang='lat' dir='ltr'>ae</span> <span class='ocrx_word' id='word_1_258' title='bbox 1644 2109 1760 2178; x_wconf 83' lang='lat' dir='ltr'>objecto,</span> <span class='ocrx_word' id='word_1_259' title='bbox 1778 2110 1967 2163; x_wconf 81' lang='lat' dir='ltr'>sedmcioec</span> <span class='ocrx_word' id='word_1_260' title='bbox 1979 2110 2098 2163; x_wconf 83' lang='lat' dir='ltr'>circum·</span> 
     </span>
     <span class='ocr_line' id='line_1_19' title="bbox 402 2193 2099 2268; baseline -0.004 -13"><span class='ocrx_word' id='word_1_261' title='bbox 402 2201 486 2255; x_wconf 89' lang='lat' dir='ltr'>missa</span> <span class='ocrx_word' id='word_1_262' title='bbox 511 2199 687 2255; x_wconf 87' lang='lat' dir='ltr'>remittantur</span> <span class='ocrx_word' id='word_1_263' title='bbox 711 2204 741 2254; x_wconf 90' lang='lat' dir='ltr'>et</span> <span class='ocrx_word' id='word_1_264' title='bbox 764 2198 909 2253; x_wconf 84' lang='lat' dir='ltr'>inhaerens</span> <span class='ocrx_word' id='word_1_265' title='bbox 933 2202 1079 2268; x_wconf 86' lang='lat' dir='ltr'>peccatum</span> <span class='ocrx_word' id='word_1_266' title='bbox 1103 2213 1159 2250; x_wconf 91' lang='lat' dir='ltr'>non</span> <span class='ocrx_word' id='word_1_267' title='bbox 1183 2193 1234 2247; x_wconf 93' lang='lat' dir='ltr'>im·</span> <span class='ocrx_word' id='word_1_268' title='bbox 1259 2197 1366 2249; x_wconf 85' lang='lat' dir='ltr'>stantia</span> <span class='ocrx_word' id='word_1_269' title='bbox 1389 2215 1445 2251; x_wconf 89' lang='lat' dir='ltr'>non</span> <span class='ocrx_word' id='word_1_270' title='bbox 1468 2204 1531 2249; x_wconf 88' lang='lat' dir='ltr'>sunt</span> <span class='ocrx_word' id='word_1_271' title='bbox 1549 2196 1623 2249; x_wconf 85' lang='lat' dir='ltr'>hono</span> <span class='ocrx_word' id='word_1_272' title='bbox 1640 2197 1820 2265; x_wconf 79' lang='lat' dir='ltr'>simpliciter,</span> <span class='ocrx_word' id='word_1_273' title='bbox 1842 2198 1896 2250; x_wconf 84' lang='lat' dir='ltr'>sed</span> <span class='ocrx_word' id='word_1_274' title='bbox 1910 2197 2003 2266; x_wconf 85' lang='lat' dir='ltr'>mola,</span> <span class='ocrx_word' id='word_1_275' title='bbox 2028 2197 2099 2266; x_wconf 81' lang='lat' dir='ltr'>quic</span> 
     </span>
     <span class='ocr_line' id='line_1_20' title="bbox 401 2280 2098 2357; baseline -0.002 -17"><span class='ocrx_word' id='word_1_276' title='bbox 401 2291 522 2357; x_wconf 88' lang='lat' dir='ltr'>putetur,</span> <span class='ocrx_word' id='word_1_277' title='bbox 542 2285 592 2341; x_wconf 90' lang='lat' dir='ltr'>sed</span> <span class='ocrx_word' id='word_1_278' title='bbox 610 2286 782 2341; x_wconf 89' lang='lat' dir='ltr'>condonetur</span> <span class='ocrx_word' id='word_1_279' title='bbox 800 2291 829 2341; x_wconf 90' lang='lat' dir='ltr'>et</span> <span class='ocrx_word' id='word_1_280' title='bbox 840 2284 944 2355; x_wconf 83' lang='lat' dir='ltr'>Spiritu</span> <span class='ocrx_word' id='word_1_281' title='bbox 962 2289 1057 2338; x_wconf 90' lang='lat' dir='ltr'>sancto</span> <span class='ocrx_word' id='word_1_282' title='bbox 1077 2280 1234 2337; x_wconf 87' lang='lat' dir='ltr'>nohisdato</span> <span class='ocrx_word' id='word_1_283' title='bbox 1260 2282 1359 2336; x_wconf 83' lang='lat' dir='ltr'>bonum</span> <span class='ocrx_word' id='word_1_284' title='bbox 1380 2301 1435 2336; x_wconf 89' lang='lat' dir='ltr'>non</span> <span class='ocrx_word' id='word_1_285' title='bbox 1462 2282 1578 2346; x_wconf 69' lang='lat' dir='ltr'>misti,</span> <span class='ocrx_word' id='word_1_286' title='bbox 1602 2283 1661 2337; x_wconf 84' lang='lat' dir='ltr'>nisi</span> <span class='ocrx_word' id='word_1_287' title='bbox 1682 2299 1715 2335; x_wconf 81' lang='lat' dir='ltr'>es</span> <span class='ocrx_word' id='word_1_288' title='bbox 1734 2301 1821 2337; x_wconf 86' lang='lat' dir='ltr'>causo</span> <span class='ocrx_word' id='word_1_289' title='bbox 1841 2282 1964 2352; x_wconf 76' lang='lat' dir='ltr'>inteqro,</span> <span class='ocrx_word' id='word_1_290' title='bbox 1990 2284 2098 2336; x_wconf 85' lang='lat' dir='ltr'>mulum</span> 
     </span>
     <span class='ocr_line' id='line_1_21' title="bbox 401 2368 2098 2443; baseline -0.001 -17"><span class='ocrx_word' id='word_1_291' title='bbox 401 2371 595 2439; x_wconf 85' lang='lat' dir='ltr'>mortificetur,</span> <span class='ocrx_word' id='word_1_292' title='bbox 623 2371 783 2443; x_wconf 90' lang='lat' dir='ltr'>plenissima</span> <span class='ocrx_word' id='word_1_293' title='bbox 812 2370 849 2426; x_wconf 88' lang='lat' dir='ltr'>ab</span> <span class='ocrx_word' id='word_1_294' title='bbox 874 2371 948 2425; x_wconf 92' lang='lat' dir='ltr'>omni</span> <span class='ocrx_word' id='word_1_295' title='bbox 974 2368 1182 2441; x_wconf 79' lang='lat' dir='ltr'>imperfectione</span> <span class='ocrx_word' id='word_1_296' title='bbox 1206 2373 1235 2422; x_wconf 89' lang='lat' dir='ltr'>et</span> <span class='ocrx_word' id='word_1_297' title='bbox 1259 2386 1325 2422; x_wconf 86' lang='lat' dir='ltr'>osro</span> <span class='ocrx_word' id='word_1_298' title='bbox 1350 2386 1382 2422; x_wconf 83' lang='lat' dir='ltr'>ea</span> <span class='ocrx_word' id='word_1_299' title='bbox 1405 2369 1528 2438; x_wconf 83' lang='lat' dir='ltr'>quolibet</span> <span class='ocrx_word' id='word_1_300' title='bbox 1549 2370 1626 2423; x_wconf 82' lang='lat' dir='ltr'>vitio.</span> <span class='ocrx_word' id='word_1_301' title='bbox 1662 2369 1886 2439; x_wconf 87' lang='lat' dir='ltr'>Respondemus:</span> <span class='ocrx_word' id='word_1_302' title='bbox 1914 2368 2016 2424; x_wconf 89' lang='lat' dir='ltr'>Denuo</span> <span class='ocrx_word' id='word_1_303' title='bbox 2033 2371 2098 2441; x_wconf 89' lang='lat' dir='ltr'>plus</span> 
     </span>
     <span class='ocr_line' id='line_1_22' title="bbox 399 2453 2098 2531; baseline -0.002 -17"><span class='ocrx_word' id='word_1_304' title='bbox 399 2476 501 2531; x_wconf 82' lang='lat' dir='ltr'>pravae</span> <span class='ocrx_word' id='word_1_305' title='bbox 520 2458 761 2529; x_wconf 86' lang='lat' dir='ltr'>concupiscentiae</span> <span class='ocrx_word' id='word_1_306' title='bbox 780 2458 845 2513; x_wconf 89' lang='lat' dir='ltr'>labe</span> <span class='ocrx_word' id='word_1_307' title='bbox 862 2456 991 2529; x_wconf 84' lang='lat' dir='ltr'>purgatio</span> <span class='ocrx_word' id='word_1_308' title='bbox 1009 2473 1042 2510; x_wconf 90' lang='lat' dir='ltr'>ac</span> <span class='ocrx_word' id='word_1_309' title='bbox 1058 2454 1186 2510; x_wconf 87' lang='lat' dir='ltr'>liberatio</span> <span class='ocrx_word' id='word_1_310' title='bbox 1204 2453 1233 2506; x_wconf 92' lang='lat' dir='ltr'>in</span> <span class='ocrx_word' id='word_1_311' title='bbox 1260 2459 1302 2509; x_wconf 91' lang='lat' dir='ltr'>est</span> <span class='ocrx_word' id='word_1_312' title='bbox 1320 2454 1349 2509; x_wconf 90' lang='lat' dir='ltr'>in</span> <span class='ocrx_word' id='word_1_313' title='bbox 1366 2461 1561 2526; x_wconf 86' lang='lat' dir='ltr'>consequente,</span> <span class='ocrx_word' id='word_1_314' title='bbox 1579 2472 1662 2526; x_wconf 89' lang='lat' dir='ltr'>quam</span> <span class='ocrx_word' id='word_1_315' title='bbox 1682 2456 1848 2511; x_wconf 90' lang='lat' dir='ltr'>antecedens</span> <span class='ocrx_word' id='word_1_316' title='bbox 1863 2455 2007 2526; x_wconf 89' lang='lat' dir='ltr'>permittit.</span> <span class='ocrx_word' id='word_1_317' title='bbox 2038 2455 2098 2511; x_wconf 82' lang='lat' dir='ltr'>Ad·</span> 
     </span>
     <span class='ocr_line' id='line_1_23' title="bbox 400 2531 2097 2618; baseline -0.003 -16"><span class='ocrx_word' id='word_1_318' title='bbox 400 2546 495 2602; x_wconf 85' lang='lat' dir='ltr'>futura</span> <span class='ocrx_word' id='word_1_319' title='bbox 517 2546 576 2601; x_wconf 83' lang='lat' dir='ltr'>rita</span> <span class='ocrx_word' id='word_1_320' title='bbox 599 2545 695 2601; x_wconf 92' lang='lat' dir='ltr'>eodem</span> <span class='ocrx_word' id='word_1_321' title='bbox 713 2544 816 2599; x_wconf 77' lang='lat' dir='ltr'>Ghristi</span> <span class='ocrx_word' id='word_1_322' title='bbox 834 2544 931 2599; x_wconf 87' lang='lat' dir='ltr'>merito</span> <span class='ocrx_word' id='word_1_323' title='bbox 949 2560 982 2597; x_wconf 87' lang='lat' dir='ltr'>ac</span> <span class='ocrx_word' id='word_1_324' title='bbox 1000 2541 1135 2598; x_wconf 88' lang='lat' dir='ltr'>beneficio</span> <span class='ocrx_word' id='word_1_325' title='bbox 1153 2539 1240 2618; x_wconf 56' lang='lat' dir='ltr'>nobis⁴</span> <span class='ocrx_word' id='word_1_326' title='bbox 1259 2540 1374 2596; x_wconf 88' lang='lat' dir='ltr'>haerens</span> <span class='ocrx_word' id='word_1_327' title='bbox 1391 2540 1462 2596; x_wconf 89' lang='lat' dir='ltr'>illud</span> <span class='ocrx_word' id='word_1_328' title='bbox 1479 2540 1576 2595; x_wconf 83' lang='lat' dir='ltr'>vitium</span> <span class='ocrx_word' id='word_1_329' title='bbox 1594 2541 1646 2595; x_wconf 91' lang='lat' dir='ltr'>hoc</span> <span class='ocrx_word' id='word_1_330' title='bbox 1663 2541 1764 2611; x_wconf 89' lang='lat' dir='ltr'>efficit,</span> <span class='ocrx_word' id='word_1_331' title='bbox 1788 2548 1820 2596; x_wconf 91' lang='lat' dir='ltr'>ut</span> <span class='ocrx_word' id='word_1_332' title='bbox 1844 2542 1918 2597; x_wconf 85' lang='lat' dir='ltr'>bona</span> <span class='ocrx_word' id='word_1_333' title='bbox 1935 2531 2097 2597; x_wconf 79' lang='lat' dir='ltr'>renatorum</span> 
     </span>
     <span class='ocr_line' id='line_1_24' title="bbox 399 2627 2097 2703; baseline -0.002 -15"><span class='ocrx_word' id='word_1_334' title='bbox 399 2633 549 2703; x_wconf 79' lang='lat' dir='ltr'>continget</span> <span class='ocrx_word' id='word_1_335' title='bbox 593 2635 617 2685; x_wconf 79' lang='lat'>5.</span> <span class='ocrx_word' id='word_1_336' title='bbox 645 2630 681 2684; x_wconf 82' lang='lat' dir='ltr'>Si</span> <span class='ocrx_word' id='word_1_337' title='bbox 701 2631 796 2685; x_wconf 87' lang='lat' dir='ltr'>omnia</span> <span class='ocrx_word' id='word_1_338' title='bbox 823 2647 911 2699; x_wconf 80' lang='lat' dir='ltr'>opero</span> <span class='ocrx_word' id='word_1_339' title='bbox 935 2630 1008 2684; x_wconf 84' lang='lat' dir='ltr'>bono</span> <span class='ocrx_word' id='word_1_340' title='bbox 1029 2636 1094 2681; x_wconf 88' lang='lat' dir='ltr'>sunt</span> <span class='ocrx_word' id='word_1_341' title='bbox 1112 2636 1232 2697; x_wconf 84' lang='lat' dir='ltr'>peccatu</span> <span class='ocrx_word' id='word_1_342' title='bbox 1259 2643 1343 2698; x_wconf 91' lang='lat' dir='ltr'>opera</span> <span class='ocrx_word' id='word_1_343' title='bbox 1369 2645 1424 2682; x_wconf 92' lang='lat' dir='ltr'>non</span> <span class='ocrx_word' id='word_1_344' title='bbox 1453 2628 1560 2699; x_wconf 89' lang='lat' dir='ltr'>possint</span> <span class='ocrx_word' id='word_1_345' title='bbox 1590 2627 1646 2682; x_wconf 91' lang='lat' dir='ltr'>dici</span> <span class='ocrx_word' id='word_1_346' title='bbox 1676 2646 1781 2683; x_wconf 90' lang='lat' dir='ltr'>summo</span> <span class='ocrx_word' id='word_1_347' title='bbox 1806 2629 1896 2701; x_wconf 82' lang='lat' dir='ltr'>gradu</span> <span class='ocrx_word' id='word_1_348' title='bbox 1920 2635 1949 2683; x_wconf 90' lang='lat' dir='ltr'>et</span> <span class='ocrx_word' id='word_1_349' title='bbox 1972 2629 2097 2700; x_wconf 89' lang='lat' dir='ltr'>perfecte</span> 
     </span>
     <span class='ocr_line' id='line_1_25' title="bbox 399 2714 2096 2786; baseline 0.001 -15"><span class='ocrx_word' id='word_1_350' title='bbox 399 2718 542 2782; x_wconf 79' lang='lat' dir='ltr'>mortalia,</span> <span class='ocrx_word' id='word_1_351' title='bbox 559 2717 699 2786; x_wconf 81' lang='lat' dir='ltr'>sequitur,</span> <span class='ocrx_word' id='word_1_352' title='bbox 725 2725 756 2769; x_wconf 88' lang='lat' dir='ltr'>ut</span> <span class='ocrx_word' id='word_1_353' title='bbox 775 2716 873 2785; x_wconf 87' lang='lat' dir='ltr'>aliquo</span> <span class='ocrx_word' id='word_1_354' title='bbox 888 2722 1006 2785; x_wconf 83' lang='lat' dir='ltr'>peecata</span> <span class='ocrx_word' id='word_1_355' title='bbox 1024 2714 1159 2768; x_wconf 73' lang='lat' dir='ltr'>momalic</span> <span class='ocrx_word' id='word_1_356' title='bbox 1175 2714 1233 2766; x_wconf 87' lang='lat' dir='ltr'>sint</span> <span class='ocrx_word' id='word_1_357' title='bbox 1258 2714 1345 2782; x_wconf 90' lang='lat' dir='ltr'>bona,</span> <span class='ocrx_word' id='word_1_358' title='bbox 1373 2730 1548 2786; x_wconf 88' lang='lat' dir='ltr'>nequaquam</span> <span class='ocrx_word' id='word_1_359' title='bbox 1566 2732 1630 2770; x_wconf 82' lang='lat' dir='ltr'>vero</span> <span class='ocrx_word' id='word_1_360' title='bbox 1649 2715 1702 2771; x_wconf 89' lang='lat' dir='ltr'>hoc</span> <span class='ocrx_word' id='word_1_361' title='bbox 1721 2715 1817 2779; x_wconf 89' lang='lat' dir='ltr'>infert,</span> <span class='ocrx_word' id='word_1_362' title='bbox 1835 2720 1867 2770; x_wconf 93' lang='lat' dir='ltr'>ut</span> <span class='ocrx_word' id='word_1_363' title='bbox 1886 2715 2052 2786; x_wconf 89' lang='lat' dir='ltr'>simpliciter</span> <span class='ocrx_word' id='word_1_364' title='bbox 2068 2724 2096 2772; x_wconf 89' lang='lat' dir='ltr'>et</span> 
     </span>
     <span class='ocr_line' id='line_1_26' title="bbox 399 2800 2094 2875; baseline 0.001 -18"><span class='ocrx_word' id='word_1_365' title='bbox 399 2806 472 2860; x_wconf 83' lang='lat' dir='ltr'>bono</span> <span class='ocrx_word' id='word_1_366' title='bbox 494 2821 599 2874; x_wconf 84' lang='lat' dir='ltr'>opero,</span> <span class='ocrx_word' id='word_1_367' title='bbox 619 2809 647 2856; x_wconf 85' lang='lat' dir='ltr'>et</span> <span class='ocrx_word' id='word_1_368' title='bbox 659 2812 774 2872; x_wconf 75' lang='lat' dir='ltr'>possent</span> <span class='ocrx_word' id='word_1_369' title='bbox 784 2803 856 2871; x_wconf 84' lang='lat' dir='ltr'>fieri</span> <span class='ocrx_word' id='word_1_370' title='bbox 871 2803 902 2856; x_wconf 70' lang='lat' dir='ltr'>ln·</span> <span class='ocrx_word' id='word_1_371' title='bbox 918 2802 1096 2871; x_wconf 76' lang='lat' dir='ltr'>syllopismi:</span> <span class='ocrx_word' id='word_1_372' title='bbox 1131 2800 1233 2856; x_wconf 85' lang='lat' dir='ltr'>Omnia</span> <span class='ocrx_word' id='word_1_373' title='bbox 1259 2800 1386 2856; x_wconf 87' lang='lat' dir='ltr'>absolute</span> <span class='ocrx_word' id='word_1_374' title='bbox 1407 2801 1462 2856; x_wconf 89' lang='lat' dir='ltr'>dici</span> <span class='ocrx_word' id='word_1_375' title='bbox 1481 2801 1603 2856; x_wconf 88' lang='lat' dir='ltr'>debeant</span> <span class='ocrx_word' id='word_1_376' title='bbox 1620 2802 1709 2871; x_wconf 91' lang='lat' dir='ltr'>mala,</span> <span class='ocrx_word' id='word_1_377' title='bbox 1733 2802 1783 2857; x_wconf 91' lang='lat' dir='ltr'>sed</span> <span class='ocrx_word' id='word_1_378' title='bbox 1805 2802 1858 2856; x_wconf 94' lang='lat' dir='ltr'>hoc</span> <span class='ocrx_word' id='word_1_379' title='bbox 1875 2808 1984 2857; x_wconf 87' lang='lat' dir='ltr'>tantum</span> <span class='ocrx_word' id='word_1_380' title='bbox 2005 2805 2094 2875; x_wconf 90' lang='lat' dir='ltr'>scqui-</span> 
     </span>
     <span class='ocr_line' id='line_1_27' title="bbox 399 2888 2094 2961; baseline 0 -16"><span class='ocrx_word' id='word_1_381' title='bbox 399 2909 487 2961; x_wconf 84' lang='lat' dir='ltr'>opsro</span> <span class='ocrx_word' id='word_1_382' title='bbox 514 2891 588 2944; x_wconf 83' lang='lat' dir='ltr'>donc</span> <span class='ocrx_word' id='word_1_383' title='bbox 614 2899 679 2944; x_wconf 85' lang='lat' dir='ltr'>ssnst</span> <span class='ocrx_word' id='word_1_384' title='bbox 701 2890 846 2954; x_wconf 80' lang='lat' dir='ltr'>facienda</span> <span class='ocrx_word' id='word_1_385' title='bbox 887 2888 994 2960; x_wconf 83' lang='lat' dir='ltr'>Aliqua</span> <span class='ocrx_word' id='word_1_386' title='bbox 1014 2898 1136 2958; x_wconf 82' lang='lat' dir='ltr'>peecata</span> <span class='ocrx_word' id='word_1_387' title='bbox 1160 2906 1232 2943; x_wconf 83' lang='lat' dir='ltr'>mor·</span> <span class='ocrx_word' id='word_1_388' title='bbox 1258 2894 1312 2952; x_wconf 91' lang='lat' dir='ltr'>tur,</span> <span class='ocrx_word' id='word_1_389' title='bbox 1331 2888 1406 2960; x_wconf 91' lang='lat' dir='ltr'>quod</span> <span class='ocrx_word' id='word_1_390' title='bbox 1427 2888 1534 2944; x_wconf 82' lang='lat' dir='ltr'>diverso</span> <span class='ocrx_word' id='word_1_391' title='bbox 1552 2894 1681 2959; x_wconf 91' lang='lat' dir='ltr'>respectu</span> <span class='ocrx_word' id='word_1_392' title='bbox 1698 2893 1726 2943; x_wconf 93' lang='lat' dir='ltr'>et</span> <span class='ocrx_word' id='word_1_393' title='bbox 1743 2888 1818 2946; x_wconf 88' lang='lat' dir='ltr'>bona</span> <span class='ocrx_word' id='word_1_394' title='bbox 1833 2889 1889 2943; x_wconf 91' lang='lat' dir='ltr'>sint</span> <span class='ocrx_word' id='word_1_395' title='bbox 1902 2895 1999 2943; x_wconf 90' lang='lat' dir='ltr'>etnon</span> <span class='ocrx_word' id='word_1_396' title='bbox 2012 2890 2094 2945; x_wconf 87' lang='lat' dir='ltr'>bona</span> 
     </span>
     <span class='ocr_line' id='line_1_28' title="bbox 399 2974 2095 3048; baseline 0.001 -17"><span class='ocrx_word' id='word_1_397' title='bbox 399 2977 473 3031; x_wconf 80' lang='lat' dir='ltr'>tolio</span> <span class='ocrx_word' id='word_1_398' title='bbox 494 2983 559 3030; x_wconf 87' lang='lat' dir='ltr'>sunt</span> <span class='ocrx_word' id='word_1_399' title='bbox 581 2991 668 3046; x_wconf 79' lang='lat' dir='ltr'>opera</span> <span class='ocrx_word' id='word_1_400' title='bbox 692 2976 772 3030; x_wconf 81' lang='lat' dir='ltr'>borso.</span> <span class='ocrx_word' id='word_1_401' title='bbox 808 2977 889 3045; x_wconf 79' lang='lat' dir='ltr'>Erqo</span> <span class='ocrx_word' id='word_1_402' title='bbox 913 2976 1013 3045; x_wconf 85' lang='lat' dir='ltr'>aliquo</span> <span class='ocrx_word' id='word_1_403' title='bbox 1027 2982 1147 3045; x_wconf 85' lang='lat' dir='ltr'>peccota</span> <span class='ocrx_word' id='word_1_404' title='bbox 1160 2992 1233 3028; x_wconf 84' lang='lat' dir='ltr'>mor-</span> <span class='ocrx_word' id='word_1_405' title='bbox 1259 2974 1528 3045; x_wconf 68' lang='lat' dir='ltr'>nietam-Dionysii,</span> <span class='ocrx_word' id='word_1_406' title='bbox 1549 2975 1625 3045; x_wconf 89' lang='lat' dir='ltr'>quod</span> <span class='ocrx_word' id='word_1_407' title='bbox 1642 2975 1827 3030; x_wconf 86' lang='lat' dir='ltr'>Bellarminus</span> <span class='ocrx_word' id='word_1_408' title='bbox 1842 2975 1954 3048; x_wconf 83' lang='lat' dir='ltr'>allegat,</span> <span class='ocrx_word' id='word_1_409' title='bbox 1973 2976 2095 3048; x_wconf 82' lang='lat' dir='ltr'>loquitur</span> 
     </span>
     <span class='ocr_line' id='line_1_29' title="bbox 399 3060 2094 3133; baseline 0.001 -16"><span class='ocrx_word' id='word_1_410' title='bbox 399 3063 472 3118; x_wconf 80' lang='lat' dir='ltr'>tolio</span> <span class='ocrx_word' id='word_1_411' title='bbox 483 3070 548 3117; x_wconf 80' lang='lat' dir='ltr'>sunt</span> <span class='ocrx_word' id='word_1_412' title='bbox 558 3063 704 3128; x_wconf 67' lang='lat' dir='ltr'>sedendo.</span> <span class='ocrx_word' id='word_1_413' title='bbox 732 3063 820 3117; x_wconf 88' lang='lat' dir='ltr'>Item:</span> <span class='ocrx_word' id='word_1_414' title='bbox 838 3063 1100 3132; x_wconf 79' lang='lat' dir='ltr'>nullannpeccotum</span> <span class='ocrx_word' id='word_1_415' title='bbox 1114 3062 1233 3115; x_wconf 79' lang='lat' dir='ltr'>rnortole</span> <span class='ocrx_word' id='word_1_416' title='bbox 1260 3062 1294 3116; x_wconf 92' lang='lat' dir='ltr'>de</span> <span class='ocrx_word' id='word_1_417' title='bbox 1316 3079 1362 3130; x_wconf 92' lang='lat' dir='ltr'>ec,</span> <span class='ocrx_word' id='word_1_418' title='bbox 1389 3061 1464 3133; x_wconf 88' lang='lat' dir='ltr'>quod</span> <span class='ocrx_word' id='word_1_419' title='bbox 1488 3061 1580 3133; x_wconf 80' lang='lat' dir='ltr'>gradu</span> <span class='ocrx_word' id='word_1_420' title='bbox 1598 3078 1704 3116; x_wconf 89' lang='lat' dir='ltr'>summo</span> <span class='ocrx_word' id='word_1_421' title='bbox 1726 3068 1753 3117; x_wconf 92' lang='lat' dir='ltr'>et</span> <span class='ocrx_word' id='word_1_422' title='bbox 1771 3060 1973 3133; x_wconf 87' lang='lat' dir='ltr'>perfectissimo</span> <span class='ocrx_word' id='word_1_423' title='bbox 1991 3063 2094 3118; x_wconf 88' lang='lat' dir='ltr'>bonum</span> 
     </span>
     <span class='ocr_line' id='line_1_30' title="bbox 399 3146 2094 3220; baseline -0.001 -15"><span class='ocrx_word' id='word_1_424' title='bbox 399 3158 439 3205; x_wconf 84' lang='lat' dir='ltr'>cst</span> <span class='ocrx_word' id='word_1_425' title='bbox 459 3150 639 3220; x_wconf 82' lang='lat' dir='ltr'>sociendrnn.</span> <span class='ocrx_word' id='word_1_426' title='bbox 682 3150 785 3205; x_wconf 85' lang='lat' dir='ltr'>Omnia</span> <span class='ocrx_word' id='word_1_427' title='bbox 812 3148 885 3203; x_wconf 81' lang='lat' dir='ltr'>hono</span> <span class='ocrx_word' id='word_1_428' title='bbox 914 3166 1002 3218; x_wconf 80' lang='lat' dir='ltr'>opero</span> <span class='ocrx_word' id='word_1_429' title='bbox 1028 3156 1092 3201; x_wconf 84' lang='lat' dir='ltr'>nmt</span> <span class='ocrx_word' id='word_1_430' title='bbox 1113 3156 1233 3217; x_wconf 84' lang='lat' dir='ltr'>peccota</span> <span class='ocrx_word' id='word_1_431' title='bbox 1260 3153 1315 3216; x_wconf 89' lang='lat' dir='ltr'>est,</span> <span class='ocrx_word' id='word_1_432' title='bbox 1338 3146 1407 3201; x_wconf 92' lang='lat' dir='ltr'>illud</span> <span class='ocrx_word' id='word_1_433' title='bbox 1433 3147 1505 3202; x_wconf 91' lang='lat' dir='ltr'>enim</span> <span class='ocrx_word' id='word_1_434' title='bbox 1523 3165 1579 3202; x_wconf 90' lang='lat' dir='ltr'>non</span> <span class='ocrx_word' id='word_1_435' title='bbox 1596 3148 1717 3217; x_wconf 90' lang='lat' dir='ltr'>exsistit,</span> <span class='ocrx_word' id='word_1_436' title='bbox 1743 3147 1796 3202; x_wconf 89' lang='lat' dir='ltr'>nisi</span> <span class='ocrx_word' id='word_1_437' title='bbox 1822 3165 1855 3203; x_wconf 85' lang='lat' dir='ltr'>ex</span> <span class='ocrx_word' id='word_1_438' title='bbox 1875 3148 1985 3220; x_wconf 87' lang='lat' dir='ltr'>integra</span> <span class='ocrx_word' id='word_1_439' title='bbox 2002 3166 2094 3214; x_wconf 68' lang='lat' dir='ltr'>causa</span> 
     </span>
     <span class='ocr_line' id='line_1_31' title="bbox 398 3234 2095 3306; baseline 0.001 -14"><span class='ocrx_word' id='word_1_440' title='bbox 398 3237 541 3293; x_wconf 78' lang='lat' dir='ltr'>mortalia.</span> <span class='ocrx_word' id='word_1_441' title='bbox 573 3239 653 3306; x_wconf 77' lang='lat' dir='ltr'>Erpa</span> <span class='ocrx_word' id='word_1_442' title='bbox 673 3236 782 3290; x_wconf 85' lang='lat' dir='ltr'>nullum</span> <span class='ocrx_word' id='word_1_443' title='bbox 801 3253 872 3305; x_wconf 78' lang='lat' dir='ltr'>opus</span> <span class='ocrx_word' id='word_1_444' title='bbox 891 3236 991 3289; x_wconf 83' lang='lat' dir='ltr'>bonum</span> <span class='ocrx_word' id='word_1_445' title='bbox 1009 3242 1049 3288; x_wconf 86' lang='lat' dir='ltr'>est</span> <span class='ocrx_word' id='word_1_446' title='bbox 1055 3235 1233 3303; x_wconf 80' lang='lat' dir='ltr'>sociandum.</span> <span class='ocrx_word' id='word_1_447' title='bbox 1259 3234 1308 3290; x_wconf 90' lang='lat' dir='ltr'>sed</span> <span class='ocrx_word' id='word_1_448' title='bbox 1333 3252 1366 3289; x_wconf 88' lang='lat' dir='ltr'>ex</span> <span class='ocrx_word' id='word_1_449' title='bbox 1389 3250 1422 3289; x_wconf 91' lang='lat' dir='ltr'>eo</span> <span class='ocrx_word' id='word_1_450' title='bbox 1445 3251 1501 3289; x_wconf 90' lang='lat' dir='ltr'>non</span> <span class='ocrx_word' id='word_1_451' title='bbox 1522 3238 1615 3305; x_wconf 89' lang='lat' dir='ltr'>potest</span> <span class='ocrx_word' id='word_1_452' title='bbox 1633 3234 1742 3303; x_wconf 85' lang='lat' dir='ltr'>inferri,</span> <span class='ocrx_word' id='word_1_453' title='bbox 1765 3235 1839 3306; x_wconf 88' lang='lat' dir='ltr'>quod</span> <span class='ocrx_word' id='word_1_454' title='bbox 1859 3234 2022 3306; x_wconf 89' lang='lat' dir='ltr'>simpliciter</span> <span class='ocrx_word' id='word_1_455' title='bbox 2039 3253 2095 3292; x_wconf 79' lang='lat' dir='ltr'>sna·</span> 
     </span>
     <span class='ocr_line' id='line_1_32' title="bbox 398 3320 2094 3396; baseline -0.001 -15"><span class='ocrx_word' id='word_1_456' title='bbox 398 3322 623 3396; x_wconf 82' lang='lat' dir='ltr'>Respondemus:</span> <span class='ocrx_word' id='word_1_457' title='bbox 659 3322 848 3392; x_wconf 89' lang='lat' dir='ltr'>turpissimam</span> <span class='ocrx_word' id='word_1_458' title='bbox 877 3321 975 3376; x_wconf 80' lang='lat' dir='ltr'>horum</span> <span class='ocrx_word' id='word_1_459' title='bbox 1007 3326 1232 3392; x_wconf 77' lang='lat' dir='ltr'>argumentorum</span> <span class='ocrx_word' id='word_1_460' title='bbox 1260 3323 1317 3376; x_wconf 91' lang='lat' dir='ltr'>lum</span> <span class='ocrx_word' id='word_1_461' title='bbox 1340 3320 1377 3376; x_wconf 92' lang='lat' dir='ltr'>sit</span> <span class='ocrx_word' id='word_1_462' title='bbox 1400 3326 1428 3375; x_wconf 90' lang='lat' dir='ltr'>et</span> <span class='ocrx_word' id='word_1_463' title='bbox 1448 3320 1524 3375; x_wconf 92' lang='lat' dir='ltr'>nullo</span> <span class='ocrx_word' id='word_1_464' title='bbox 1546 3326 1674 3391; x_wconf 90' lang='lat' dir='ltr'>respectu</span> <span class='ocrx_word' id='word_1_465' title='bbox 1697 3322 1814 3390; x_wconf 88' lang='lat' dir='ltr'>bonum,</span> <span class='ocrx_word' id='word_1_466' title='bbox 1839 3322 1913 3393; x_wconf 89' lang='lat' dir='ltr'>quod</span> <span class='ocrx_word' id='word_1_467' title='bbox 1932 3322 2028 3394; x_wconf 87' lang='lat' dir='ltr'>aliquo</span> <span class='ocrx_word' id='word_1_468' title='bbox 2048 3324 2094 3379; x_wconf 82' lang='lat' dir='ltr'>de</span> 
     </span>
     <span class='ocr_line' id='line_1_33' title="bbox 399 3403 2094 3482; baseline 0.001 -17"><span class='ocrx_word' id='word_1_469' title='bbox 399 3408 652 3482; x_wconf 88' lang='lat' dir='ltr'>sophisticationem</span> <span class='ocrx_word' id='word_1_470' title='bbox 679 3406 857 3478; x_wconf 87' lang='lat' dir='ltr'>exposuimus</span> <span class='ocrx_word' id='word_1_471' title='bbox 883 3406 1010 3477; x_wconf 89' lang='lat' dir='ltr'>superius</span> <span class='ocrx_word' id='word_1_472' title='bbox 1036 3403 1064 3481; x_wconf 66' lang='grc' dir='ltr'>ξ.</span> <span class='ocrx_word' id='word_1_473' title='bbox 1089 3411 1130 3463; x_wconf 81' lang='grc'>39.</span> <span class='ocrx_word' id='word_1_474' title='bbox 1171 3406 1232 3461; x_wconf 87' lang='lat' dir='ltr'>Nec</span> <span class='ocrx_word' id='word_1_475' title='bbox 1258 3408 1334 3464; x_wconf 88' lang='lat' dir='ltr'>fectu</span> <span class='ocrx_word' id='word_1_476' title='bbox 1363 3407 1478 3463; x_wconf 88' lang='lat' dir='ltr'>laborat.</span> <span class='ocrx_word' id='word_1_477' title='bbox 1516 3406 1609 3471; x_wconf 77' lang='lat' dir='ltr'>Quid?</span> <span class='ocrx_word' id='word_1_478' title='bbox 1645 3408 1748 3463; x_wconf 85' lang='lat' dir='ltr'>Annon</span> <span class='ocrx_word' id='word_1_479' title='bbox 1765 3407 1952 3463; x_wconf 88' lang='lat' dir='ltr'>Bellarminus</span> <span class='ocrx_word' id='word_1_480' title='bbox 1968 3410 2029 3482; x_wconf 92' lang='lat' dir='ltr'>ipse</span> <span class='ocrx_word' id='word_1_481' title='bbox 2047 3411 2094 3467; x_wconf 81' lang='lat' dir='ltr'>ho</span> 
     </span>
     <span class='ocr_line' id='line_1_34' title="bbox 395 3491 2095 3567; baseline 0 -16"><span class='ocrx_word' id='word_1_482' title='bbox 395 3496 555 3567; x_wconf 84' lang='lat' dir='ltr'>judicamus</span> <span class='ocrx_word' id='word_1_483' title='bbox 589 3494 618 3548; x_wconf 90' lang='lat' dir='ltr'>in</span> <span class='ocrx_word' id='word_1_484' title='bbox 651 3508 682 3547; x_wconf 93' lang='lat' dir='ltr'>re</span> <span class='ocrx_word' id='word_1_485' title='bbox 716 3491 865 3547; x_wconf 85' lang='lat' dir='ltr'>manifesta</span> <span class='ocrx_word' id='word_1_486' title='bbox 898 3492 1015 3547; x_wconf 88' lang='lat' dir='ltr'>ulterius</span> <span class='ocrx_word' id='word_1_487' title='bbox 1050 3492 1233 3548; x_wconf 90' lang='lat' dir='ltr'>laborandum</span> <span class='ocrx_word' id='word_1_488' title='bbox 1259 3495 1364 3549; x_wconf 89' lang='lat' dir='ltr'>minum</span> <span class='ocrx_word' id='word_1_489' title='bbox 1389 3511 1447 3548; x_wconf 89' lang='lat' dir='ltr'>non</span> <span class='ocrx_word' id='word_1_490' title='bbox 1467 3500 1624 3547; x_wconf 88' lang='lat' dir='ltr'>renatorum</span> <span class='ocrx_word' id='word_1_491' title='bbox 1650 3511 1735 3565; x_wconf 87' lang='lat' dir='ltr'>opera</span> <span class='ocrx_word' id='word_1_492' title='bbox 1752 3500 1835 3550; x_wconf 83' lang='lat' dir='ltr'>vocat</span> <span class='ocrx_word' id='word_1_493' title='bbox 1852 3496 1995 3551; x_wconf 87' lang='lat' dir='ltr'>moraliter</span> <span class='ocrx_word' id='word_1_494' title='bbox 2013 3496 2095 3563; x_wconf 82' lang='lat' dir='ltr'>bona,</span> 
     </span>
     <span class='ocr_line' id='line_1_35' title="bbox 399 3579 2095 3653; baseline 0.001 -16"><span class='ocrx_word' id='word_1_495' title='bbox 399 3598 465 3637; x_wconf 81' lang='lat' dir='ltr'>essa</span> <span class='ocrx_word' id='word_1_496' title='bbox 511 3583 536 3634; x_wconf 83' lang='grc'>6.</span> <span class='ocrx_word' id='word_1_497' title='bbox 555 3582 642 3635; x_wconf 83' lang='lat' dir='ltr'>Bono</span> <span class='ocrx_word' id='word_1_498' title='bbox 667 3596 755 3649; x_wconf 80' lang='lat' dir='ltr'>opera</span> <span class='ocrx_word' id='word_1_499' title='bbox 780 3595 839 3633; x_wconf 82' lang='lat' dir='ltr'>esse</span> <span class='ocrx_word' id='word_1_500' title='bbox 858 3586 989 3648; x_wconf 84' lang='lat' dir='ltr'>peecata,</span> <span class='ocrx_word' id='word_1_501' title='bbox 1012 3579 1141 3648; x_wconf 84' lang='lat' dir='ltr'>implicat</span> <span class='ocrx_word' id='word_1_502' title='bbox 1171 3597 1233 3632; x_wconf 89' lang='lat' dir='ltr'>con·</span> <span class='ocrx_word' id='word_1_503' title='bbox 1259 3599 1332 3653; x_wconf 90' lang='lat' dir='ltr'>quae</span> <span class='ocrx_word' id='word_1_504' title='bbox 1356 3588 1449 3636; x_wconf 62' lang='lat' dir='ltr'>nmen</span> <span class='ocrx_word' id='word_1_505' title='bbox 1472 3579 1599 3636; x_wconf 89' lang='lat' dir='ltr'>omnihus</span> <span class='ocrx_word' id='word_1_506' title='bbox 1624 3580 1836 3637; x_wconf 86' lang='lat' dir='ltr'>circumstantiis</span> <span class='ocrx_word' id='word_1_507' title='bbox 1859 3582 1934 3637; x_wconf 89' lang='lat' dir='ltr'>bona</span> <span class='ocrx_word' id='word_1_508' title='bbox 1954 3599 2016 3638; x_wconf 91' lang='lat' dir='ltr'>esse</span> <span class='ocrx_word' id='word_1_509' title='bbox 2039 3598 2095 3638; x_wconf 92' lang='lat' dir='ltr'>non</span> 
     </span>
     <span class='ocr_line' id='line_1_36' title="bbox 398 3666 2097 3738; baseline -0.001 -15"><span class='ocrx_word' id='word_1_510' title='bbox 398 3668 606 3735; x_wconf 69' lang='lat' dir='ltr'>cotteanum,</span> <span class='ocrx_word' id='word_1_511' title='bbox 643 3674 724 3720; x_wconf 82' lang='lat' dir='ltr'>errent</span> <span class='ocrx_word' id='word_1_512' title='bbox 752 3666 824 3719; x_wconf 85' lang='lat' dir='ltr'>enim</span> <span class='ocrx_word' id='word_1_513' title='bbox 853 3673 879 3719; x_wconf 88' lang='lat' dir='ltr'>st</span> <span class='ocrx_word' id='word_1_514' title='bbox 910 3666 982 3719; x_wconf 81' lang='lat' dir='ltr'>bono</span> <span class='ocrx_word' id='word_1_515' title='bbox 1010 3674 1035 3718; x_wconf 88' lang='lat' dir='ltr'>et</span> <span class='ocrx_word' id='word_1_516' title='bbox 1066 3684 1122 3720; x_wconf 90' lang='lat' dir='ltr'>non</span> <span class='ocrx_word' id='word_1_517' title='bbox 1153 3668 1233 3734; x_wconf 85' lang='lat' dir='ltr'>bono,</span> <span class='ocrx_word' id='word_1_518' title='bbox 1259 3667 1362 3737; x_wconf 86' lang='lat' dir='ltr'>poterit</span> <span class='ocrx_word' id='word_1_519' title='bbox 1389 3666 1535 3722; x_wconf 82' lang='lat' dir='ltr'>asserere?</span> <span class='ocrx_word' id='word_1_520' title='bbox 1575 3667 1782 3721; x_wconf 62' lang='lat' dir='ltr'>“Detrahitur</span> <span class='ocrx_word' id='word_1_521' title='bbox 1816 3668 1964 3738; x_wconf 84' lang='lat' dir='ltr'>efficaciae</span> <span class='ocrx_word' id='word_1_522' title='bbox 2001 3670 2097 3723; x_wconf 80' lang='lat' dir='ltr'>mers&#39;ti</span> 
     </span>
     <span class='ocr_line' id='line_1_37' title="bbox 400 3752 2094 3825; baseline 0.001 -16"><span class='ocrx_word' id='word_1_523' title='bbox 400 3763 426 3809; x_wconf 84' lang='lat' dir='ltr'>et</span> <span class='ocrx_word' id='word_1_524' title='bbox 450 3754 581 3825; x_wconf 79' lang='lat' dir='ltr'>proemio</span> <span class='ocrx_word' id='word_1_525' title='bbox 604 3759 630 3806; x_wconf 87' lang='lat' dir='ltr'>et</span> <span class='ocrx_word' id='word_1_526' title='bbox 649 3768 745 3822; x_wconf 82' lang='lat' dir='ltr'>poena</span> <span class='ocrx_word' id='word_1_527' title='bbox 775 3752 872 3821; x_wconf 80' lang='lat' dir='ltr'>diqnc.</span> <span class='ocrx_word' id='word_1_528' title='bbox 913 3752 1138 3824; x_wconf 88' lang='lat' dir='ltr'>Respondemus:</span> <span class='ocrx_word' id='word_1_529' title='bbox 1167 3769 1233 3807; x_wconf 83' lang='lat' dir='ltr'>vera</span> <span class='ocrx_word' id='word_1_530' title='bbox 1261 3755 1379 3818; x_wconf 83' lang='lat' dir='ltr'>Christi,</span> <span class='ocrx_word' id='word_1_531' title='bbox 1396 3754 1426 3807; x_wconf 83' lang='lat' dir='ltr'>si</span> <span class='ocrx_word' id='word_1_532' title='bbox 1443 3772 1529 3824; x_wconf 81' lang='lat' dir='ltr'>opera</span> <span class='ocrx_word' id='word_1_533' title='bbox 1547 3761 1706 3806; x_wconf 80' lang='lat' dir='ltr'>statuuntur</span> <span class='ocrx_word' id='word_1_534' title='bbox 1725 3755 1896 3825; x_wconf 80' lang='lat' dir='ltr'>imperfecto.</span> <span class='ocrx_word' id='word_1_535' title='bbox 1932 3755 2094 3825; x_wconf 89' lang='lat' dir='ltr'>Responde·</span> 
     </span>
     <span class='ocr_line' id='line_1_38' title="bbox 400 3836 2093 3897; baseline 0.001 -2"><span class='ocrx_word' id='word_1_536' title='bbox 400 3837 582 3896; x_wconf 84' lang='lat' dir='ltr'>contradictio</span> <span class='ocrx_word' id='word_1_537' title='bbox 618 3837 702 3893; x_wconf 89' lang='lat' dir='ltr'>debet</span> <span class='ocrx_word' id='word_1_538' title='bbox 735 3836 796 3892; x_wconf 86' lang='lat' dir='ltr'>fieri</span> <span class='ocrx_word' id='word_1_539' title='bbox 828 3838 865 3892; x_wconf 95' lang='lat' dir='ltr'>ad</span> <span class='ocrx_word' id='word_1_540' title='bbox 901 3837 975 3893; x_wconf 90' lang='lat' dir='ltr'>idem</span> <span class='ocrx_word' id='word_1_541' title='bbox 1009 3845 1037 3892; x_wconf 92' lang='lat' dir='ltr'>et</span> <span class='ocrx_word' id='word_1_542' title='bbox 1065 3838 1161 3896; x_wconf 92' lang='lat' dir='ltr'>eodem</span> <span class='ocrx_word' id='word_1_543' title='bbox 1191 3855 1232 3893; x_wconf 88' lang='lat' dir='ltr'>re·</span> <span class='ocrx_word' id='word_1_544' title='bbox 1259 3858 1334 3895; x_wconf 86' lang='lat' dir='ltr'>mus:</span> <span class='ocrx_word' id='word_1_545' title='bbox 1352 3839 1529 3895; x_wconf 58' lang='lat' dir='ltr'>vitiositatis</span> <span class='ocrx_word' id='word_1_546' title='bbox 1547 3845 1657 3895; x_wconf 76' lang='lat' dir='ltr'>noshae</span> <span class='ocrx_word' id='word_1_547' title='bbox 1676 3840 1832 3896; x_wconf 84' lang='lat' dir='ltr'>successiva</span> <span class='ocrx_word' id='word_1_548' title='bbox 1849 3841 1956 3896; x_wconf 90' lang='lat' dir='ltr'>curatio</span> <span class='ocrx_word' id='word_1_549' title='bbox 1975 3859 2032 3897; x_wconf 90' lang='lat' dir='ltr'>non</span> <span class='ocrx_word' id='word_1_550' title='bbox 2050 3860 2093 3897; x_wconf 89' lang='lat' dir='ltr'>ar·</span> 
     </span>
     <span class='ocr_line' id='line_1_39' title="bbox 400 3909 2094 3999; baseline 0.001 -17"><span class='ocrx_word' id='word_1_551' title='bbox 400 3931 514 3999; x_wconf 86' lang='lat' dir='ltr'>spectu,</span> <span class='ocrx_word' id='word_1_552' title='bbox 540 3925 600 3995; x_wconf 89' lang='lat' dir='ltr'>jam</span> <span class='ocrx_word' id='word_1_553' title='bbox 629 3940 693 3979; x_wconf 86' lang='lat' dir='ltr'>vero</span> <span class='ocrx_word' id='word_1_554' title='bbox 717 3922 791 3978; x_wconf 86' lang='lat' dir='ltr'>hona</span> <span class='ocrx_word' id='word_1_555' title='bbox 816 3940 901 3994; x_wconf 88' lang='lat' dir='ltr'>opera</span> <span class='ocrx_word' id='word_1_556' title='bbox 924 3925 1033 3979; x_wconf 86' lang='lat' dir='ltr'>diverso</span> <span class='ocrx_word' id='word_1_557' title='bbox 1054 3931 1180 3996; x_wconf 87' lang='lat' dir='ltr'>respectu</span> <span class='ocrx_word' id='word_1_558' title='bbox 1205 3931 1234 3979; x_wconf 88' lang='lat' dir='ltr'>et</span> <span class='ocrx_word' id='word_1_559' title='bbox 1259 3926 1322 3999; x_wconf 81' lang='lat' dir='ltr'>guit</span> <span class='ocrx_word' id='word_1_560' title='bbox 1342 3927 1387 3981; x_wconf 85' lang='lat' dir='ltr'>vel</span> <span class='ocrx_word' id='word_1_561' title='bbox 1408 3925 1641 3996; x_wconf 87' lang='lat' dir='ltr'>imperfectionem</span> <span class='ocrx_word' id='word_1_562' title='bbox 1665 3926 1813 3983; x_wconf 89' lang='lat' dir='ltr'>curationis</span> <span class='ocrx_word' id='word_1_563' title='bbox 1837 3928 1882 3983; x_wconf 86' lang='lat' dir='ltr'>vel</span> <span class='ocrx_word' id='word_1_564' title='bbox 1900 3909 2094 3998; x_wconf 81' lang='lat' dir='ltr'>impotentiam</span> 
     </span>
     <span class='ocr_line' id='line_1_40' title="bbox 400 4008 2094 4084; baseline 0.001 -17"><span class='ocrx_word' id='word_1_565' title='bbox 400 4012 475 4067; x_wconf 90' lang='lat' dir='ltr'>bona</span> <span class='ocrx_word' id='word_1_566' title='bbox 502 4016 532 4067; x_wconf 89' lang='lat' dir='ltr'>et</span> <span class='ocrx_word' id='word_1_567' title='bbox 557 4028 613 4066; x_wconf 89' lang='lat' dir='ltr'>non</span> <span class='ocrx_word' id='word_1_568' title='bbox 640 4009 715 4064; x_wconf 91' lang='lat' dir='ltr'>hona</span> <span class='ocrx_word' id='word_1_569' title='bbox 731 4008 876 4073; x_wconf 64' lang='lat' dir='ltr'>dicuntum</span> <span class='ocrx_word' id='word_1_570' title='bbox 903 4009 977 4064; x_wconf 85' lang='lat' dir='ltr'>bona</span> <span class='ocrx_word' id='word_1_571' title='bbox 995 4018 1072 4079; x_wconf 86' lang='lat' dir='ltr'>sunt,</span> <span class='ocrx_word' id='word_1_572' title='bbox 1096 4017 1233 4084; x_wconf 90' lang='lat' dir='ltr'>quatenus</span> <span class='ocrx_word' id='word_1_573' title='bbox 1260 4012 1373 4081; x_wconf 90' lang='lat' dir='ltr'>medici,</span> <span class='ocrx_word' id='word_1_574' title='bbox 1399 4012 1448 4067; x_wconf 87' lang='lat' dir='ltr'>sed</span> <span class='ocrx_word' id='word_1_575' title='bbox 1470 4013 1635 4084; x_wconf 81' lang='lat' dir='ltr'>gravitatem</span> <span class='ocrx_word' id='word_1_576' title='bbox 1654 4012 1743 4068; x_wconf 89' lang='lat' dir='ltr'>morbi</span> <span class='ocrx_word' id='word_1_577' title='bbox 1763 4019 1791 4067; x_wconf 92' lang='lat' dir='ltr'>et</span> <span class='ocrx_word' id='word_1_578' title='bbox 1808 4019 1958 4069; x_wconf 86' lang='lat' dir='ltr'>extremam</span> <span class='ocrx_word' id='word_1_579' title='bbox 1976 4021 2094 4069; x_wconf 89' lang='lat' dir='ltr'>naturae</span> 
     </span>
     <span class='ocr_line' id='line_1_41' title="bbox 400 4094 1635 4169; baseline 0.001 -16"><span class='ocrx_word' id='word_1_580' title='bbox 400 4098 478 4153; x_wconf 90' lang='lat' dir='ltr'>Deus</span> <span class='ocrx_word' id='word_1_581' title='bbox 505 4115 555 4153; x_wconf 89' lang='lat' dir='ltr'>suo</span> <span class='ocrx_word' id='word_1_582' title='bbox 578 4096 685 4168; x_wconf 80' lang='lat' dir='ltr'>Spiritu</span> <span class='ocrx_word' id='word_1_583' title='bbox 711 4111 745 4150; x_wconf 91' lang='lat' dir='ltr'>ea</span> <span class='ocrx_word' id='word_1_584' title='bbox 771 4094 800 4149; x_wconf 87' lang='lat' dir='ltr'>in</span> <span class='ocrx_word' id='word_1_585' title='bbox 827 4094 907 4150; x_wconf 89' lang='lat' dir='ltr'>nobis</span> <span class='ocrx_word' id='word_1_586' title='bbox 925 4102 1067 4165; x_wconf 88' lang='lat' dir='ltr'>operatur,</span> <span class='ocrx_word' id='word_1_587' title='bbox 1096 4102 1233 4167; x_wconf 89' lang='lat' dir='ltr'>quatenus</span> <span class='ocrx_word' id='word_1_588' title='bbox 1257 4106 1368 4155; x_wconf 69' lang='lat' dir='ltr'>nocuae</span> <span class='ocrx_word' id='word_1_589' title='bbox 1386 4100 1635 4169; x_wconf 62' lang='lat' dir='ltr'>corruptionem.*‘</span> 
     </span>
     <span class='ocr_line' id='line_1_42' title="bbox 398 4179 2095 4257; baseline 0.002 -18"><span class='ocrx_word' id='word_1_590' title='bbox 398 4183 455 4257; x_wconf 81' lang='lat' dir='ltr'>legi</span> <span class='ocrx_word' id='word_1_591' title='bbox 479 4187 650 4256; x_wconf 78' lang='lat' dir='ltr'>congruunt,</span> <span class='ocrx_word' id='word_1_592' title='bbox 682 4186 818 4254; x_wconf 90' lang='lat' dir='ltr'>quatenus</span> <span class='ocrx_word' id='word_1_593' title='bbox 845 4198 878 4236; x_wconf 90' lang='lat' dir='ltr'>ex</span> <span class='ocrx_word' id='word_1_594' title='bbox 903 4179 959 4236; x_wconf 89' lang='lat' dir='ltr'>fide</span> <span class='ocrx_word' id='word_1_595' title='bbox 981 4179 1066 4252; x_wconf 86' lang='lat' dir='ltr'>fiunt,</span> <span class='ocrx_word' id='word_1_596' title='bbox 1096 4188 1233 4253; x_wconf 87' lang='lat' dir='ltr'>quatenus</span> <span class='ocrx_word' id='word_1_597' title='bbox 1294 4190 1335 4241; x_wconf 79' lang='lat'>82.</span> <span class='ocrx_word' id='word_1_598' title='bbox 1367 4184 1434 4256; x_wconf 87' lang='lat' dir='ltr'>Cap.</span> <span class='ocrx_word' id='word_1_599' title='bbox 1460 4192 1500 4244; x_wconf 85' lang='lat'>18.</span> <span class='ocrx_word' id='word_1_600' title='bbox 1520 4191 1549 4241; x_wconf 92' lang='lat' dir='ltr'>et</span> <span class='ocrx_word' id='word_1_601' title='bbox 1569 4192 1607 4242; x_wconf 87' lang='grc'>19.</span> <span class='ocrx_word' id='word_1_602' title='bbox 1631 4194 1747 4242; x_wconf 91' lang='lat' dir='ltr'>conatur</span> <span class='ocrx_word' id='word_1_603' title='bbox 1763 4186 1948 4242; x_wconf 90' lang='lat' dir='ltr'>Bellarminus</span> <span class='ocrx_word' id='word_1_604' title='bbox 1967 4188 2095 4257; x_wconf 87' lang='lat' dir='ltr'>probare,</span> 
     </span>
     <span class='ocr_line' id='line_1_43' title="bbox 399 4268 2094 4344; baseline 0.002 -19"><span class='ocrx_word' id='word_1_605' title='bbox 399 4270 515 4344; x_wconf 79' lang='lat' dir='ltr'>gloriam</span> <span class='ocrx_word' id='word_1_606' title='bbox 532 4268 587 4324; x_wconf 91' lang='lat' dir='ltr'>Dei</span> <span class='ocrx_word' id='word_1_607' title='bbox 606 4273 635 4323; x_wconf 91' lang='lat' dir='ltr'>et</span> <span class='ocrx_word' id='word_1_608' title='bbox 651 4268 769 4339; x_wconf 89' lang='lat' dir='ltr'>proximi</span> <span class='ocrx_word' id='word_1_609' title='bbox 787 4268 903 4323; x_wconf 89' lang='lat' dir='ltr'>salutem</span> <span class='ocrx_word' id='word_1_610' title='bbox 921 4271 1061 4338; x_wconf 75' lang='lat' dir='ltr'>spectant3</span> <span class='ocrx_word' id='word_1_611' title='bbox 1085 4285 1142 4323; x_wconf 91' lang='lat' dir='ltr'>uon</span> <span class='ocrx_word' id='word_1_612' title='bbox 1159 4270 1233 4326; x_wconf 87' lang='lat' dir='ltr'>bona</span> <span class='ocrx_word' id='word_1_613' title='bbox 1259 4272 1332 4344; x_wconf 91' lang='lat' dir='ltr'>quod</span> <span class='ocrx_word' id='word_1_614' title='bbox 1352 4271 1426 4327; x_wconf 90' lang='lat' dir='ltr'>bona</span> <span class='ocrx_word' id='word_1_615' title='bbox 1444 4287 1528 4342; x_wconf 90' lang='lat' dir='ltr'>opera</span> <span class='ocrx_word' id='word_1_616' title='bbox 1546 4272 1682 4328; x_wconf 90' lang='lat' dir='ltr'>hominem</span> <span class='ocrx_word' id='word_1_617' title='bbox 1701 4291 1765 4329; x_wconf 90' lang='lat' dir='ltr'>vere</span> <span class='ocrx_word' id='word_1_618' title='bbox 1779 4271 1941 4344; x_wconf 86' lang='lat' dir='ltr'>justificent,</span> <span class='ocrx_word' id='word_1_619' title='bbox 1962 4274 2094 4329; x_wconf 83' lang='lat' dir='ltr'>nimirum</span> 
     </span>
     <span class='ocr_line' id='line_1_44' title="bbox 398 4352 2093 4431; baseline 0.002 -20"><span class='ocrx_word' id='word_1_620' title='bbox 398 4364 481 4426; x_wconf 89' lang='lat' dir='ltr'>sunt,</span> <span class='ocrx_word' id='word_1_621' title='bbox 515 4359 654 4428; x_wconf 83' lang='lat' dir='ltr'>quatenus</span> <span class='ocrx_word' id='word_1_622' title='bbox 682 4352 794 4409; x_wconf 88' lang='lat' dir='ltr'>defectu</span> <span class='ocrx_word' id='word_1_623' title='bbox 825 4353 945 4426; x_wconf 89' lang='lat' dir='ltr'>quodam</span> <span class='ocrx_word' id='word_1_624' title='bbox 975 4353 1067 4409; x_wconf 78' lang='lat' dir='ltr'>adhuc</span> <span class='ocrx_word' id='word_1_625' title='bbox 1097 4354 1232 4426; x_wconf 88' lang='lat' dir='ltr'>laborant,</span> <span class='ocrx_word' id='word_1_626' title='bbox 1257 4375 1312 4411; x_wconf 90' lang='lat' dir='ltr'>non</span> <span class='ocrx_word' id='word_1_627' title='bbox 1330 4357 1432 4428; x_wconf 89' lang='lat' dir='ltr'>prima,</span> <span class='ocrx_word' id='word_1_628' title='bbox 1450 4358 1499 4413; x_wconf 89' lang='lat' dir='ltr'>sed</span> <span class='ocrx_word' id='word_1_629' title='bbox 1516 4360 1639 4414; x_wconf 88' lang='lat' dir='ltr'>secunda</span> <span class='ocrx_word' id='word_1_630' title='bbox 1654 4358 1865 4431; x_wconf 88' lang='lat' dir='ltr'>justificatione,</span> <span class='ocrx_word' id='word_1_631' title='bbox 1884 4377 1955 4431; x_wconf 87' lang='lat' dir='ltr'>quse</span> <span class='ocrx_word' id='word_1_632' title='bbox 1975 4377 2033 4414; x_wconf 91' lang='lat' dir='ltr'>non</span> <span class='ocrx_word' id='word_1_633' title='bbox 2050 4359 2093 4415; x_wconf 89' lang='lat' dir='ltr'>fa·</span> 
     </span>
     <span class='ocr_line' id='line_1_45' title="bbox 398 4439 2093 4517; baseline 0.001 -17"><span class='ocrx_word' id='word_1_634' title='bbox 398 4449 428 4500; x_wconf 88' lang='lat' dir='ltr'>et</span> <span class='ocrx_word' id='word_1_635' title='bbox 446 4446 583 4515; x_wconf 84' lang='lat' dir='ltr'>quatenus</span> <span class='ocrx_word' id='word_1_636' title='bbox 603 4439 641 4495; x_wconf 90' lang='lat' dir='ltr'>ab</span> <span class='ocrx_word' id='word_1_637' title='bbox 658 4439 769 4495; x_wconf 89' lang='lat' dir='ltr'>homine</span> <span class='ocrx_word' id='word_1_638' title='bbox 788 4456 822 4495; x_wconf 88' lang='lat' dir='ltr'>ex</span> <span class='ocrx_word' id='word_1_639' title='bbox 840 4447 922 4511; x_wconf 83' lang='lat' dir='ltr'>parte</span> <span class='ocrx_word' id='word_1_640' title='bbox 939 4440 1030 4496; x_wconf 82' lang='lat' dir='ltr'>adhuc</span> <span class='ocrx_word' id='word_1_641' title='bbox 1048 4442 1152 4496; x_wconf 85' lang='lat' dir='ltr'>carnali</span> <span class='ocrx_word' id='word_1_642' title='bbox 1169 4460 1231 4513; x_wconf 91' lang='lat' dir='ltr'>pro·</span> <span class='ocrx_word' id='word_1_643' title='bbox 1257 4444 1313 4498; x_wconf 89' lang='lat' dir='ltr'>ciat</span> <span class='ocrx_word' id='word_1_644' title='bbox 1332 4444 1424 4513; x_wconf 89' lang='lat' dir='ltr'>justos</span> <span class='ocrx_word' id='word_1_645' title='bbox 1446 4460 1480 4498; x_wconf 88' lang='lat' dir='ltr'>ex</span> <span class='ocrx_word' id='word_1_646' title='bbox 1503 4443 1608 4515; x_wconf 90' lang='lat' dir='ltr'>impiis,</span> <span class='ocrx_word' id='word_1_647' title='bbox 1632 4446 1681 4499; x_wconf 90' lang='lat' dir='ltr'>sed</span> <span class='ocrx_word' id='word_1_648' title='bbox 1700 4446 1831 4517; x_wconf 87' lang='lat' dir='ltr'>justiores</span> <span class='ocrx_word' id='word_1_649' title='bbox 1852 4464 1885 4501; x_wconf 84' lang='lat' dir='ltr'>ex</span> <span class='ocrx_word' id='word_1_650' title='bbox 1908 4445 2001 4516; x_wconf 80' lang='lat' dir='ltr'>justis,</span> <span class='ocrx_word' id='word_1_651' title='bbox 2037 4446 2093 4501; x_wconf 77' lang='lat' dir='ltr'>Re</span> 
     </span>
     <span class='ocr_line' id='line_1_46' title="bbox 397 4527 2094 4602; baseline 0.001 -16"><span class='ocrx_word' id='word_1_652' title='bbox 397 4530 513 4598; x_wconf 87' lang='lat' dir='ltr'>cedunt,</span> <span class='ocrx_word' id='word_1_653' title='bbox 536 4527 611 4582; x_wconf 90' lang='lat' dir='ltr'>hona</span> <span class='ocrx_word' id='word_1_654' title='bbox 635 4539 702 4598; x_wconf 81' lang='lat' dir='ltr'>ergo</span> <span class='ocrx_word' id='word_1_655' title='bbox 720 4531 785 4581; x_wconf 90' lang='lat' dir='ltr'>sunt</span> <span class='ocrx_word' id='word_1_656' title='bbox 802 4543 852 4597; x_wconf 92' lang='lat' dir='ltr'>per</span> <span class='ocrx_word' id='word_1_657' title='bbox 871 4543 914 4595; x_wconf 90' lang='lat' dir='ltr'>se,</span> <span class='ocrx_word' id='word_1_658' title='bbox 940 4543 996 4582; x_wconf 89' lang='lat' dir='ltr'>non</span> <span class='ocrx_word' id='word_1_659' title='bbox 1016 4527 1089 4581; x_wconf 88' lang='lat' dir='ltr'>bona</span> <span class='ocrx_word' id='word_1_660' title='bbox 1106 4529 1164 4582; x_wconf 81' lang='lat' dir='ltr'>sire</span> <span class='ocrx_word' id='word_1_661' title='bbox 1182 4528 1231 4582; x_wconf 93' lang='lat' dir='ltr'>im·</span> <span class='ocrx_word' id='word_1_662' title='bbox 1258 4529 1439 4600; x_wconf 85' lang='lat' dir='ltr'>spondemus:</span> <span class='ocrx_word' id='word_1_663' title='bbox 1466 4535 1487 4584; x_wconf 91' lang='lat'>1.</span> <span class='ocrx_word' id='word_1_664' title='bbox 1507 4529 1685 4586; x_wconf 88' lang='lat' dir='ltr'>Ostendimus</span> <span class='ocrx_word' id='word_1_665' title='bbox 1708 4533 1738 4586; x_wconf 92' lang='lat' dir='ltr'>in</span> <span class='ocrx_word' id='word_1_666' title='bbox 1759 4538 1880 4586; x_wconf 82' lang='lat' dir='ltr'>tractatu</span> <span class='ocrx_word' id='word_1_667' title='bbox 1897 4532 1933 4586; x_wconf 93' lang='lat' dir='ltr'>de</span> <span class='ocrx_word' id='word_1_668' title='bbox 1954 4532 2094 4602; x_wconf 86' lang='lat' dir='ltr'>justifica·</span> 
     </span>
     <span class='ocr_line' id='line_1_47' title="bbox 397 4612 2095 4689; baseline 0.002 -18"><span class='ocrx_word' id='word_1_669' title='bbox 397 4615 521 4689; x_wconf 86' lang='lat' dir='ltr'>perfectc</span> <span class='ocrx_word' id='word_1_670' title='bbox 544 4613 619 4670; x_wconf 86' lang='lat' dir='ltr'>bona</span> <span class='ocrx_word' id='word_1_671' title='bbox 646 4630 696 4685; x_wconf 93' lang='lat' dir='ltr'>per</span> <span class='ocrx_word' id='word_1_672' title='bbox 722 4612 857 4670; x_wconf 88' lang='lat' dir='ltr'>accidens.</span> <span class='ocrx_word' id='word_1_673' title='bbox 898 4612 1014 4685; x_wconf 80' lang='lat' dir='ltr'>Regerit</span> <span class='ocrx_word' id='word_1_674' title='bbox 1038 4615 1232 4683; x_wconf 88' lang='lat' dir='ltr'>Bellarminus,</span> <span class='ocrx_word' id='word_1_675' title='bbox 1257 4616 1346 4683; x_wconf 88' lang='lat' dir='ltr'>tione,</span> <span class='ocrx_word' id='word_1_676' title='bbox 1370 4614 1508 4671; x_wconf 90' lang='lat' dir='ltr'>hominem</span> <span class='ocrx_word' id='word_1_677' title='bbox 1525 4616 1673 4687; x_wconf 90' lang='lat' dir='ltr'>justificari</span> <span class='ocrx_word' id='word_1_678' title='bbox 1691 4616 1746 4672; x_wconf 88' lang='lat' dir='ltr'>fide</span> <span class='ocrx_word' id='word_1_679' title='bbox 1765 4617 1825 4671; x_wconf 90' lang='lat' dir='ltr'>sine</span> <span class='ocrx_word' id='word_1_680' title='bbox 1843 4617 1972 4687; x_wconf 90' lang='lat' dir='ltr'>operibus</span> <span class='ocrx_word' id='word_1_681' title='bbox 1990 4625 2019 4674; x_wconf 90' lang='lat' dir='ltr'>et</span> <span class='ocrx_word' id='word_1_682' title='bbox 2037 4619 2095 4674; x_wconf 92' lang='lat' dir='ltr'>for·</span> 
     </span>
     <span class='ocr_line' id='line_1_48' title="bbox 399 4700 2095 4776; baseline 0.004 -20"><span class='ocrx_word' id='word_1_683' title='bbox 399 4703 592 4757; x_wconf 75' lang='lat' dir='ltr'>distinctiones</span> <span class='ocrx_word' id='word_1_684' title='bbox 614 4700 696 4754; x_wconf 74' lang='lat' dir='ltr'>liosce</span> <span class='ocrx_word' id='word_1_685' title='bbox 721 4701 820 4755; x_wconf 85' lang='lat' dir='ltr'>inanes</span> <span class='ocrx_word' id='word_1_686' title='bbox 842 4718 916 4755; x_wconf 84' lang='lat' dir='ltr'>csse:</span> <span class='ocrx_word' id='word_1_687' title='bbox 945 4705 969 4758; x_wconf 88' lang='lat'>1.</span> <span class='ocrx_word' id='word_1_688' title='bbox 988 4703 1068 4755; x_wconf 89' lang='lat' dir='ltr'>Deus</span> <span class='ocrx_word' id='word_1_689' title='bbox 1086 4720 1141 4756; x_wconf 90' lang='lat' dir='ltr'>non</span> <span class='ocrx_word' id='word_1_690' title='bbox 1157 4704 1233 4768; x_wconf 79' lang='lat' dir='ltr'>facit</span> <span class='ocrx_word' id='word_1_691' title='bbox 1258 4718 1331 4756; x_wconf 85' lang='lat' dir='ltr'>mam</span> <span class='ocrx_word' id='word_1_692' title='bbox 1346 4700 1553 4772; x_wconf 88' lang='lat' dir='ltr'>justificationis</span> <span class='ocrx_word' id='word_1_693' title='bbox 1572 4704 1723 4760; x_wconf 89' lang='lat' dir='ltr'>consistere</span> <span class='ocrx_word' id='word_1_694' title='bbox 1739 4703 1768 4757; x_wconf 91' lang='lat' dir='ltr'>in</span> <span class='ocrx_word' id='word_1_695' title='bbox 1788 4703 1947 4759; x_wconf 88' lang='lat' dir='ltr'>remissione</span> <span class='ocrx_word' id='word_1_696' title='bbox 1964 4713 2095 4776; x_wconf 82' lang='lat' dir='ltr'>peccato·</span> 
     </span>
     <span class='ocr_line' id='line_1_49' title="bbox 398 4787 2095 4863; baseline 0.005 -21"><span class='ocrx_word' id='word_1_697' title='bbox 398 4796 497 4842; x_wconf 78' lang='lat' dir='ltr'>nostm</span> <span class='ocrx_word' id='word_1_698' title='bbox 523 4788 596 4841; x_wconf 85' lang='lat' dir='ltr'>bono</span> <span class='ocrx_word' id='word_1_699' title='bbox 621 4803 710 4855; x_wconf 78' lang='lat' dir='ltr'>opera</span> <span class='ocrx_word' id='word_1_700' title='bbox 735 4787 792 4840; x_wconf 88' lang='lat' dir='ltr'>nisi</span> <span class='ocrx_word' id='word_1_701' title='bbox 811 4802 866 4857; x_wconf 81' lang='lat' dir='ltr'>pes</span> <span class='ocrx_word' id='word_1_702' title='bbox 884 4804 948 4854; x_wconf 89' lang='lat' dir='ltr'>nos,</span> <span class='ocrx_word' id='word_1_703' title='bbox 973 4788 1007 4841; x_wconf 83' lang='lat' dir='ltr'>id</span> <span class='ocrx_word' id='word_1_704' title='bbox 1023 4794 1063 4841; x_wconf 87' lang='lat' dir='ltr'>est</span> <span class='ocrx_word' id='word_1_705' title='bbox 1084 4789 1231 4857; x_wconf 81' lang='lat' dir='ltr'>faciendo,</span> <span class='ocrx_word' id='word_1_706' title='bbox 1257 4805 1318 4842; x_wconf 89' lang='lat' dir='ltr'>rum</span> <span class='ocrx_word' id='word_1_707' title='bbox 1339 4793 1367 4843; x_wconf 90' lang='lat' dir='ltr'>et</span> <span class='ocrx_word' id='word_1_708' title='bbox 1383 4788 1564 4860; x_wconf 90' lang='lat' dir='ltr'>imputatione</span> <span class='ocrx_word' id='word_1_709' title='bbox 1580 4790 1705 4859; x_wconf 87' lang='lat' dir='ltr'>justitiae</span> <span class='ocrx_word' id='word_1_710' title='bbox 1723 4790 1841 4861; x_wconf 77' lang='lat' dir='ltr'>Christi3</span> <span class='ocrx_word' id='word_1_711' title='bbox 1866 4808 1900 4846; x_wconf 92' lang='lat' dir='ltr'>ac</span> <span class='ocrx_word' id='word_1_712' title='bbox 1918 4800 2017 4863; x_wconf 90' lang='lat' dir='ltr'>postea</span> <span class='ocrx_word' id='word_1_713' title='bbox 2035 4794 2095 4851; x_wconf 90' lang='lat' dir='ltr'>late</span> 
     </span>
     <span class='ocr_line' id='line_1_50' title="bbox 398 4871 2096 4947; baseline 0.006 -18"><span class='ocrx_word' id='word_1_714' title='bbox 398 4881 430 4929; x_wconf 86' lang='lat' dir='ltr'>ut</span> <span class='ocrx_word' id='word_1_715' title='bbox 455 4891 506 4928; x_wconf 89' lang='lat' dir='ltr'>nos</span> <span class='ocrx_word' id='word_1_716' title='bbox 533 4871 587 4926; x_wconf 73' lang='lat' dir='ltr'>sila</span> <span class='ocrx_word' id='word_1_717' title='bbox 612 4872 764 4936; x_wconf 83' lang='lat' dir='ltr'>sociamus.</span> <span class='ocrx_word' id='word_1_718' title='bbox 800 4876 881 4942; x_wconf 76' lang='lat' dir='ltr'>Erpa</span> <span class='ocrx_word' id='word_1_719' title='bbox 903 4873 931 4926; x_wconf 81' lang='lat' dir='ltr'>si</span> <span class='ocrx_word' id='word_1_720' title='bbox 952 4881 983 4926; x_wconf 85' lang='lat' dir='ltr'>ut</span> <span class='ocrx_word' id='word_1_721' title='bbox 1007 4891 1026 4926; x_wconf 89' lang='lat' dir='ltr'>c</span> <span class='ocrx_word' id='word_1_722' title='bbox 1052 4876 1131 4928; x_wconf 84' lang='lat' dir='ltr'>nohis</span> <span class='ocrx_word' id='word_1_723' title='bbox 1148 4877 1232 4943; x_wconf 79' lang='lat' dir='ltr'>fiunt,</span> <span class='ocrx_word' id='word_1_724' title='bbox 1258 4874 1452 4945; x_wconf 88' lang='lat' dir='ltr'>probabimus,</span> <span class='ocrx_word' id='word_1_725' title='bbox 1478 4875 1553 4931; x_wconf 87' lang='lat' dir='ltr'>bona</span> <span class='ocrx_word' id='word_1_726' title='bbox 1578 4894 1663 4947; x_wconf 88' lang='lat' dir='ltr'>opera</span> <span class='ocrx_word' id='word_1_727' title='bbox 1688 4894 1743 4933; x_wconf 90' lang='lat' dir='ltr'>non</span> <span class='ocrx_word' id='word_1_728' title='bbox 1768 4895 1828 4934; x_wconf 89' lang='lat' dir='ltr'>esse</span> <span class='ocrx_word' id='word_1_729' title='bbox 1852 4878 1992 4933; x_wconf 88' lang='lat' dir='ltr'>meritoria</span> <span class='ocrx_word' id='word_1_730' title='bbox 2020 4881 2096 4939; x_wconf 82' lang='lat' dir='ltr'>vitae</span> 
     </span>
     <span class='ocr_line' id='line_1_51' title="bbox 399 4958 2095 5037; baseline 0.004 -21"><span class='ocrx_word' id='word_1_731' title='bbox 399 4960 477 5016; x_wconf 84' lang='lat' dir='ltr'>malo</span> <span class='ocrx_word' id='word_1_732' title='bbox 502 4966 579 5025; x_wconf 89' lang='lat' dir='ltr'>sunt,</span> <span class='ocrx_word' id='word_1_733' title='bbox 602 4958 767 5027; x_wconf 55' lang='lat' dir='ltr'>&amp;mpliciter</span> <span class='ocrx_word' id='word_1_734' title='bbox 791 4958 870 5013; x_wconf 84' lang='lat' dir='ltr'>malo</span> <span class='ocrx_word' id='word_1_735' title='bbox 892 4967 973 5012; x_wconf 80' lang='lat' dir='ltr'>erunt</span> <span class='ocrx_word' id='word_1_736' title='bbox 989 4977 1045 5013; x_wconf 88' lang='lat' dir='ltr'>non</span> <span class='ocrx_word' id='word_1_737' title='bbox 1064 4962 1144 5014; x_wconf 85' lang='lat' dir='ltr'>bono.</span> <span class='ocrx_word' id='word_1_738' title='bbox 1179 4961 1232 5017; x_wconf 89' lang='lat' dir='ltr'>Re·</span> <span class='ocrx_word' id='word_1_739' title='bbox 1259 4967 1388 5016; x_wconf 83' lang='lat' dir='ltr'>aeternae</span> <span class='ocrx_word' id='word_1_740' title='bbox 1407 4978 1439 5015; x_wconf 89' lang='lat' dir='ltr'>ex</span> <span class='ocrx_word' id='word_1_741' title='bbox 1457 4962 1610 5034; x_wconf 85' lang='lat' dir='ltr'>condigno,</span> <span class='ocrx_word' id='word_1_742' title='bbox 1634 4982 1666 5019; x_wconf 89' lang='lat' dir='ltr'>ex</span> <span class='ocrx_word' id='word_1_743' title='bbox 1692 4982 1747 5037; x_wconf 89' lang='lat' dir='ltr'>quo</span> <span class='ocrx_word' id='word_1_744' title='bbox 1764 4972 1862 5036; x_wconf 91' lang='lat' dir='ltr'>sponte</span> <span class='ocrx_word' id='word_1_745' title='bbox 1879 4966 2019 5037; x_wconf 88' lang='lat' dir='ltr'>sequitur,</span> <span class='ocrx_word' id='word_1_746' title='bbox 2044 4966 2095 5024; x_wconf 90' lang='lat' dir='ltr'>ho-</span> 
     </span>
     <span class='ocr_line' id='line_1_52' title="bbox 399 5043 2095 5120; baseline 0.004 -18"><span class='ocrx_word' id='word_1_747' title='bbox 399 5045 578 5119; x_wconf 86' lang='lat' dir='ltr'>spondemus:</span> <span class='ocrx_word' id='word_1_748' title='bbox 602 5043 670 5099; x_wconf 88' lang='lat' dir='ltr'>Plus</span> <span class='ocrx_word' id='word_1_749' title='bbox 693 5044 788 5099; x_wconf 89' lang='lat' dir='ltr'>estin</span> <span class='ocrx_word' id='word_1_750' title='bbox 813 5050 999 5117; x_wconf 86' lang='lat' dir='ltr'>consequente</span> <span class='ocrx_word' id='word_1_751' title='bbox 1023 5062 1106 5117; x_wconf 86' lang='lat' dir='ltr'>quam</span> <span class='ocrx_word' id='word_1_752' title='bbox 1124 5054 1232 5103; x_wconf 86' lang='lat' dir='ltr'>antece·</span> <span class='ocrx_word' id='word_1_753' title='bbox 1259 5047 1360 5102; x_wconf 89' lang='lat' dir='ltr'>minem</span> <span class='ocrx_word' id='word_1_754' title='bbox 1391 5065 1446 5103; x_wconf 90' lang='lat' dir='ltr'>non</span> <span class='ocrx_word' id='word_1_755' title='bbox 1475 5048 1624 5118; x_wconf 81' lang='lat' dir='ltr'>justificari</span> <span class='ocrx_word' id='word_1_756' title='bbox 1651 5067 1684 5105; x_wconf 91' lang='lat' dir='ltr'>ex</span> <span class='ocrx_word' id='word_1_757' title='bbox 1710 5050 1846 5120; x_wconf 90' lang='lat' dir='ltr'>operibus.</span> <span class='ocrx_word' id='word_1_758' title='bbox 1890 5057 1914 5107; x_wconf 82' lang='lat'>2.</span> <span class='ocrx_word' id='word_1_759' title='bbox 1942 5052 2095 5110; x_wconf 87' lang='lat' dir='ltr'>Distinctio</span> 
     </span>
     <span class='ocr_line' id='line_1_53' title="bbox 399 5129 2096 5209; baseline 0.005 -21"><span class='ocrx_word' id='word_1_760' title='bbox 399 5135 468 5190; x_wconf 89' lang='lat' dir='ltr'>dens</span> <span class='ocrx_word' id='word_1_761' title='bbox 490 5130 638 5203; x_wconf 64' lang='lat' dir='ltr'>permistim</span> <span class='ocrx_word' id='word_1_762' title='bbox 665 5129 717 5186; x_wconf 92' lang='lat' dir='ltr'>hoc</span> <span class='ocrx_word' id='word_1_763' title='bbox 747 5136 855 5185; x_wconf 88' lang='lat' dir='ltr'>tantum</span> <span class='ocrx_word' id='word_1_764' title='bbox 879 5132 1020 5203; x_wconf 89' lang='lat' dir='ltr'>sequitur,</span> <span class='ocrx_word' id='word_1_765' title='bbox 1047 5132 1121 5188; x_wconf 87' lang='lat' dir='ltr'>bona</span> <span class='ocrx_word' id='word_1_766' title='bbox 1147 5150 1233 5205; x_wconf 88' lang='lat' dir='ltr'>opera</span> <span class='ocrx_word' id='word_1_767' title='bbox 1258 5133 1331 5189; x_wconf 91' lang='lat' dir='ltr'>inter</span> <span class='ocrx_word' id='word_1_768' title='bbox 1347 5132 1575 5203; x_wconf 82' lang='lat' dir='ltr'>justificationem</span> <span class='ocrx_word' id='word_1_769' title='bbox 1600 5137 1718 5208; x_wconf 89' lang='lat' dir='ltr'>primam</span> <span class='ocrx_word' id='word_1_770' title='bbox 1739 5146 1767 5193; x_wconf 91' lang='lat' dir='ltr'>et</span> <span class='ocrx_word' id='word_1_771' title='bbox 1787 5138 1948 5207; x_wconf 88' lang='lat' dir='ltr'>secundam,</span> <span class='ocrx_word' id='word_1_772' title='bbox 1973 5145 2096 5209; x_wconf 92' lang='lat' dir='ltr'>prouta</span> 
     </span>
     <span class='ocr_line' id='line_1_54' title="bbox 400 5216 2097 5298; baseline 0.004 -21"><span class='ocrx_word' id='word_1_773' title='bbox 400 5237 461 5277; x_wconf 87' lang='lat' dir='ltr'>csse</span> <span class='ocrx_word' id='word_1_774' title='bbox 485 5217 647 5288; x_wconf 89' lang='lat' dir='ltr'>imperfecta</span> <span class='ocrx_word' id='word_1_775' title='bbox 669 5223 698 5271; x_wconf 89' lang='lat' dir='ltr'>et</span> <span class='ocrx_word' id='word_1_776' title='bbox 722 5216 879 5289; x_wconf 91' lang='lat' dir='ltr'>immunda,</span> <span class='ocrx_word' id='word_1_777' title='bbox 905 5226 1042 5289; x_wconf 87' lang='lat' dir='ltr'>quatenus</span> <span class='ocrx_word' id='word_1_778' title='bbox 1065 5220 1178 5275; x_wconf 90' lang='lat' dir='ltr'>anobis</span> <span class='ocrx_word' id='word_1_779' title='bbox 1199 5237 1232 5276; x_wconf 91' lang='lat' dir='ltr'>ex</span> <span class='ocrx_word' id='word_1_780' title='bbox 1258 5218 1428 5274; x_wconf 86' lang='lat' dir='ltr'>Bellarmino</span> <span class='ocrx_word' id='word_1_781' title='bbox 1453 5225 1482 5276; x_wconf 89' lang='lat' dir='ltr'>et</span> <span class='ocrx_word' id='word_1_782' title='bbox 1504 5221 1566 5276; x_wconf 89' lang='lat' dir='ltr'>aliis</span> <span class='ocrx_word' id='word_1_783' title='bbox 1588 5222 1743 5278; x_wconf 88' lang='lat' dir='ltr'>Pontificiis</span> <span class='ocrx_word' id='word_1_784' title='bbox 1767 5224 1953 5295; x_wconf 88' lang='lat' dir='ltr'>Scriptoribus</span> <span class='ocrx_word' id='word_1_785' title='bbox 1977 5243 2097 5298; x_wconf 86' lang='lat' dir='ltr'>usurpa·</span> 
     </span>
     <span class='ocr_line' id='line_1_55' title="bbox 399 5302 2098 5381; baseline 0.004 -19"><span class='ocrx_word' id='word_1_786' title='bbox 399 5311 478 5377; x_wconf 85' lang='lat' dir='ltr'>parte</span> <span class='ocrx_word' id='word_1_787' title='bbox 503 5302 594 5358; x_wconf 85' lang='lat' dir='ltr'>adhuc</span> <span class='ocrx_word' id='word_1_788' title='bbox 620 5303 778 5358; x_wconf 87' lang='lat' dir='ltr'>carnalibus</span> <span class='ocrx_word' id='word_1_789' title='bbox 795 5303 882 5367; x_wconf 87' lang='lat' dir='ltr'>fiunt,</span> <span class='ocrx_word' id='word_1_790' title='bbox 907 5321 962 5359; x_wconf 91' lang='lat' dir='ltr'>non</span> <span class='ocrx_word' id='word_1_791' title='bbox 982 5312 1074 5361; x_wconf 89' lang='lat' dir='ltr'>autem</span> <span class='ocrx_word' id='word_1_792' title='bbox 1097 5313 1232 5377; x_wconf 87' lang='lat' dir='ltr'>quatenus</span> <span class='ocrx_word' id='word_1_793' title='bbox 1257 5312 1312 5369; x_wconf 86' lang='lat' dir='ltr'>tur,</span> <span class='ocrx_word' id='word_1_794' title='bbox 1323 5322 1378 5359; x_wconf 91' lang='lat' dir='ltr'>non</span> <span class='ocrx_word' id='word_1_795' title='bbox 1391 5306 1479 5360; x_wconf 91' lang='lat' dir='ltr'>solum</span> <span class='ocrx_word' id='word_1_796' title='bbox 1492 5306 1651 5363; x_wconf 90' lang='lat' dir='ltr'>destituitur</span> <span class='ocrx_word' id='word_1_797' title='bbox 1662 5309 1850 5363; x_wconf 90' lang='lat' dir='ltr'>fundamentis</span> <span class='ocrx_word' id='word_1_798' title='bbox 1864 5309 2033 5381; x_wconf 79' lang='lat' dir='ltr'>Scripturas,</span> <span class='ocrx_word' id='word_1_799' title='bbox 2045 5313 2098 5369; x_wconf 79' lang='lat' dir='ltr'>sed</span> 
     </span>
     <span class='ocr_line' id='line_1_56' title="bbox 399 5387 2098 5467; baseline 0.005 -21"><span class='ocrx_word' id='word_1_800' title='bbox 399 5408 418 5447; x_wconf 88' lang='lat' dir='ltr'>s</span> <span class='ocrx_word' id='word_1_801' title='bbox 434 5389 514 5446; x_wconf 89' lang='lat' dir='ltr'>uobis</span> <span class='ocrx_word' id='word_1_802' title='bbox 531 5404 582 5461; x_wconf 87' lang='lat' dir='ltr'>per</span> <span class='ocrx_word' id='word_1_803' title='bbox 599 5387 732 5459; x_wconf 83' lang='lat' dir='ltr'>Spiritum</span> <span class='ocrx_word' id='word_1_804' title='bbox 749 5388 803 5445; x_wconf 89' lang='lat' dir='ltr'>Dei</span> <span class='ocrx_word' id='word_1_805' title='bbox 826 5389 965 5446; x_wconf 79' lang='lat' dir='ltr'>renovatis</span> <span class='ocrx_word' id='word_1_806' title='bbox 979 5391 1141 5461; x_wconf 88' lang='lat' dir='ltr'>procedunt.</span> <span class='ocrx_word' id='word_1_807' title='bbox 1176 5391 1233 5447; x_wconf 92' lang='lat' dir='ltr'>De·</span> <span class='ocrx_word' id='word_1_808' title='bbox 1258 5391 1347 5447; x_wconf 90' lang='lat' dir='ltr'>eidem</span> <span class='ocrx_word' id='word_1_809' title='bbox 1368 5390 1450 5446; x_wconf 88' lang='lat' dir='ltr'>etiam</span> <span class='ocrx_word' id='word_1_810' title='bbox 1469 5391 1618 5450; x_wconf 90' lang='lat' dir='ltr'>fortissime</span> <span class='ocrx_word' id='word_1_811' title='bbox 1637 5396 1807 5460; x_wconf 87' lang='lat' dir='ltr'>adversatur,</span> <span class='ocrx_word' id='word_1_812' title='bbox 1826 5395 1961 5467; x_wconf 87' lang='lat' dir='ltr'>siquidem</span> <span class='ocrx_word' id='word_1_813' title='bbox 1975 5402 2098 5455; x_wconf 86' lang='lat' dir='ltr'>testatur</span> 
     </span>
     <span class='ocr_line' id='line_1_57' title="bbox 400 5473 2097 5553; baseline 0.007 -24"><span class='ocrx_word' id='word_1_814' title='bbox 400 5475 488 5530; x_wconf 86' lang='lat' dir='ltr'>clarat</span> <span class='ocrx_word' id='word_1_815' title='bbox 512 5474 540 5529; x_wconf 89' lang='lat' dir='ltr'>id</span> <span class='ocrx_word' id='word_1_816' title='bbox 562 5473 701 5530; x_wconf 73' lang='lat' dir='ltr'>Lunam</span> <span class='ocrx_word' id='word_1_817' title='bbox 728 5474 908 5530; x_wconf 87' lang='lat' dir='ltr'>similitudine</span> <span class='ocrx_word' id='word_1_818' title='bbox 931 5475 997 5531; x_wconf 88' lang='lat' dir='ltr'>boni</span> <span class='ocrx_word' id='word_1_819' title='bbox 1021 5476 1094 5532; x_wconf 83' lang='lat' dir='ltr'>fabri</span> <span class='ocrx_word' id='word_1_820' title='bbox 1112 5480 1232 5534; x_wconf 89' lang='lat' dir='ltr'>secantis</span> <span class='ocrx_word' id='word_1_821' title='bbox 1259 5477 1416 5548; x_wconf 86' lang='lat' dir='ltr'>Scriptura,</span> <span class='ocrx_word' id='word_1_822' title='bbox 1439 5498 1531 5534; x_wconf 84' lang='lat' dir='ltr'>omnes</span> <span class='ocrx_word' id='word_1_823' title='bbox 1548 5483 1750 5552; x_wconf 75' lang='lat' dir='ltr'>justificandos</span> <span class='ocrx_word' id='word_1_824' title='bbox 1767 5501 1823 5538; x_wconf 90' lang='lat' dir='ltr'>uno</span> <span class='ocrx_word' id='word_1_825' title='bbox 1842 5486 1989 5553; x_wconf 79' lang='lat' dir='ltr'>cedesque</span> <span class='ocrx_word' id='word_1_826' title='bbox 2009 5489 2097 5542; x_wconf 82' lang='lat' dir='ltr'>modo</span> 
     </span>
     <span class='ocr_line' id='line_1_58' title="bbox 400 5560 2097 5643; baseline 0.007 -27"><span class='ocrx_word' id='word_1_827' title='bbox 400 5577 511 5616; x_wconf 84' lang='lat' dir='ltr'>corrosa</span> <span class='ocrx_word' id='word_1_828' title='bbox 529 5567 558 5617; x_wconf 90' lang='lat' dir='ltr'>et</span> <span class='ocrx_word' id='word_1_829' title='bbox 576 5562 691 5617; x_wconf 60' lang='lat' dir='ltr'>denhta</span> <span class='ocrx_word' id='word_1_830' title='bbox 707 5560 810 5626; x_wconf 89' lang='lat' dir='ltr'>securi,</span> <span class='ocrx_word' id='word_1_831' title='bbox 840 5561 889 5616; x_wconf 91' lang='lat' dir='ltr'>ubi</span> <span class='ocrx_word' id='word_1_832' title='bbox 907 5560 1077 5632; x_wconf 87' lang='lat' dir='ltr'>imperfectio</span> <span class='ocrx_word' id='word_1_833' title='bbox 1096 5568 1125 5619; x_wconf 90' lang='lat' dir='ltr'>et</span> <span class='ocrx_word' id='word_1_834' title='bbox 1142 5563 1232 5621; x_wconf 72' lang='lat' dir='ltr'>defer</span> <span class='ocrx_word' id='word_1_835' title='bbox 1252 5564 1419 5634; x_wconf 81' lang='lat' dir='ltr'>justificari,</span> <span class='ocrx_word' id='word_1_836' title='bbox 1436 5565 1499 5621; x_wconf 82' lang='lat' dir='ltr'>Act.</span> <span class='ocrx_word' id='word_1_837' title='bbox 1521 5574 1560 5636; x_wconf 84' lang='lat'>15,</span> <span class='ocrx_word' id='word_1_838' title='bbox 1579 5586 1604 5622; x_wconf 85' lang='lat' dir='ltr'>v.</span> <span class='ocrx_word' id='word_1_839' title='bbox 1625 5574 1664 5624; x_wconf 88' lang='lat'>11.</span> <span class='ocrx_word' id='word_1_840' title='bbox 1682 5568 1760 5625; x_wconf 88' lang='lat' dir='ltr'>Rom.</span> <span class='ocrx_word' id='word_1_841' title='bbox 1780 5574 1805 5633; x_wconf 82' lang='grc'>4,</span> <span class='ocrx_word' id='word_1_842' title='bbox 1821 5588 1847 5626; x_wconf 85' lang='lat' dir='ltr'>v.</span> <span class='ocrx_word' id='word_1_843' title='bbox 1867 5574 1914 5638; x_wconf 70' lang='lat'>243</span> <span class='ocrx_word' id='word_1_844' title='bbox 1932 5587 2031 5641; x_wconf 84' lang='lat' dir='ltr'>nempe</span> <span class='ocrx_word' id='word_1_845' title='bbox 2038 5591 2097 5643; x_wconf 80' lang='lat' dir='ltr'>per</span> 
     </span>
     <span class='ocr_line' id='line_1_59' title="bbox 400 5646 2096 5723; baseline 0.009 -22"><span class='ocrx_word' id='word_1_846' title='bbox 400 5647 482 5701; x_wconf 83' lang='lat' dir='ltr'>mitae</span> <span class='ocrx_word' id='word_1_847' title='bbox 508 5646 651 5702; x_wconf 88' lang='lat' dir='ltr'>incisionis</span> <span class='ocrx_word' id='word_1_848' title='bbox 672 5664 727 5703; x_wconf 86' lang='lat' dir='ltr'>non</span> <span class='ocrx_word' id='word_1_849' title='bbox 751 5646 806 5719; x_wconf 89' lang='lat' dir='ltr'>ipsi</span> <span class='ocrx_word' id='word_1_850' title='bbox 822 5646 915 5712; x_wconf 86' lang='lat' dir='ltr'>fabro,</span> <span class='ocrx_word' id='word_1_851' title='bbox 943 5648 992 5701; x_wconf 89' lang='lat' dir='ltr'>sed</span> <span class='ocrx_word' id='word_1_852' title='bbox 1009 5647 1125 5705; x_wconf 85' lang='lat' dir='ltr'>vitiosae</span> <span class='ocrx_word' id='word_1_853' title='bbox 1144 5651 1233 5705; x_wconf 88' lang='lat' dir='ltr'>securi</span> <span class='ocrx_word' id='word_1_854' title='bbox 1252 5652 1342 5721; x_wconf 77' lang='lat' dir='ltr'>fidem</span> <span class='ocrx_word' id='word_1_855' title='bbox 1371 5652 1487 5723; x_wconf 72' lang='lat' dir='ltr'>Christi,</span> <span class='ocrx_word' id='word_1_856' title='bbox 1519 5654 1598 5710; x_wconf 83' lang='lat' dir='ltr'>Rom.</span> <span class='ocrx_word' id='word_1_857' title='bbox 1622 5661 1651 5723; x_wconf 82' lang='lat'>³,</span> <span class='ocrx_word' id='word_1_858' title='bbox 1674 5674 1700 5712; x_wconf 80' lang='lat' dir='ltr'>v.</span> <span class='ocrx_word' id='word_1_859' title='bbox 1727 5662 1766 5711; x_wconf 80' lang='lat'>22.</span> <span class='ocrx_word' id='word_1_860' title='bbox 1789 5662 1829 5710; x_wconf 80' lang='lat'>25.</span> <span class='ocrx_word' id='word_1_861' title='bbox 1852 5661 1892 5713; x_wconf 80' lang='lat'>28.</span> <span class='ocrx_word' id='word_1_862' title='bbox 1924 5673 1947 5710; x_wconf 93' lang='lat' dir='ltr'>c.</span> <span class='ocrx_word' id='word_1_863' title='bbox 1968 5662 1999 5720; x_wconf 88' lang='grc'>4,</span> <span class='ocrx_word' id='word_1_864' title='bbox 2025 5677 2052 5714; x_wconf 83' lang='lat' dir='ltr'>v.</span> <span class='ocrx_word' id='word_1_865' title='bbox 2072 5667 2096 5717; x_wconf 82' lang='lat'>5.</span> 
     </span>
     <span class='ocr_line' id='line_1_60' title="bbox 400 5731 2096 5813; baseline 0.007 -24"><span class='ocrx_word' id='word_1_866' title='bbox 400 5731 558 5791; x_wconf 84' lang='lat' dir='ltr'>tribuenda.</span> <span class='ocrx_word' id='word_1_867' title='bbox 593 5735 642 5800; x_wconf 85' lang='lat' dir='ltr'>At,</span> <span class='ocrx_word' id='word_1_868' title='bbox 660 5732 752 5807; x_wconf 87' lang='lat' dir='ltr'>iuquit</span> <span class='ocrx_word' id='word_1_869' title='bbox 767 5732 960 5802; x_wconf 88' lang='lat' dir='ltr'>Bellarminus,</span> <span class='ocrx_word' id='word_1_870' title='bbox 981 5735 1067 5789; x_wconf 77' lang='lat' dir='ltr'>bonus</span> <span class='ocrx_word' id='word_1_871' title='bbox 1082 5737 1167 5803; x_wconf 79' lang='lat' dir='ltr'>foder</span> <span class='ocrx_word' id='word_1_872' title='bbox 1176 5754 1234 5805; x_wconf 80' lang='lat' dir='ltr'>per</span> <span class='ocrx_word' id='word_1_873' title='bbox 1260 5735 1325 5793; x_wconf 72' lang='lat' dir='ltr'>cat</span> <span class='ocrx_word' id='word_1_874' title='bbox 1345 5742 1369 5807; x_wconf 77' lang='lat'>2,</span> <span class='ocrx_word' id='word_1_875' title='bbox 1387 5755 1412 5790; x_wconf 83' lang='lat' dir='ltr'>v.</span> <span class='ocrx_word' id='word_1_876' title='bbox 1433 5744 1471 5794; x_wconf 87' lang='grc'>16.</span> <span class='ocrx_word' id='word_1_877' title='bbox 1493 5746 1558 5811; x_wconf 84' lang='lat' dir='ltr'>ete.;</span> <span class='ocrx_word' id='word_1_878' title='bbox 1581 5742 1684 5812; x_wconf 83' lang='lat' dir='ltr'>ubsque</span> <span class='ocrx_word' id='word_1_879' title='bbox 1702 5740 1844 5813; x_wconf 83' lang='lat' dir='ltr'>operibus,</span> <span class='ocrx_word' id='word_1_880' title='bbox 1863 5742 1942 5797; x_wconf 84' lang='lat' dir='ltr'>Rom.</span> <span class='ocrx_word' id='word_1_881' title='bbox 1964 5748 1989 5813; x_wconf 85' lang='lat'>3,</span> <span class='ocrx_word' id='word_1_882' title='bbox 2007 5761 2032 5800; x_wconf 85' lang='lat' dir='ltr'>v.</span> <span class='ocrx_word' id='word_1_883' title='bbox 2054 5752 2096 5803; x_wconf 78' lang='lat'>28.</span> 
     </span>
     <span class='ocr_line' id='line_1_61' title="bbox 402 5820 2095 5899; baseline 0.008 -24"><span class='ocrx_word' id='word_1_884' title='bbox 402 5820 507 5878; x_wconf 83' lang='lat' dir='ltr'>molam</span> <span class='ocrx_word' id='word_1_885' title='bbox 523 5822 643 5876; x_wconf 80' lang='lat' dir='ltr'>securim</span> <span class='ocrx_word' id='word_1_886' title='bbox 659 5839 715 5878; x_wconf 86' lang='lat' dir='ltr'>noa</span> <span class='ocrx_word' id='word_1_887' title='bbox 730 5822 805 5888; x_wconf 82' lang='lat' dir='ltr'>foeit</span> <span class='ocrx_word' id='word_1_888' title='bbox 822 5820 924 5890; x_wconf 77' lang='lat' dir='ltr'>bmrus,</span> <span class='ocrx_word' id='word_1_889' title='bbox 941 5822 994 5874; x_wconf 79' lang='lat' dir='ltr'>sed</span> <span class='ocrx_word' id='word_1_890' title='bbox 1011 5822 1102 5877; x_wconf 84' lang='lat' dir='ltr'>matos</span> <span class='ocrx_word' id='word_1_891' title='bbox 1119 5823 1233 5879; x_wconf 83' lang='lat' dir='ltr'>incisio-</span> <span class='ocrx_word' id='word_1_892' title='bbox 1262 5823 1327 5880; x_wconf 69' lang='lat' dir='ltr'>&lt;sat</span> <span class='ocrx_word' id='word_1_893' title='bbox 1349 5829 1380 5889; x_wconf 84' lang='lat'>2,</span> <span class='ocrx_word' id='word_1_894' title='bbox 1403 5844 1429 5883; x_wconf 87' lang='lat' dir='ltr'>v.</span> <span class='ocrx_word' id='word_1_895' title='bbox 1457 5831 1501 5897; x_wconf 74' lang='lat'>163</span> <span class='ocrx_word' id='word_1_896' title='bbox 1529 5826 1653 5882; x_wconf 62' lang='lat' dir='ltr'>somnne</span> <span class='ocrx_word' id='word_1_897' title='bbox 1670 5828 1812 5898; x_wconf 80' lang='lat' dir='ltr'>peccatis,</span> <span class='ocrx_word' id='word_1_898' title='bbox 1837 5828 1901 5885; x_wconf 82' lang='lat' dir='ltr'>Act.</span> <span class='ocrx_word' id='word_1_899' title='bbox 1931 5834 1977 5899; x_wconf 81' lang='lat'>13,</span> <span class='ocrx_word' id='word_1_900' title='bbox 2004 5850 2032 5889; x_wconf 82' lang='lat' dir='ltr'>v.</span> <span class='ocrx_word' id='word_1_901' title='bbox 2052 5839 2095 5891; x_wconf 82' lang='grc'>38.</span> 
     </span>
    </p>
   </div>
   <div class='ocr_carea' id='block_1_3' title="bbox 0 0 2404 6659">
    <p class='ocr_par' dir='ltr' id='par_1_3' title="bbox 0 0 2404 6659">
     <span class='ocr_line' id='line_1_62' title="bbox 0 0 2404 6659; baseline 0 0"><span class='ocrx_word' id='word_1_902' title='bbox 0 0 2404 6659; x_wconf 95' lang='lat' dir='ltr'> </span> 
     </span>
    </p>
   </div>
  </div>
 </body>
</html>
