4800 6659
990 597 1390 661 nsnomsornnmus
1994 613 2036 674 ss

266 769 300 812 ml
380 763 421 814 tt.
443 756 755 814 monumemtum
766 771 918 827 operastm
928 755 1182 827 justitiaeaomiue
1210 755 1373 831 hypocrisin
1395 765 1425 816 et
1449 759 1607 816 voluntmie
1635 766 1752 833 peccets
1774 761 1972 817 conscientium
1991 778 2039 818 ιι·

266 834 321 924 ff..
347 847 477 899 ommnda
491 853 590 914 comet,
608 846 662 899 sed
674 845 894 915 etiamcoufidit,
912 861 945 898 ea
960 842 1111 914 injudicio
1124 841 1185 897 Dei
1208 848 1324 916 sunus,
1349 833 1525 920 nequequam
1546 864 1611 904 vero
1636 848 1763 904 omnibus
1786 847 1920 921 gadibus
1937 865 1972 905 ec
1990 865 2040 904 nu·

266 929 494 1018 ffiblsubestsre
509 948 607 1002 porse,
626 931 738 1001 alioqui
756 938 867 1000 poem,
879 931 1182 1001 judicari-secondum
1208 933 1290 989 meris
1316 934 1470 1005 perlectum
1495 941 1524 989 et
1537 950 1635 1006 purum
1651 934 1840 990 obedientium
1857 933 2040 1002 inferunt,si

266 1030 314 1070 mu
340 1020 482 1089 justitiam
501 1036 591 1086 mam,
609 1017 817 1071 damnationem
831 1034 889 1088 pro
907 1017 1083 1071 absolutionc
1098 1032 1182 1087 quac·
1209 1019 1280 1076 enim
1305 1021 1483 1093 perfectionis
1507 1020 1583 1076 illius
1603 1021 1695 1076 David
1719 1017 1771 1077 sibi
1790 1020 1917 1077 conscius
1934 1022 2041 1093 inisset

266 1084 291 1174 ii,
343 1107 460 1161 evesa.
479 1104 583 1161 Psslm.
594 1110 653 1170 7,ι.
664 1110 695 1159 9:
706 1104 816 1158 Judica
829 1120 880 1169 me,
892 1105 1022 1169 Domine,
1031 1105 1182 1158 secundum
1207 1124 1257 1162 our
1271 1108 1409 1179 judicium
1427 1107 1481 1163 Dei
1500 1114 1647 1179 tantopere
1664 1107 1848 1164 formidaret?
1865 1107 1950 1164 Adde
1965 1109 2040 1180 quod

338 1193 480 1264 justitiam
495 1208 584 1245 meam
597 1199 623 1244 et
635 1192 786 1244 amodum
796 1191 983 1245 innocentiam
993 1206 1083 1242 mecm
1095 1206 1181 1259 essper
1207 1193 1331 1266 impletio
1355 1194 1548 1250 mendatorum
1577 1193 1732 1249 divinorum
1755 1212 1819 1249 cum
1844 1194 1985 1250 sdditione
2005 1194 2040 1250 de

343 1297 392 1335 me.
427 1278 531 1334 Pselm.
552 1284 592 1347 ll,
611 1295 637 1334 ι.
656 1285 677 1332 l·
690 1282 720 1333 2:
738 1278 868 1346 Exaudi,
889 1276 1180 1346 Domio0,jwliliam
1206 1287 1384 1351 peccstorum
1407 1281 1566 1336 remissione
1591 1280 1774 1352 intelligenda
1798 1281 1847 1350 sit,
1878 1289 1943 1335 tunc
1967 1281 2040 1334 enim

342 1385 446 1435 ιιιιιιιιι,Ι
459 1368 495 1420 de
507 1365 587 1420 cultu
597 1372 644 1418 tuo
654 1363 794 1433 judicium
806 1380 895 1417 meum
902 1366 1042 1433 prodeam
1055 1362 1182 1417 ocutus·
1207 1369 1301 1422 omnia
1319 1370 1457 1423 mandata
1473 1370 1557 1436 sacta
1575 1371 1756 1438 deputontur,
1775 1370 1888 1438 quaudo
1906 1367 2041 1438 quioquid

340 1456 453 1508 rideant
471 1452 649 1521 aequitatem.
688 1450 825 1505 Probasti
842 1468 890 1504 cor·
908 1466 997 1504 meum
1015 1457 1042 1503 et
1058 1449 1182 1503 simassi
1206 1473 1263 1509 oon
1278 1456 1318 1523 fit,
1336 1455 1498 1525 ipuoscitur.

341 1548 426 1608 nocte,
441 1540 506 1608 ipne
518 1554 560 1591 me
572 1537 741 1590 examinasti
753 1544 778 1589 et
790 1554 846 1590 uon
860 1543 900 1589 est
909 1536 1022 1589 invento
1032 1537 1062 1589 io
1072 1551 1115 1588 me
1126 1534 1179 1587 ini·
1241 1547 1283 1599 73.
1320 1548 1343 1598 3.
1361 1541 1460 1599 Mstth.
1480 1548 1509 1598 o:
1532 1542 1567 1597 ss·
1590 1542 1688 1597 ocsslus
1713 1548 1775 1594 tuus
1800 1541 1918 1609 simplex
1935 1539 2039 1607 fuoeit,
2051 1535 2166 1629 μ’*

342 1624 743 1697 puitcs.Pselm.18‚v.2l.22:
758 1622 1177 1676 RetribuetmihiDomimssse·
1206 1638 1291 1683 totum
1317 1647 1419 1699 corpus
1443 1630 1569 1683 lucidum
1590 1631 1659 1699 m'q
1694 1633 1723 1684 et
1748 1627 1818 1683 Luc,
1838 1634 1886 1684 11:
1914 1626 1949 1681 Si
1972 1587 2171 1699 “popm-⁸

344 1716 462 1768 mundum
474 1711 619 1781 justitiam
634 1726 725 1763 meam
743 1717 769 1762 et
790 1710 939 1762 secuudum
952 1709 1107 1777 puritatem
1119 1725 1177 1759 ma·
1205 1734 1307 1786 eorpus
1330 1724 1406 1770 usum
1429 1716 1554 1770 lucidum
1575 1716 1684 1783 suerit,
1711 1733 1768 1769 ooo
1791 1715 1896 1769 habens
1913 1713 2040 1783 aliquam
2051 1690 2168 1790 ᾖξε

345 1818 425 1854 ouum
437 1816 561 1852 mearum
574 1797 708 1850 retribuet
719 1795 794 1864 miti,
812 1796 880 1863 puio
895 1794 1033 1848 crsstoclioi
1043 1796 1104 1848 vias
1118 1797 1178 1848 Do·
1200 1812 1315 1872 pamm
1341 1803 1532 1869 umbrarum,
1560 1802 1613 1855 erit
1639 1802 1765 1856 lucidum
1788 1809 1888 1865 sotum,
1916 1809 1943 1855 a
1967 1801 2039 1856 sieut
2052 1803 2134 1887 stef·

343 1887 478 1953 minicae
492 1885 576 1953 impie
588 1883 765 1951 pessicDeo
778 1898 846 1936 meo.
864 1881 1051 1944 Pessum:
1068 1880 1179 1933 Judica
1206 1890 1321 1943 lucem
1350 1889 1477 1958 solym-2¹,
1506 1888 1677 1943 illuminabit
1707 1895 1750 1958 ‘⁶5
1779 1887 1829 1941 „bi
1849 1904 1904 1957 pe,-
1929 1849 2154 1943 omnifi-

346 1992 391 2040 me‚
404 1971 678 2040 Domteequomam
690 1987 739 2038 epo
751 1971 781 2022 io
794 1969 951 2029 innocentia
963 1985 1025 2021 meo
1037 1968 1179 2037 impressus
1206 1976 1360 2046 simplicem
1379 1976 1546 2043 {menmium
1564 1983 1641 2028 rma
1660 1975 1787 2039 immeto,
1805 1991 1861 2044 per
1878 1991 1981 2044 corpus
1999 1973 2041 2028 lu·

345 2079 409 2113 eum.
441 2059 486 2113 ΡΙ.
503 2063 560 2126 119,
572 2075 597 2110 v.
614 2062 676 2113 ltl:
694 2057 765 2110 cht'
775 2055 919 2125 judicium
931 2055 1114 2123 dimidiam,
1125 2071 1179 2107 uon
1207 2062 1302 2115 pidum
1331 2080 1401 2132 opus
1430 2061 1543 2126 honum,
1573 2062 1629 2115 tale
1655 2069 1747 2116 amem
1778 2078 1848 2134 opus
1872 2060 2043 2130 pronuntiat

347 2146 549 2213 calumnientur
564 2161 607 2197 me
624 2143 746 2212 superbi.
784 2140 1007 2212 Respondemus:
1035 2147 1056 2196 l.
1074 2140 1178 2195 Distin-
1207 2150 1348 2203 Domious
1382 2166 1440 2202 esse
1469 2148 1594 2203 lucidum
1623 2155 1708 2201 totum
1736 2164 1786 2201 nec
1817 2146 1907 2201 ullam
1940 2146 2043 2202 habere

349 2233 487 2305 guendum
499 2238 541 2285 esi
554 2231 625 2285 inter
633 2230 770 2301 justitium
781 2244 916 2301 personae
929 2233 958 2283 et
966 2226 1181 2298 interjustitittm
1206 2243 1320 2305 partem
1348 2235 1531 2288 tenebrarum.
1579 2235 1660 2301 Erpo
1689 2251 1746 2287 mon
1773 2234 1825 2287 erit
1856 2250 1908 2287 etta
1937 2241 2043 2287 namra

346 2320 416 2375 iscti.
461 2317 579 2385 Quendo
607 2318 642 2371 de
658 2315 768 2384 justitia
786 2332 921 2387 personae
939 2314 1033 2369 David
1050 2313 1181 2386 loquitur,
1209 2321 1327 2375 mortale
1338 2328 1492 2389 peccatum.
1527 2318 1750 2389 Respondemus:
1771 2327 1792 2374 l.
1811 2319 1855 2374 Ex
1871 2318 1998 2392 flgurstis
2015 2325 2045 2375 et

349 2414 409 2461 tunc
429 2405 483 2460 hoc
501 2405 583 2459 modo
601 2410 663 2459 orst
679 2404 783 2458 Psslm.
806 2409 844 2471 19,
862 2420 887 2456 ι.
908 2408 953 2459 13;
980 2401 1094 2455 Delicta
1117 2401 1181 2471 quis
1210 2407 1334 2462 obscuris
1364 2406 1445 2460 dictis
1471 2422 1526 2459 non
1553 2412 1672 2475 possunt
1697 2405 1763 2460 duci
1788 2414 1954 2478 arguments
1978 2421 2044 2477 epo

348 2493 486 2561 istelliait
504 2493 539 2544 ab
559 2491 674 2545 occtdlit
692 2491 760 2545 mtto
778 2492 883 2543 muodo
900 2507 950 2546 me.
993 2487 1096 2543 Psalm·
1124 2492 1181 2550 ¹30,
1210 2493 1320 2549 dictico.
1357 2498 1382 2548 2.
1404 2492 1459 2547 Per
1482 2492 1593 2547 oculum
1615 2491 1768 2562 simplicem
1791 2492 1910 2563 intelligi
1932 2491 2045 2563 quidem

350 2599 371 2633 ι.
388 2586 418 2636 3;
437 2577 573 2645 Domine,
591 2578 617 2630 si
633 2584 752 2646 peccata
770 2578 909 2645 imputare
928 2575 1099 2641 decreveris,
1120 2574 1183 2643 quis
1210 2586 1301 2651 potest
1320 2579 1437 2635 intentio
1456 2586 1546 2647 recte,
1565 2578 1615 2643 sed
1633 2596 1689 2634 uon
1707 2577 1777 2647 solu,
1794 2578 1864 2632 elius
1884 2577 1957 2632 enim
1979 2594 2043 2634 con·

351 2666 513 2720 stistinebiti
540 2663 640 2718 Psalm.
661 2668 717 2732 143,
736 2680 760 2715 v.
780 2669 811 2717 2:
829 2663 872 2717 Ne
890 2663 977 2716 intres
996 2663 1026 2715 iu
1040 2661 1183 2731 judicium
1210 2683 1328 2739 sequens
1346 2666 1446 2727 fuerit,
1466 2670 1572 2720 rectam
1590 2664 1770 2719 intentionem
1788 2664 1936 2719 conciliare
1953 2662 2042 2734 operi·

350 2772 406 2807 mm
418 2768 499 2806 serso
519 2758 577 2819 tuo,
601 2750 669 2819 quia
690 2767 746 2803 uon
759 2750 965 2819 justificabitur
990 2750 1020 2802 in
1037 2754 1183 2817 conspectu
1210 2754 1263 2809 bus
1289 2752 1455 2817 bonitatem,
1480 2752 1505 2806 si
1529 2751 1576 2805 rel
1599 2751 1719 2806 msxime
1742 2768 1798 2805 non
1823 2755 1960 2822 congruat
1981 2768 2046 2805 cum

350 2847 391 2892 tuo
412 2839 502 2894 omnis
521 2837 621 2891 cicens.
667 2836 787 2901 Quando
812 2852 875 2890 vero
896 2837 977 2905 juxte
1000 2851 1079 2888 suum
1102 2835 1183 2906 justi·
1211 2838 1381 2910 praescripto
1404 2838 1490 2910 legis,
1515 2839 1596 2909 cujus
1622 2836 1790 2892 contrarium
1809 2836 1978 2891 ostendimus
1995 2852 2045 2891 suo

351 2926 412 2980 tism
439 2930 524 2995 etque
548 2921 733 2977 innocentiam
751 2922 872 2993 Judiosri
897 2921 980 2993 petit,
1008 2920 1132 2992 loquitur
1149 2920 1183 2973 de
1210 2925 1279 2979 loco.
1320 2929 1345 2979 3.
1369 2924 1445 2996 Ergo
1473 2941 1524 2994 per
1551 2922 1663 2978 oculum
1691 2923 1843 2995 simplicem
1865 2922 2046 2995 intelligimus

349 3012 452 3083 justitia
469 3009 545 3078 faofi,
565 3008 640 3080 quod
653 3010 760 3079 justum
779 3014 877 3063 contm
887 3007 981 3063 hostes
993 3025 1056 3063 suot
1070 3022 1182 3061 causam
1211 3010 1333 3067 animum
1350 3010 1387 3065 ab
1404 3009 1538 3065 avaritiae
1557 3009 1708 3064 aliorumve
1721 3008 1871 3065 affectuum
1885 3009 2047 3066 vitiosorum

352 3097 491 3166 defendet,
515 3111 565 3150 nec
583 3112 646 3149 reus
677 3095 714 3149 sit
733 3094 842 3148 illorum
857 3100 1049 3165 peccatorum,
1077 3108 1185 3164 queen
1212 3096 1332 3153 tenebris
1356 3103 1537 3167 repurgatum
1561 3111 1594 3148 sc
1613 3094 1733 3165 Spiritus
1758 3095 1848 3150 uncti
1874 3096 1937 3152 luce
1961 3095 2047 3151 collu-

353 3182 551 3239 detrectoribus
575 3189 603 3236 et
620 3180 844 3251 persecutoribus
870 3179 924 3234 sibi
941 3180 1044 3250 imponi
1062 3183 1184 3234 uovexst.
1211 3189 1336 3238 stratum,
1379 3181 1419 3239 Ut
1442 3182 1516 3237 enim
1543 3181 1639 3237 oculus
1661 3182 1753 3237 omnir
1777 3181 1903 3238 membra
1923 3183 2048 3253 eorporis

315 3291 319 3296 ·
353 3272 487 3326 Provocat
509 3269 595 3340 igitur
611 3266 703 3322 David
728 3266 765 3320 sd
788 3282 867 3321 suum
883 3264 1023 3337 justitiam
1052 3272 1082 3320 et
1107 3266 1185 3320 inno·
1211 3269 1363 3333 illuminet,
1389 3267 1442 3323 hoc
1468 3273 1510 3323 est
1533 3267 1715 3322 illuminando
1739 3266 1849 3339 dirigit;
1875 3267 1915 3324 sic
1938 3268 2047 3325 unimus

354 3356 483 3420 centiam,
509 3370 564 3409 non
583 3354 657 3424 quod
675 3370 726 3425 per
745 3370 804 3408 eum
823 3369 914 3408 corum
940 3352 1113 3407 severissimo
1131 3351 1186 3405 Dei
1213 3355 1394 3427 spiritualiter
1419 3354 1572 3409 illustratus
1599 3359 1627 3409 et
1650 3353 1740 3407 coecis
1767 3352 1915 3409 effectibus
1941 3371 2047 3409 vscuus

351 3443 453 3514 jndicio
478 3441 628 3497 consistere
654 3457 684 3495 se
705 3455 788 3510 posse
810 3455 972 3509 persuasum
995 3437 1112 3507 hebeat,
1136 3438 1185 3493 sed
1212 3441 1335 3497 actiones
1354 3457 1447 3496 omnes
1466 3439 1558 3495 reddit
1576 3439 1692 3496 lucidos.
1727 3447 1752 3496 4.
1771 3440 1844 3507 Quis
1862 3455 1928 3494 vero
1945 3441 1975 3494 in
1993 3440 2047 3496 huc

354 3536 423 3586 certo
447 3534 591 3599 respectu,
617 3532 753 3597 quotenus
775 3525 883 3581 scilicet
901 3543 944 3581 res
970 3524 1024 3595 ipsi
1043 3530 1103 3579 eret
1123 3541 1185 3579 cum
1212 3529 1271 3583 rite
1287 3526 1448 3599 repurgstio
1464 3526 1514 3581 ille
1532 3525 1617 3580 enimi
1634 3526 1671 3581 ab
1688 3526 1836 3582 effectibus
1851 3526 1957 3581 vitiosis
1976 3544 2046 3581 nun·
2110 3566 2112 3568 ,

354 3615 522 3678 adversariis,
536 3630 652 3684 quorum
671 3611 816 3667 columniis
829 3620 856 3667 et
867 3611 999 3666 violentis
1009 3611 1186 3684 gravabatur,
1213 3632 1296 3688 quem
1315 3620 1357 3670 est
1374 3619 1432 3668 tem
1450 3612 1589 3684 perfectu,
1614 3613 1681 3684 quin
1699 3613 1735 3668 de
1753 3617 1892 3669 vetustate
1910 3613 2001 3669 cernis
2017 3613 2048 3668 in

351 3705 451 3773 justum
477 3716 544 3771 ergo
570 3699 658 3753 sciens
681 3715 711 3754 se
737 3698 831 3754 lovere
859 3714 972 3753 oensem
997 3716 1052 3753 non
1075 3697 1187 3753 dubitet
1212 3701 1323 3757 homine
1344 3699 1450 3772 aliquid
1475 3704 1615 3769 superstes
1633 3704 1759 3767 manent,
1785 3697 1848 3755 ideo
1867 3700 1951 3755 etiem
1969 3700 2047 3771 ipsee

354 3788 540 3860 adjudicium
564 3785 618 3841 Dei
642 3802 806 3856 provocare,
836 3791 868 3841 ut
894 3786 1046 3840 secundum
1070 3784 1187 3839 illudet
1213 3789 1335 3843 sedones
1355 3793 1485 3842 externae
1507 3785 1536 3839 in
1561 3802 1591 3841 se
1608 3801 1642 3840 ec
1660 3803 1710 3856 per
1729 3802 1759 3840 se
1776 3801 1832 3840 non
1848 3792 1914 3841 sunt
1929 3792 1986 3841 tsm
2005 3786 2046 3841 lu-

354 3874 401 3930 sibi
431 3881 460 3929 et
486 3872 650 3929 adversariis
675 3870 853 3926 retribuetur.
899 3871 1005 3927 Eodem
1030 3889 1113 3927 sensu
1138 3871 1186 3924 sd·
1214 3876 1307 3943 cidse,
1332 3880 1364 3928 nt
1380 3889 1471 3929 eorem
1491 3871 1658 3927 sanctissimi
1678 3877 1708 3927 et
1720 3870 1867 3942 justissimi
1886 3871 1941 3926 Dei
1958 3873 2047 3928 oculis

354 3960 477 4017 versariis
508 3960 565 4014 suis
595 3958 744 4030 respondet
769 3958 944 4030 Augustinus
966 3958 1013 4014 lib.
1041 3964 1065 4014 3.
1091 3964 1188 4014 contre
1214 3960 1287 4016 omni
1305 3958 1521 4031 imperfectionis
1540 3957 1605 4014 lsbe
1625 3964 1746 4026 cereum,
1763 3959 1822 4030 ipse
1842 3959 1914 4012 enim
1932 3960 2047 4013 abscon-

355 4049 476 4104 Cresoon.
500 4064 524 4102 c.
543 4053 572 4102 3:
600 4046 649 4100 Aa
669 4046 899 4120 existimationem
916 4047 1067 4101 humanam
1083 4063 1186 4114 mappa
1215 4049 1304 4102 ditum
1322 4053 1447 4101 nostrum
1465 4044 1585 4100 collocat
1603 4045 1635 4097 in
1652 4045 1926 4114 commonstrarem,-
1939 4046 2046 4099 Psaim.

354 4136 471 4199 tertium,
496 4134 547 4203 pui
562 4150 605 4187 me
623 4140 772 4199 noverunt,
797 4133 920 4203 suppetit
945 4133 1043 4202 copia,
1070 4135 1111 4187 cd
1128 4134 1189 4187 Dei
1214 4139 1259 4201 90,
1275 4152 1300 4190 o.
1320 4138 1344 4188 8.
1380 4138 1404 4189 5.
1422 4132 1505 4198 Quod
1520 4130 1698 4185 nihilominus
1719 4130 1850 4186 dicuntur
1867 4148 1927 4187 esse
1938 4131 2048 4189 lucidus

354 4240 413 4277 sero
432 4229 606 4291 conspectum
623 4219 686 4275 sola
701 4220 883 4284 efficientia,
904 4236 988 4288 guam
1007 4228 1188 4274 cumcontra
1215 4227 1243 4277 et
1270 4220 1338 4275 nihil
1364 4219 1542 4275 tenebrarum
1561 4217 1679 4281 hebere,
1704 4218 1733 4273 id
1748 4217 1781 4274 fit
1798 4224 1958 4290 properes,
1982 4218 2049 4292 quie

355 4318 457 4364 cestrae
487 4306 696 4371 criminationes
723 4306 895 4375 intrepidam
923 4323 1035 4374 poam,
1065 4325 1120 4361 ooo
1145 4323 1187 4360 me
1214 4313 1359 4380 peccatum
1377 4303 1605 4361 edhserensfide
1624 4303 1743 4377 tegitur,
1765 4310 1870 4360 utnon
1888 4304 2048 4375 imputetur,

356 4405 444 4450 tomen
460 4396 509 4449 suh
529 4395 619 4449 coistis
630 4392 825 4464 omnipotentis
841 4392 901 4445 Dei
913 4392 1075 4461 justificare
1095 4395 1187 4449 audeo
1215 4394 1264 4449 sed
1282 4393 1463 4457 condonetur,
1483 4408 1539 4447 non
1557 4391 1722 4461 dominetur,
1740 4392 1789 4447 sed
1807 4390 1993 4449 mortificetur.

356 4486 495 4553 scopisque
513 4482 548 4536 ah
563 4499 594 4536 eo
612 4482 772 4550 effluentem
790 4479 1004 4532 misericordiae
1018 4480 1188 4548 tarpitctem
1250 4486 1292 4538 tl.
1328 4487 1353 4537 4.
1380 4485 1402 4535 l.
1426 4477 1487 4535 Cor.
1508 4485 1537 4535 3:
1564 4480 1622 4533 Per
1647 4496 1762 4548 aurum,
1789 4486 1935 4549 arpentum
1957 4487 1983 4532 et
2005 4478 2079 4532 les-1.
2092 4478 2175 4522 conss

358 4590 436 4642 quam
457 4570 564 4640 iudicii
586 4587 721 4623 sommum
746 4584 857 4621 examen
886 4575 1028 4636 exspecto,
1054 4568 1189 4636 cupitam,
1208 4541 1297 4638 ‘pides
1316 4565 1458 4637 pretiosos
1479 4583 1569 4637 eupsu
1585 4567 1802 4631 fundumentum
1820 4566 1987 4630 aedificatos
2005 4564 2047 4618 ie-
2060 4532 2168 4625 ξιπ-

359 4659 430 4727 ouod
457 4658 592 4728 scriptum
622 4663 681 4709 est:
725 4654 793 4709 Cum
824 4671 874 4707 reu
897 4655 995 4724 justus
1025 4655 1131 4708 sederit
1160 4653 1189 4707 in
1216 4654 1379 4722 tellipuntur
1404 4668 1492 4721 opera
1517 4653 1590 4705 adeo
1608 4652 1696 4721 hona,
1719 4658 1750 4704 ut
1768 4651 1969 4706 nihilomnino
1989 4635 2155 4727 mihi?

358 4746 470 4813 throno,
495 4743 558 4812 puis
580 4742 759 4809 ploriobitur,
784 4748 890 4795 costum
907 4756 937 4793 se
954 4740 1056 4794 trabere
1073 4758 1123 4793 cor
1140 4749 1190 4793 out
1216 4740 1371 4794 admistum
1389 4739 1523 4806 habeant,
1547 4739 1622 4791 uude
1643 4737 1753 4802 dicuat,
1770 4739 1800 4792 im
1817 4739 1882 4806 ipue
1898 4736 1990 4791 divisi
1999 4737 2049 4807 ju·
2062 4743 2106 4779 0⁸⁰·

359 4833 490 4883 mundum
509 4845 567 4883 esse
595 4847 613 4881 a
633 4827 778 4898 peccatis!
813 4831 836 4881 3.
856 4826 889 4880 Ιιι
920 4825 1086 4895 quibusdem
1110 4826 1191 4882 dictis
1217 4826 1289 4880 dicii
1307 4841 1420 4879 manere
1440 4831 1466 4878 et
1486 4826 1640 4876 mercedem
1657 4822 1792 4894 accipem.
1828 4824 2050 4895 Respondemus:

360 4915 512 4972 excluditur
542 4912 709 4986 hypocrisis,
737 4912 811 4984 quod
844 4911 949 4966 scilicet
977 4912 1084 4968 sincero
1109 4913 1191 4969 corde
1220 4920 1242 4969 1.
1261 4911 1444 4968 Bellerminus
1467 4909 1497 4963 in
1520 4909 1591 4964 libro
1615 4909 1650 4966 de
1668 4910 1829 4982 purgatorio
1847 4910 1966 4981 ipsemet
1981 4909 2051 4965 fete-

360 5002 488 5074 pietetem
512 5000 598 5055 fuerit
621 5006 757 5068 sectatus,
783 5016 837 5054 non
861 5005 1002 5054 externum
1019 4998 1191 5055 solummodo
1217 5007 1276 5063 tur,
1299 4998 1390 5053 locum
1415 4996 1489 5051 hunc
1506 4996 1689 5068 apostolicum
1709 5013 1769 5052 esse
1789 4997 1936 5052 obscurum
1957 5013 1990 5053 se
2009 4996 2051 5052 di·

267 5084 1085 5162 vuspientisspeciem,qussidicerst:hypocritsesolum
1093 5091 1189 5157 agunt,
1218 5084 1372 5139 versimode
1398 5100 1416 5138 e
1442 5081 1584 5137 veteribus
1610 5083 1717 5154 exponi.
1757 5088 1782 5139 2.
1810 5083 1972 5140 Ambrosius
2000 5099 2052 5155 per

360 5183 388 5231 ut
405 5175 567 5232 exteriorem
588 5173 720 5244 pietatem
737 5171 880 5236 simulent,
908 5171 956 5227 sed
971 5176 1018 5246 tu,
1038 5171 1124 5241 Deus,
1144 5189 1192 5227 no·
1218 5188 1324 5240 numm,
1342 5174 1488 5241 argentum
1505 5173 1534 5224 et
1551 5169 1659 5240 lepidos
1676 5169 1811 5242 pretiosos
1831 5170 1977 5226 doerim
1988 5171 2051 5225 dum

360 5262 393 5317 sti
423 5277 599 5328 cormeum,
629 5258 704 5329 quod
726 5258 832 5329 ubsque
857 5257 997 5329 hypocrisi
1020 5258 1071 5313 tibi
1098 5259 1192 5315 obedi·
1219 5257 1409 5329 apostotorum
1434 5265 1460 5310 et
1474 5256 1675 5326 prophetarum
1694 5257 1825 5311 doctrina
1846 5256 1988 5313 Christum
2004 5275 2051 5311 ea·

360 5365 402 5403 am
419 5354 505 5419 etque
526 5345 650 5401 serviem.
687 5351 712 5400 4.
731 5344 765 5397 Ιιι
785 5344 952 5415 quibusdem
973 5344 1054 5399 dictis
1070 5345 1194 5417 loquitur
1218 5346 1286 5400 lotis
1310 5346 1526 5410 fundamentum
1550 5344 1630 5397 urim
1657 5345 1830 5397 monstrante
1852 5346 2052 5402 cmssentieutes

360 5433 451 5490 Detid
478 5451 534 5489 non
565 5438 621 5487 tem
645 5433 679 5486 de
705 5448 770 5500 sus,
801 5448 885 5501 quem
903 5432 932 5485 in
950 5430 1052 5486 Christi
1067 5449 1193 5503 persons,
1218 5431 1358 5504 intelligit,
1379 5447 1463 5504 quem
1481 5428 1691 5502 explicationem
1708 5447 1771 5486 cum
1791 5446 1875 5500 scopo
1893 5432 2053 5503 spostoliet

359 5523 437 5594 cujus
462 5519 637 5575 smctitntem
661 5524 691 5573 et
712 5517 852 5588 justitiam
876 5534 936 5573 esse
959 5518 1080 5573 numeris
1106 5520 1192 5575 omni·
1220 5519 1328 5591 integro
1340 5523 1468 5574 contextu
1481 5516 1624 5589 aptissime
1636 5534 1797 5590 congruere,
1810 5516 1987 5574 ostendemus
2001 5535 2051 5574 suo

359 5608 410 5664 bus
435 5605 591 5662 absolutam
615 5612 642 5661 et
666 5604 819 5676 perlectam
846 5604 957 5676 ipsimet
975 5623 1192 5677 propugnamus.
1218 5606 1287 5660 loco.
1326 5611 1350 5661 3.
1368 5604 1543 5677 Augustinus
1562 5604 1591 5658 in
1611 5603 1689 5658 ench.
1710 5620 1734 5657 c.
1753 5607 1794 5657 68.
1813 5601 2053 5678 demonstretper

360 5702 383 5751 t.
409 5694 527 5749 Frmtre
550 5693 636 5766 igitur
657 5690 843 5748 Bellsrminus
870 5696 952 5762 urget
978 5692 1120 5763 generalis
1145 5693 1193 5748 ille
1219 5691 1313 5764 ignem
1341 5709 1396 5745 non
1417 5690 1517 5760 judicii
1535 5689 1634 5753 divini,
1660 5689 1709 5745 sed
1732 5689 1943 5746 tribtslctioesm
1962 5693 2053 5761 ipnem

358 5779 548 5853 prouundetu,
573 5780 608 5832 ab
634 5780 710 5833 omni
733 5778 781 5832 oio
806 5777 887 5855 mala
906 5795 949 5831 me
963 5778 1101 5848 prohibui
1108 5818 1115 5844 ,
1137 5797 1193 5834 oon
1219 5776 1430 5850 intelligendum
1457 5793 1526 5833 esse.
1562 5784 1586 5831 t.
1610 5775 1639 5831 si
1663 5774 1708 5832 vel
1731 5775 1849 5832 memme
1871 5794 1923 5849 per
1946 5794 2052 5849 summ,

359 5874 398 5923 est
420 5866 534 5921 inerma
556 5866 586 5919 in
612 5882 655 5919 me
678 5864 826 5934 tripodas,
851 5863 920 5919 haec
946 5864 1019 5920 enim
1044 5863 1194 5921 excludunt
1220 5869 1364 5936 argentum
1390 5868 1418 5919 et
1440 5878 1564 5935 gemmm
1583 5861 1659 5918 bons
1674 5868 1832 5919 renatorum
1850 5880 1936 5935 opere
1952 5863 2053 5921 intelli·
