4800 6659
420 687 480 746 iss
778 639 780 644 ’
1015 678 1522 741 mousonomusoorsvus

418 842 465 889 tur
490 836 519 888 in
546 836 642 888 anima
669 835 830 904 recipientis
856 837 978 905 pretium
1006 838 1072 893 Dei.
1116 837 1172 891 His
1195 834 1373 918 aliiJmerito
1388 838 1567 909 contritionis,
1586 840 1765 896 confessionis
1782 847 1810 895 et
1828 840 2027 896 satisfactionis
2045 856 2102 911 pee-

419 923 638 975 contradicentes
656 929 787 985 statuant,
807 920 880 976 nihil
900 938 957 977 esse
974 923 1085 976 oirtnts's
1104 924 1134 976 in
1151 939 1248 975 sacru·
1273 932 1397 980 catarum
1417 925 1576 982 remissione
1597 927 1757 998 contingere
1775 934 1910 997 statuunt,
1930 928 2028 998 utique
2042 944 2104 998 ergo

417 1010 529 1075 mentis,
547 1009 599 1061 sed
615 1007 738 1075 pretinm
756 1026 775 1061 a
793 1008 855 1062 solo
872 1010 937 1062 Deo
957 1010 1038 1077 dari,
1062 1010 1113 1079 qui
1128 1010 1198 1063 assit
1216 1024 1249 1062 ee
1273 1028 1291 1064 a
1314 1012 1494 1082 promissione
1517 1013 1624 1084 gratiae
1652 1014 1711 1067 sola
1737 1013 1793 1069 fide
1817 1014 2053 1085 apprehendenda
2072 1013 2104 1068 sd

412 1102 500 1163 pacto
525 1094 710 1147 sacramentis
736 1111 755 1146 a
781 1110 811 1147 se
839 1095 981 1148 institutis.
1030 1096 1130 1150 Omnes
1156 1103 1248 1148 tamen
1273 1112 1357 1166 opera
1381 1105 1474 1154 nostra
1496 1097 1620 1155 homines
1644 1099 1793 1155 deducunt
1835 1107 1858 1155 5.
1876 1099 1995 1155 Dixerat
2011 1099 2104 1155 Chem-

417 1183 447 1235 in
472 1183 523 1235 hoe
548 1182 715 1250 concedunt,
742 1191 918 1234 sacramenta
941 1199 999 1236 esse
1016 1184 1148 1250 efficacia
1166 1182 1248 1249 sipna
1272 1183 1375 1254 nicius,
1394 1187 1459 1240 ideo
1477 1187 1575 1241 uocari
1591 1187 1627 1241 ab
1646 1187 1707 1240 iltis
1726 1203 1814 1241 novae
1831 1188 1903 1258 lepis
1920 1194 2105 1254 sacramenta,

415 1269 539 1336 pretias,
565 1269 607 1320 ad
634 1268 711 1335 qttod
735 1267 786 1320 hoc
809 1267 891 1321 unico
914 1277 1058 1323 moventur
1076 1277 1248 1340 ammento,
1273 1277 1302 1322 ut
1325 1272 1363 1324 sit
1385 1280 1481 1325 mestun
1502 1272 1605 1327 relatio
1629 1273 1699 1341 lepis
1723 1281 1749 1326 et
1767 1290 1881 1341 operum
1899 1280 2062 1327 nostrorum
2079 1274 2105 1324 is

414 1372 470 1409 non
493 1354 587 1407 uideri
603 1345 726 1423 alioqui,
755 1372 811 1423 qne
829 1356 938 1409 ratione
955 1373 1042 1409 nouae
1060 1357 1131 1424 lepis
1149 1373 1247 1409 sacru·
1272 1374 1324 1409 usu
1346 1359 1523 1412 sacramenti,
1562 1358 1748 1413 Bellurminns
1768 1360 1848 1423 dicit,
1867 1378 1922 1429 per
1946 1361 2035 1427 lepem
2053 1377 2106 1413 nos

414 1448 507 1493 menta
526 1448 707 1508 praestarent
730 1440 858 1510 uetustis,
890 1442 918 1495 si
937 1442 1026 1496 solum
1049 1443 1247 1511 eipnifiearent.
1272 1441 1396 1513 intellipi
1409 1452 1605 1513 praeceptum,
1627 1462 1680 1513 φιο
1700 1463 1771 1515 opus
1789 1446 1960 1514 imperatur,
1984 1448 2037 1499 sed
2058 1445 2106 1500 To·

416 1529 455 1580 Et
476 1527 540 1581 hinc
562 1528 678 1595 impulsi
700 1535 764 1579 sunt
788 1536 895 1581 tuntum
916 1530 1038 1582 tribuere
1062 1528 1248 1583 sacramentis
1271 1538 1434 1584 stamentum
1458 1533 1576 1588 Nouum.
1611 1531 1832 1602 Respondemus:
1857 1531 1946 1602 Atqui
1969 1530 1998 1584 in
2018 1530 2055 1585 N.
2074 1529 2105 1585 Τ.

414 1630 502 1668 novae
521 1613 599 1681 lepis,
615 1622 646 1666 ut
661 1615 798 1683 prodesse
815 1631 849 1667 ea
866 1622 1021 1669 statuerent
1038 1616 1121 1669 etiam
1134 1615 1179 1680 iis,
1198 1616 1249 1684 qui
1271 1615 1448 1684 perfectiores
1468 1617 1601 1688 quasdam
1620 1617 1697 1689 leges
1715 1635 1732 1673 a
1751 1616 1860 1672 Christo
1875 1616 2034 1688 propositas
2047 1634 2106 1673 esse

413 1701 587 1771 inpeccatis
612 1702 777 1755 mortalibus
802 1710 878 1770 sunt,
903 1719 953 1756 nec
971 1703 1080 1771 requiri
1091 1704 1180 1771 fidem
1198 1709 1247 1754 aut
1273 1701 1385 1772 docent,
1414 1703 1477 1759 ideo
1504 1706 1586 1774 juxta
1613 1703 1733 1773 ipsorum
1760 1701 1926 1773 hypothesin
1953 1702 1987 1758 N.
2018 1702 2051 1758 Τ.
2079 1710 2106 1760 et

413 1788 552 1856 pretium,
579 1790 631 1839 sed
657 1788 803 1853 sufficere,
825 1806 881 1841 nen
901 1789 1030 1858 posuisse
1043 1789 1170 1856 'obicem,
1195 1788 1247 1842 hoc
1272 1805 1360 1843 novae
1385 1788 1455 1861 legis
1487 1789 1598 1856 realiter
1624 1806 1679 1843 non
1701 1789 1850 1859 differunt3
1869 1794 1998 1844 statuunt
2017 1806 2107 1845 saera·

414 1881 454 1926 est
471 1873 582 1927 actuale
595 1875 773 1943 propositum
790 1875 1036 1943 denuopeeeandi.
1064 1875 1247 1928 Haerentem
1272 1882 1365 1929 menta
1390 1875 1521 1946 prodesse
1548 1893 1581 1931 ex
1608 1892 1690 1946 opere
1718 1881 1846 1947 operato,
1877 1875 1974 1947 utique
1993 1893 2061 1948 ergo
2080 1877 2106 1930 vi

413 1961 482 2029 quia
503 1968 634 2028 pupnant
655 1969 754 2013 contra
775 1962 864 2029 sidem
889 1969 916 2013 et
934 1968 1067 2015 naturam
1085 1978 1246 2016 sacramen·
1272 1962 1411 2017 relationis
1437 1967 1612 2017 sacramenta
1635 1968 1717 2015 erunt
1740 1969 1890 2032 praecepte
1915 1979 2001 2032 opere
2017 1961 2104 2016 adim·

413 2053 515 2114 torum,
540 2047 689 2115 dilipenter
706 2054 771 2099 sunt
789 2049 917 2100 cauenda
935 2053 988 2103 eto.
1019 2049 1164 2119 Differimt
1177 2050 1244 2116 fiper
1272 2047 1382 2118 plenda.
1425 2046 1463 2102 Et
1486 2048 1577 2101 denuo
1601 2047 1763 2118 repetimus,
1784 2048 1983 2118 poenitentiam
2010 2046 2105 2103 referri

411 2150 461 2186 rae
487 2132 590 2201 lepales
615 2151 633 2186 a
654 2133 837 2187 sacramentis
858 2134 889 2188 V.
908 2142 934 2187 et
951 2135 989 2188 N.
1013 2135 1059 2204 Τ.,
1083 2137 1161 2204 quod
1171 2136 1246 2205 fipu·
1272 2134 1308 2188 ad
1327 2133 1494 2205 novaelegis
1513 2138 1693 2197 mamonis„
1711 2133 1739 2186 in
1752 2138 1974 2203 quanostrorum
1990 2150 2104 2205 opernm

411 2236 461 2272 rae
487 2219 594 2287 lepales
624 2238 678 2273 non
706 2220 807 2273 habent
830 2237 968 2274 annuerem
991 2222 1102 2275 omium
1124 2222 1245 2290 promis·
1271 2218 1368 2273 merita
1405 2225 1434 2275 et
1470 2228 1578 2276 nostras
1614 2219 1816 2275 satisfactiones
1852 2218 1955 2290 requiri
1994 2227 2105 2275 suenus

411 2307 514 2373 nmis,
541 2308 617 2375 quod
637 2307 727 2375 fidem
752 2305 859 2374 enipat,
886 2309 962 2361 unde
988 2326 1043 2362 non
1073 2315 1136 2361 sunt
1163 2309 1246 2376 sipna
1271 2311 1407 2375 pugnant.
1442 2311 1465 2360 s.
1483 2305 1601 2360 Dixerat
1622 2304 1811 2369 Chemnieins,
1839 2307 1903 2359 ideo
1932 2308 2010 2361 addi
2031 2324 2105 2361 men·

405 2393 633 2462 justificationis,
669 2393 737 2462 quia
773 2410 829 2445 ποπ
863 2402 927 2446 sunt
963 2403 1140 2448 samamenta
1168 2394 1246 2463 fidoi,
1270 2393 1371 2445 tionem
1389 2392 1460 2460 voti,
1486 2394 1575 2446 idest
1594 2393 1830 2461 pollicitationem
1848 2392 1919 2446 certi
1936 2393 2048 2461 operris,
2065 2394 2106 2447 ud

280 2494 483 2548 vanaequae
504 2479 567 2532 oola
590 2479 752 2548 justificant
776 2479 865 2547 (note,
893 2478 1119 2548 justificationem
1144 2480 1245 2535 diserte
1270 2479 1466 2548 accipiendam
1496 2480 1621 2548 pretium
1645 2478 1867 2547 justificationis.
1900 2473 2103 2535 'Bellirminus

409 2565 496 2620 tribui
525 2564 728 2632 sacramentis),
766 2566 819 2618 sed
852 2573 916 2618 scint
947 2576 1123 2621 sacramenta
1151 2570 1246 2637 operis
1270 2565 1387 2636 regerit,
1406 2583 1462 2634 per
1479 2574 1571 2620 aotrim
1589 2565 1712 2632 intellipi
1728 2565 1906 2620 desiderium.
1941 2564 2103 2637 Responde-

410 2660 533 2721 tentnm5
558 2660 616 2705 tota
640 2652 712 2705 enim
737 2668 832 2705 eorum
857 2653 900 2705 oss
925 2660 951 2706 et
975 2662 1077 2707 nutura
1095 2655 1147 2707 erit
1165 2672 1244 2724 opus,
1270 2668 1346 2704 mus:
1373 2651 1442 2706 illud
1469 2652 1560 2723 ipsum
1590 2650 1756 2705 desiderium
1784 2656 1877 2707 nutas
1900 2650 2047 2722 dignitatis
2070 2668 2103 2707 ae

410 2756 465 2792 non
494 2740 564 2804 rides
592 2744 644 2793 eto.
692 2738 731 2791 At
760 2746 858 2792 nostra
889 2747 916 2793 et
939 2748 1056 2809 patrum
1081 2741 1164 2809 sipna
1195 2759 1244 2795 eeu
1269 2739 1360 2792 meriti
1386 2756 1445 2813 esse
1465 2739 1609 2808 judicant,
1634 2738 1710 2791 utin
1728 2736 1792 2805 illo,
1814 2754 1870 2792 non
1886 2745 1980 2794 autem
1999 2736 2102 2794 infide

409 2833 587 2879 sacramenta
613 2825 714 2878 habent
740 2842 876 2879 annmum
903 2828 1014 2881 ombrrm
1038 2828 1243 2897 promissionis,
1269 2825 1477 2895 promissionem
1508 2823 1733 2895 apprehendente
1762 2823 1970 2894 justificationis
1990 2841 2102 2881 eausam

410 2914 487 2981 prod
504 2912 602 2981 sidem
627 2912 712 2980 eripit
733 2920 758 2965 et
777 2912 856 2967 nullo
876 2915 935 2967 aiio
954 2931 1037 2984 opere
1054 2915 1168 2985 impleri
1181 2924 1243 2985 pot·
1269 2911 1445 2966 constituent.
1491 2910 1593 2967 Notum
1623 2910 1695 2966 enim
1722 2917 1778 2980 est,
1808 2910 1875 2982 quid
1901 2911 1937 2966 de
1962 2911 2102 2982 baptismo

311 3020 315 3035 ³
410 3006 468 3063 est,·
493 2999 558 3052 ideo
584 3006 647 3051 sunt
672 2998 755 3069 sipna
783 3016 832 3052 seu
856 3010 1033 3055 scaonnnta
1052 3002 1243 3071 justificatio·
1269 2997 1412 3069 sanguinis
1436 3004 1464 3052 et
1480 2996 1599 3051 flaminis
1617 2997 1774 3067 disputent,
1794 2995 1867 3067 quod
1886 2997 1994 3054 seilicet
2013 2998 2102 3071 digni·

408 3085 461 3155 nis,
477 3085 544 3154 quia
560 3093 627 3139 sunt
644 3094 822 3139 sacramenta
834 3088 1029 3156 justificantis
1041 3090 1124 3156 fidei
1140 3098 1166 3144 et
1187 3108 1243 3144 non
1268 3092 1312 3139 tas
1340 3085 1430 3157 operis
1460 3091 1488 3140 et
1515 3084 1605 3139 meriti
1633 3084 1662 3138 in
1689 3084 1822 3154 martyrio
1850 3090 1931 3139 tanta
1950 3085 2001 3155 sit,
2030 3102 2102 3157 quse

409 3172 520 3243 operis,
544 3174 619 3225 unde
637 3180 664 3225 et
683 3180 741 3226 tota
763 3190 857 3228 eormn
874 3175 1002 3245 efficacia
1020 3183 1059 3228 est
1076 3177 1139 3245 ipsa
1154 3177 1243 3246 fides,
1268 3171 1357 3227 vicem
1374 3169 1517 3241 sanguinis
1534 3168 1636 3224 Christi
1653 3169 1682 3224 in
1702 3169 1840 3240 baptismo
1860 3171 1989 3242 supplere
2005 3172 2100 3243 possit

407 3278 464 3313 non
482 3259 626 3329 manto,-
653 3260 719 3312 inde
731 3261 928 3328 proverbium:
956 3279 1012 3314 nan
1030 3270 1243 3330 sacramentum,
1269 3258 1353 3324 Item,
1379 3257 1454 3328 quod
1480 3263 1559 3311 tanta
1576 3258 1663 3327 possit
1690 3273 1749 3312 esse
1767 3258 1795 3311 in
1813 3257 1906 3329 aliquo
1927 3259 2057 3313 counitio
2075 3264 2103 3314 st

407 3349 459 3400 sed
477 3347 562 3414 sides
585 3347 756 3409 sacramenti
775 3347 932 3415 justificat.
976 3347 1014 3401 Et
1043 3352 1151 3417 postea:
1182 3350 1242 3402 Nee
1269 3344 1384 3411 cantas,
1413 3350 1445 3397 ut
1474 3342 1595 3415 dignitas
1625 3344 1685 3414 ejus
1715 3343 1803 3398 vicem
1832 3343 1941 3398 ridutis
1970 3345 2101 3416 baptismi

406 3451 499 3488 oerum
519 3448 578 3485 esse
592 3439 700 3500 potest,
718 3432 900 3485 sacramentis
919 3433 1009 3486 inesse
1026 3435 1082 3485 vim
1102 3435 1242 3504 efficacem
1269 3432 1405 3502 suppleat.
1448 3430 1505 3484 Nos
1528 3429 1558 3483 iu
1582 3446 1648 3485 casu
1673 3428 1843 3484 necessitatis
1861 3436 1957 3484 votum
1976 3431 2035 3486 sive
2054 3432 2101 3488 de·

401 3519 623 3590 justificationis
646 3534 694 3571 seu
721 3534 780 3571 esse
807 3534 842 3571 ea
866 3519 948 3587 sipna
968 3520 1096 3589 efficacia
1113 3523 1242 3590 praciam
1268 3516 1399 3572 siderium
1428 3516 1591 3570 sacramenti
1621 3516 1649 3570 in
1679 3515 1782 3571 adultis
1810 3515 1905 3569 itidem
1929 3518 2102 3588 requirimus,

405 3607 476 3659 haee
505 3607 576 3658 enim
605 3604 699 3657 omnia
727 3606 858 3658 dicuntur
884 3606 914 3658 in
935 3606 1082 3674 jacturam
1103 3608 1185 3675 fidei
1208 3625 1242 3661 en
1268 3603 1317 3657 sed
1337 3602 1391 3656 alio
1408 3608 1548 3672 respectu,
1568 3619 1649 3674 quem
1668 3601 1759 3655 verbis
1778 3602 1814 3659 D.
1831 3600 1981 3657 Chemnieii
2002 3620 2100 3675 propo

405 3692 569 3761 ipnoruntia
586 3689 785 3760 promissionis
802 3690 924 3758 divinae,
943 3693 1001 3745 nisi
1016 3693 1161 3747 hocmorlo
1181 3694 1241 3762 effi·
1267 3706 1372 3745 nemus.
1405 3688 1462 3753 Qui
1479 3706 1512 3742 ea
1532 3691 1633 3742 auddu
1648 3690 1724 3742 serbi
1739 3707 1834 3742 emam
1851 3697 1877 3743 et
1890 3691 2100 3759 justificantem

406 3779 487 3834 cacia
512 3778 634 3841 dixeris,
660 3777 762 3844 quodsi
784 3776 862 3830 arisit
875 3778 962 3845 sides
984 3779 1157 3849 indubitato,
1181 3798 1240 3834 cer·
1260 3778 1358 3845 fidem
1375 3777 1441 3845 jam
1464 3777 1557 3845 hebet,
1584 3777 1608 3828 is
1631 3776 1696 3827 lieet
1721 3777 1859 3845 acceperit
1878 3778 2002 3844 pratirrm
2014 3778 2100 3846 justi·

406 3866 512 3920 tissime
528 3872 554 3918 et
574 3863 767 3934 efficacissime
785 3864 907 3932 pretium
926 3865 1076 3930 ceriferant
1095 3868 1185 3934 (audis
1201 3868 1241 3921 di·
1266 3863 1427 3932 strationis,
1451 3869 1688 3915 saeramentarum
1712 3869 1805 3915 tamen
1822 3880 1902 3915 usum
1919 3864 1999 3917 nullo
2018 3865 2099 3919 modo

408 3958 496 4020 sorte,
524 3948 579 4021 quo
603 3965 685 4005 seusu
713 3955 797 4020 neget
813 3948 965 4017 Lutherus,
989 3959 1162 4009 sacramenta
1182 3971 1242 4010 esse
1267 3958 1435 4018 contemnet,
1461 3950 1513 4001 ted
1534 3965 1595 4001 tum
1613 3948 1796 4013 dttt'dtrabt't
1821 3956 1877 4001 tum
1892 3959 2013 4019 propter
2029 3952 2099 4005 diei·

408 4039 488 4110 signs
500 4035 633 4101 efficacia,
647 4036 753 4090 seilicet
765 4035 959 4104 exclusafide).
979 4037 1077 4112 Pergit
1088 4039 1241 4095 Lutherus:
1267 4054 1332 4091 nam
1358 4035 1570 4102 institutionem,
1591 4041 1650 4087 tum
1665 4042 1784 4102 propter
1806 4034 1883 4097 fidei
1904 4038 2099 4104 confimatio-

407 4125 446 4177 Ar
463 4126 515 4178 hoe
533 4142 589 4177 non
606 4124 689 4177 modo
701 4122 858 4191 efficaciam
871 4123 932 4176 illis
943 4124 1030 4177 tribui
1040 4127 1153 4196 probat,
1166 4131 1243 4197 quod
1267 4141 1336 4177 nem.
1380 4120 1414 4175 Si
1438 4136 1502 4174 vtro
1519 4129 1696 4173 sumomonte
1716 4122 1871 4190 contemnit,
1884 4123 1968 4189 sides
1986 4142 2043 4177 non
2060 4132 2098 4178 eet

407 4228 439 4266 eo
455 4212 593 4279 prodesse
614 4210 711 4263 dieunt
725 4209 858 4279 omnibus,
871 4210 953 4263 etiam
967 4210 1100 4280 impiieet
1113 4215 1241 4269 ineredu-
1266 4226 1348 4277 veru,
1370 4225 1432 4261 eum
1458 4224 1513 4260 non
1537 4207 1657 4260 retineat
1679 4208 1851 4262 essentialem
1876 4225 1955 4261 mmm
1970 4211 2098 4280 proprie·

407 4298 451 4368 lis,
468 4298 553 4350 modo
571 4314 627 4350 non
639 4304 749 4366 ponant
766 4297 882 4364 obicem,
910 4298 994 4366 quasi
1009 4298 1073 4367 ipsu
1090 4298 1241 4355 increduii-
1266 4304 1358 4362 tatem
1376 4311 1447 4363 prae
1464 4294 1591 4347 emisti
1608 4294 1639 4346 in
1655 4301 1752 4345 medua
1770 4294 1905 4347 relatione
1924 4294 2003 4348 uerbi
2020 4304 2045 4350 et
2055 4296 2097 4364 si·

407 4392 452 4438 tas
469 4402 524 4437 non
544 4384 581 4437 sit
600 4384 721 4436 amnium
742 4382 976 4437 obstinatissimus
995 4384 1062 4438 oben
1079 4390 1130 4440 etc.
1162 4387 1240 4441 Idem
1268 4384 1327 4450 dei,
1354 4382 1387 4435 ui
1402 4379 1509 4433 seilicet
1527 4380 1612 4447 sides
1631 4379 1741 4432 uerbum
1758 4381 1969 4449 promissionis.
1986 4384 2096 4436 ubicun-

407 4471 436 4525 in
454 4476 549 4525 assem.
568 4477 619 4526 art
641 4476 661 4525 l.
688 4468 706 4525 f.
724 4474 789 4525 295:
815 4468 888 4532 Quia
911 4470 941 4523 in
965 4470 1043 4523 omni
1063 4481 1240 4527 sumomonte
1267 4487 1318 4540 qne
1342 4470 1422 4522 Deus
1439 4484 1493 4521 sua
1516 4466 1688 4520 institutione
1712 4466 1788 4519 illud
1807 4470 1956 4538 proponit,
1981 4476 2098 4538 quaem

407 4566 446 4612 est
469 4551 580 4610 verbum
598 4557 797 4628 promissionis
823 4557 948 4624 diuinae,
977 4558 1054 4625 quod
1072 4558 1239 4627 affirmative
1267 4555 1506 4625 etapprehendat.
1545 4553 1603 4631 Sed
1617 4553 1644 4606 si
1662 4553 1726 4622 quis
1745 4570 1777 4605 ea
1795 4555 1895 4606 auditu
1912 4554 1989 4607 verbi
2001 4555 2097 4609 habeat

401 4645 541 4714 promittit
570 4651 596 4697 et
624 4643 729 4697 exhibet
757 4643 878 4712 pretinm
896 4644 956 4696 Dei
970 4643 1030 4710 illi,
1056 4645 1107 4713 qui
1123 4645 1240 4715 mercipit
1266 4660 1360 4695 veram
1384 4642 1414 4694 in
1435 4640 1573 4695 Christum
1589 4641 1682 4704 fidem
1703 4647 1729 4691 et
1745 4646 1837 4693 tamen
1855 4657 1910 4693 non
1929 4643 2098 4696 concedatur

406 4739 624 4799 undamentum
646 4731 799 4799 ubieunque
816 4738 908 4784 autem
928 4732 1009 4783 Deus
1023 4731 1179 4801 promittit,
1200 4733 1242 4787 ibi
1266 4730 1324 4800 ipsi
1337 4727 1484 4796 facultas,
1510 4735 1540 4779 ut
1559 4727 1652 4795 possit
1667 4727 1851 4780 sacramentis
1868 4728 1955 4796 juata
1973 4728 2097 4782 divinam

406 4820 526 4888 em'pitur
541 4819 621 4885 fides
641 4817 784 4870 audientis
802 4821 854 4870 ete
885 4816 1037 4873 abirent
1055 4816 1239 4885 Chemnisins,
1266 4816 1464 4871 institutionem
1492 4814 1547 4882 uti,
1571 4815 1602 4867 in
1626 4813 1682 4866 tali
1707 4830 1775 4865 casu
1798 4830 1853 4866 non
1878 4823 1919 4868 est
1946 4816 2098 4869 statuenda
2111 4824 2141 4865 vt

405 4908 471 4960 ideo
498 4904 689 4958 necessitatem
714 4910 953 4957 sacamentorum
972 4905 1054 4971 fidei
1079 4907 1107 4959 in
1125 4908 1239 4975 justisi·
1261 4903 1397 4975 praeessu
1437 4902 1588 4955 neemsi'tas
1626 4909 1864 4954 ramanentorum
1896 4903 1938 4954 ad
1970 4904 2096 4957 salutem.

405 4994 514 5047 catione
539 5011 558 5045 a
577 4990 743 5054 Pontifieiis
766 4989 901 5060 adjunpi,
930 4998 960 5045 ut
985 4992 1064 5055 fides
1088 5010 1143 5046 non
1166 4995 1239 5064 sola,
1268 4993 1334 5048 Cam
1360 4990 1467 5045 latroni
1483 4989 1513 5041 in
1532 5004 1613 5042 cruce
1631 4985 1772 5040 Christum
1793 4990 1823 5041 in
1840 4989 1920 5041 verbo
1936 4990 2097 5058 prehensio

405 5082 459 5134 sed
483 5097 543 5132 cum
567 5077 704 5147 dipsitute
727 5085 752 5130 et
773 5077 872 5131 mairo
895 5079 975 5132 illius
999 5080 1091 5148 operis
1116 5081 1239 5147 pratiam
1265 5080 1310 5132 nis
1324 5079 1394 5146 side
1421 5076 1644 5146 apprehendenti
1664 5074 1724 5126 sine
1742 5073 1877 5143 baptismo
1892 5077 2018 5144 patuerit
2035 5077 2097 5131 adi·

400 5166 620 5235 jusstifieaticnis
652 5164 782 5233 accipiat.
827 5162 1013 5217 Bellurminns
1043 5164 1160 5235 elamat,
1187 5166 1239 5219 hoe
1265 5173 1310 5219 tus
1336 5166 1378 5217 ad
1396 5164 1574 5234 paradisum.
1615 5160 1790 5232 Augustinus
1815 5159 1863 5215 lib.
1883 5167 1907 5217 t.
1928 5169 2025 5217 eontra
2042 5163 2096 5219 Do·

406 5270 463 5306 esse
486 5251 673 5320 mendacium,
697 5268 759 5304 eum
779 5249 1026 5318 justificationem,
1049 5267 1122 5320 quae
1146 5252 1176 5304 in
1193 5270 1238 5305 sa·
1264 5255 1320 5304 nat
1344 5267 1369 5308 e.
1387 5256 1434 5305 22:
1461 5250 1595 5303 Latronis
1620 5248 1772 5316 coemptum
1798 5248 1882 5301 etiam
1906 5256 1987 5319 atque
2013 5253 2097 5305 etiam

403 5342 552 5394 mamsedis
571 5339 724 5409 accipitur,
748 5336 871 5389 tribuant
890 5356 946 5392 non
964 5337 1100 5407 dipnitati
1117 5346 1166 5392 aur
1183 5357 1238 5393 me·
1264 5337 1447 5391 considerans
1472 5335 1582 5389 invenio
1605 5352 1660 5387 non
1678 5342 1784 5387 tantum
1798 5335 1959 5403 passionem
1973 5352 2030 5405 pro
2050 5356 2097 5393 no·

402 5429 465 5481 ritis
489 5427 584 5498 operis
604 5425 708 5491 nostri,
730 5425 784 5478 sed
801 5424 971 5478 institutioni
990 5424 1100 5477 diuinae
1120 5432 1146 5478 et
1158 5427 1239 5494 operi
1263 5425 1336 5477 mine
1359 5421 1472 5491 Christi,
1491 5424 1525 5476 id
1541 5424 1617 5492 quod
1635 5439 1667 5475 ea
1685 5422 1820 5492 baptismo
1836 5424 1948 5489 deerat,
1965 5426 2097 5493 supplere

404 5516 517 5569 clirisd.
563 5509 786 5583 Respondemus:
815 5508 1000 5563 Bellurminns
1032 5509 1126 5576 docet,
1152 5508 1236 5566 fidem
1259 5527 1356 5580 posse,
1380 5510 1432 5563 sed
1455 5509 1540 5562 etiam
1558 5509 1655 5576 sidem
1671 5510 1929 5578 conversionemque
1948 5512 2052 5582 cordis,
2072 5513 2099 5567 si

401 5602 489 5671 ipsam
518 5616 573 5653 non
593 5596 852 5661 instrumentaliter,
879 5595 928 5649 sed
948 5595 1085 5652 meritorie
1101 5596 1136 5650 ad
1154 5598 1237 5669 justi·
1262 5598 1337 5659 sorte
1364 5596 1406 5648 ad
1434 5596 1632 5649 celebrandum
1657 5597 1814 5664 mysterium
1840 5598 1972 5666 baptismi
1994 5601 2025 5652 in
2048 5617 2096 5653 an·

401 5687 555 5742 ficationem
578 5701 756 5751 concurrere3
781 5699 834 5755 qua
853 5699 919 5753 ergo
937 5682 1060 5737 veritatis
1079 5683 1172 5755 speeie
1188 5700 1235 5739 ne·
1262 5682 1363 5753 pustiis
1381 5690 1534 5751 temporum
1558 5683 1687 5734 succurri
1705 5699 1761 5734 non
1778 5689 1875 5751 potest.
1897 5699 1920 5737 o.
1941 5690 1988 5739 23:
2006 5687 2096 5740 Latro

300 5838 304 5844 .
400 5779 459 5846 gat,
476 5789 527 5845 per
546 5772 709 5844 digmtatem
728 5771 820 5842 operis
838 5767 923 5824 nostri
942 5784 975 5823 ex
997 5768 1146 5840 hypothesi
1164 5771 1235 5843 ipso·
1262 5770 1312 5825 nte
1329 5786 1386 5823 non
1403 5776 1495 5823 tamen
1510 5768 1622 5823 omnino
1641 5768 1701 5821 sine
1717 5770 1945 5838 sanctificatione
1957 5773 2096 5842 baptismi,

400 5877 461 5917 rum
485 5859 605 5933 gratiam
621 5856 828 5930 justificationis
844 5855 952 5927 accipit
986 5854 1080 5921 Quid?
1115 5855 1162 5911 An
1180 5873 1237 5913 non
1263 5873 1335 5927 quiue
1360 5856 1549 5926 corporaliter
1574 5854 1737 5927 adhibetur,
1754 5858 1834 5927 fuit,
1859 5858 1926 5927 qnia
1952 5876 2008 5915 non
2033 5861 2095 5930 ejus

399 5946 570 6021 monitante
587 5950 783 6002 annumeratur
810 5941 1008 5999 smramentist
1033 5941 1121 6014 Atqui
1150 5942 1179 5998 in
1202 5959 1236 6001 sa
1262 5943 1445 6014 uaespiendue
1465 5942 1595 5998 veinnas
1620 5940 1728 6009 defui,
1756 5944 1809 6000 sed
1832 5961 1888 6000 non
1911 5946 2096 6017 complendae
