4800 6659
933 617 986 672 DE
1006 614 1129 672 8ΔοΒο
1145 612 1347 672 BAPTISMO.
1921 623 1987 685 343

246 790 268 822 ι·
282 774 352 830 loco
376 772 556 830 ostendimus.
597 774 624 825 2.
644 772 790 826 Jobcrues
812 775 836 829 1.
855 773 936 842 epist.
958 777 982 828 1.
1010 772 1126 839 loqueos
1138 795 1141 850 ι
1155 770 1282 839 dicimus,
1294 771 1418 824 homiues
1429 772 1505 826 uisos
1518 787 1579 827 esse
1589 770 1722 843 baptismi
1731 772 1872 843 objectum
1883 788 1988 845 sepro-

248 913 255 925 ,
283 860 470 942 ἀιμιιιόιό
485 866 674 928 peccatorum,
693 875 764 928 quas
785 860 919 929 baptisati
935 860 1037 912 indies
1055 856 1219 976 eom-Xinde
1243 856 1317 927 quod
1342 874 1397 911 non
1424 863 1467 912 est
1492 858 1521 911 in
1544 874 1630 913 eamn
1659 874 1692 912 ac
1714 874 1828 913 numero
1846 857 1987 913 hominnm

246 953 252 964 '
284 947 417 1013 mamm,
443 963 501 999 ucri
526 947 584 999 cit:
608 946 635 998 si
659 946 825 1014 baptismum
842 946 1064 999 admemoriam
1082 960 1126 995 re·
1153 941 1293 1006 vivorum,
1318 942 1359 995 illi
1376 942 1532 1013 baptismus
1547 950 1663 998 nonest
1683 943 1874 999 conferendus.
1913 951 1934 999 1.
1953 942 2106 1034 hiiiiua

246 1049 273 1080 s-
286 1036 495 1099 vocaverimus,
527 1034 594 1084 sed:
623 1033 651 1085 si
678 1034 858 1093 contuemur
879 1040 999 1100 peecata
1019 1037 1128 1098 nostra,
1153 1026 1285 1097 baptismi
1306 1029 1480 1085 institutione
1504 1029 1694 1084 tantummodo
1716 1028 1749 1084 iit
1771 1031 1876 1085 mentio
1902 1030 2055 1086 homi-vlu.

246 1102 259 1182 ,“
286 1119 386 1183 fidelis
405 1127 446 1172 est
464 1118 611 1186 sejustus,
626 1118 880 1171 utrerm'ttatuobs's
888 1123 1127 1187 peccatcuomra.
1153 1130 1228 1167 num.
1262 1113 1362 1171 Matth.
1382 1120 1422 1180 ιιι,
1440 1133 1467 1169 v.
1488 1122 1535 1171 tc:
1554 1117 1663 1169 Eurotas
1683 1118 1778 1171 docete
1790 1133 1883 1170 ommes
1894 1124 1989 1184 qesta

287 1203 516 1273 Respondemus:
548 1211 725 1273 opponuntur
749 1221 798 1268 ea,
824 1221 896 1275 quae
922 1207 988 1257 sunt
1009 1201 1063 1255 sibi
1088 1202 1180 1255 ιιι-ιιι
1205 1199 1342 1269 baptisate
1359 1217 1417 1257 eos.
1457 1201 1532 1271 Ergo
1556 1201 1592 1255 ab
1611 1202 1663 1257 hoc
1679 1202 1859 1257 institutionis
1877 1202 1987 1257 divinae

289 1290 381 1345 ricem
408 1289 594 1345 subordinate.
638 1289 774 1344 Contritio
799 1289 872 1343 enim
899 1296 927 1343 et
951 1287 1038 1355 fides,
1065 1263 1246 1357 cumicapite
1264 1297 1321 1341 non
1347 1296 1390 1342 est
1413 1286 1620 1342 discedendum.
1658 1293 1681 1343 2.
1700 1287 1842 1343 iohannes
1859 1287 1989 1358 Baptista

289 1377 348 1432 sint
366 1375 528 1432 essentiales
546 1375 732 1445 poenitentiae
748 1382 850 1445 partes,
867 1390 927 1428 seso
943 1373 1059 1427 invicem
1072 1387 1129 1425 non
1155 1378 1183 1426 et
1205 1372 1324 1443 apostoli
1350 1389 1405 1427 non
1428 1371 1482 1426 nisi
1506 1372 1584 1427 rivos
1601 1372 1725 1428 homines
1743 1373 1932 1445 baptizarunt,
1958 1379 1990 1428 nt

289 1461 408 1526 tollunt3
436 1460 548 1518 humilis
576 1461 712 1518 confessio
739 1466 915 1531 peccatorum
943 1459 1064 1530 pertinet
1090 1457 1128 1512 ad
1155 1465 1264 1513 constat
1285 1474 1318 1514 cx
1336 1457 1568 1529 evangelistarum
1585 1468 1614 1514 et
1632 1465 1757 1514 actorum
1776 1460 1989 1531 apostolicorum

291 1548 501 1612 contritionem,
526 1548 658 1603 memorie
681 1546 812 1618 baptismi
835 1545 979 1601 confirmat
995 1544 1081 1600 fidem
1101 1544 1129 1597 in
1155 1544 1276 1616 scriptis.
1318 1551 1343 1601 3.
1363 1544 1601 1610 Quemadmodum
1628 1544 1705 1600 Deus
1730 1552 1844 1616 propter
1867 1546 1991 1599 homines

246 1648 278 1719 {¹¹-
290 1633 502 1706 promissionem
514 1634 630 1704 gratiae.
658 1636 685 1690 3.
699 1633 768 1686 Cum
787 1634 817 1686 iu
836 1633 987 1701 Scriptura
1003 1632 1130 1699 leoamas
1155 1648 1186 1687 se
1211 1630 1241 1685 in
1261 1631 1347 1686 verbe
1367 1631 1514 1700 revelavit3
1539 1633 1579 1686 ita
1605 1648 1715 1703 quoqne
1735 1648 1790 1685 non
1808 1631 1862 1686 nisi
1879 1638 1992 1702 prepter
2082 1649 2084 1654 ·

246 1751 259 1781 η
292 1721 421 1790 accmpia
439 1736 551 1788 aarum,
571 1721 621 1788 qui
636 1729 703 1789 post
723 1720 888 1788 baptismum
904 1718 983 1787 lapsi
1002 1726 1080 1781 suut,
1099 1724 1130 1771 ut
1155 1717 1297 1771 hominum
1323 1718 1442 1772 salutem
1469 1722 1644 1773 sacramenta
1665 1716 1798 1783 instituit3
1828 1717 1883 1771 illis
1906 1717 1992 1788 igitar

246 1804 282 1883 fg,
293 1807 420 1861 Simouis
437 1807 533 1861 Actor.
553 1811 578 1863 8.
597 1815 622 1860 st
642 1807 782 1861 Corinthii
803 1805 957 1859 incestuosi
973 1809 997 1858 1.
1019 1802 1083 1857 Cor.
1103 1807 1129 1857 6.
1141 1805 1144 1916 ι
1156 1803 1221 1858 solis
1239 1802 1460 1858 administranda
1478 1810 1567 1858 erunt
1603 1802 1675 1858 Gen.
1698 1810 1744 1872 17,
1763 1822 1790 1858 v.
1812 1809 1851 1859 12.
1876 1804 1991 1858 circum·

246 1913 253 1925 ·
291 1911 433 1961 mquam
462 1900 556 1945 mmeu
583 1892 716 1962 legimus,
747 1909 794 1945 eos
821 1891 953 1944 remissas
975 1889 1072 1955 fuisse
1090 1889 1131 1941 asi
1155 1890 1223 1945 cisio
1236 1889 1394 1944 viventibus
1413 1889 1539 1945 adhiberi
1556 1889 1742 1961 praecipitum
1762 1889 1837 1944 idem
1851 1889 1989 1959 judiciam

246 1957 266 2040 i]
292 1979 458 2032 memoriam
475 1976 615 2046 baptismi.
654 1975 875 2046 Respondemus:
895 1980 938 2030 est
956 1973 1128 2029 insufficiens
1156 1975 1191 2030 de
1211 1992 1285 2046 agno
1301 1974 1425 2045 paschali
1443 1975 1581 2044 Exodlt,
1600 1993 1625 2028 v.
1644 1981 1668 2030 l.
1689 1980 1730 2030 22.
1767 1982 1791 2033 4.
1803 1975 1890 2030 Sacra
1903 1990 1990 2029 coena

292 2063 464 2119 enumeratio
480 2062 676 2132 exemplorum.
708 2061 885 2124 Ostendimus
905 2060 1031 2131 superine
1044 2058 1128 2114 Gala-
1154 2069 1264 2117 tantum
1295 2061 1378 2115 datur
1408 2060 1579 2124 viventibus,
1614 2078 1648 2115 ex
1684 2060 1786 2114 Christi
1819 2061 1992 2116 institutione

292 2158 351 2219 tas,
377 2148 535 2204 Corinthios
564 2154 592 2202 et
613 2148 728 2203 Petrum
747 2155 811 2219 post
828 2148 998 2218 baptismum
1017 2146 1046 2199 in
1065 2162 1128 2215 pec·
1156 2147 1255 2205 Matth.
1276 2154 1317 2213 26,
1335 2164 1361 2201 v.
1382 2152 1424 2203 26.
1443 2154 1495 2202 etc.
1532 2146 1610 2201 Idem
1628 2164 1695 2218 ergo
1714 2147 1743 2200 in
1754 2146 1993 2202 administratione

293 2244 359 2291 cata
384 2236 529 2307 prolapsos
557 2233 773 2289 consolationem
798 2251 831 2288 ex
848 2234 988 2305 baptismo
998 2231 1127 2302 petiisse.
1156 2234 1289 2306 baptismi
1307 2234 1519 2290 observandum.
1557 2242 1579 2290 5.
1599 2233 1758 2304 Baptismus
1774 2232 1889 2288 mortuis
1907 2232 1991 2289 colla

246 2334 281 2413 i*
294 2329 319 2379 A
336 2324 384 2377 Eo
402 2331 500 2376 uestra
520 2321 657 2375 scatentia
674 2329 849 2390 sequoretur,
876 2337 931 2373 uon
951 2320 1062 2387 eadem,
1079 2317 1131 2370 sesi
1156 2328 1201 2376 tus
1221 2322 1305 2392 plane
1322 2319 1429 2376 inutilis
1448 2328 1478 2377 et
1494 2319 1630 2386 inefficax,
1648 2338 1712 2375 oum
1724 2318 1842 2391 quilibet
1849 2318 1993 2390 judicetur

246 2429 265 2466 s
294 2411 374 2480 quod
389 2410 472 2477 leuce
492 2408 659 2471 absurdius,
678 2408 786 2475 maJ'ori
798 2406 942 2471 facilitate
962 2407 1003 2459 aci
1020 2405 1131 2458 oesiam
1156 2409 1255 2464 aDeo
1274 2417 1301 2463 et
1316 2409 1425 2471 referat
1447 2424 1494 2476 ec,
1518 2422 1591 2476 quoae
1612 2423 1667 2477 per
1692 2423 1794 2475 corpus
1811 2407 1842 2459 ia
1858 2407 1917 2459 cita
1937 2406 1993 2473 epit

246 2488 257 2568 ,ι
291 2493 1132 2568 pervoniwwbfssi⁸0i⁰²²i⁶f1²⁰⁸ifidfm⁶imimum,
1158 2502 1181 2551 2.
1199 2494 1263 2551 Cor.
1282 2502 1306 2564 t,
1326 2511 1351 2548 v.
1373 2500 1412 2549 10.
1442 2492 1609 2562 Baptismus
1628 2500 1669 2545 est
1688 2492 1992 2559 iaoamumreysaera·

246 2590 274 2620 ¹⁸·
294 2601 383 2652 quam
403 2581 453 2650 qui
478 2581 643 2650 muorcuter
670 2579 700 2633 iu
725 2581 925 2634 incredulitate
951 2586 1115 2649 peccassent
1120 2597 1132 2646 ;
1157 2581 1242 2636 tionis
1266 2590 1293 2635 et
1316 2580 1508 2635 remorationis
1530 2579 1586 2634 Tit.
1613 2583 1644 2642 3,
1666 2596 1692 2632 v.
1713 2585 1738 2634 5.
1772 2576 1837 2632 Jam
1857 2593 1921 2632 vero
1940 2575 1993 2630 soli

246 2642 276 2722 :a
294 2668 418 2733 foedius
435 2667 507 2720 euim
526 2673 567 2718 est
585 2665 751 2735 baptismum
770 2666 837 2719 olim
856 2673 1000 2734 acceptum
1019 2666 1060 2718 cd
1077 2680 1133 2717 me·
1157 2668 1283 2723 heminas
1307 2668 1430 2722 viventes
1445 2664 1661 2737 regenarationis
1681 2672 1710 2719 et
1727 2662 1912 2719 renovationis
1929 2668 1994 2717 sunt

246 2745 282 2828 ff*
296 2755 417 2809 moriam
449 2769 580 2806 reuocare
609 2770 693 2821 quam
716 2767 749 2806 re
772 2753 836 2821 ipsa
858 2753 960 2806 iterum
984 2750 1133 2820 baptizari.
1158 2770 1285 2826 capaces,
1305 2771 1361 2809 non
1381 2750 1491 2821 monui,
1509 2767 1561 2806 neo
1579 2750 1636 2805 alia
1655 2749 1815 2804 inanimata

296 2838 521 2911 Respondemus:
542 2836 703 2907 hypothesis
715 2838 872 2909 argumenti
892 2842 935 2891 est
952 2836 1032 2903 falso,
1053 2834 1132 2906 quasi
1193 2846 1252 2897 165.
1286 2840 1491 2910 Improbandus
1506 2839 1593 2910 igitur
1612 2837 1802 2908 l.baptismns
1816 2842 1993 2891 mortuorum.
2006 2853 2098 2893 amm

296 2926 577 2993 scilicetstatnamus,
595 2923 655 2977 sola
671 2923 802 2979 memoria
819 2922 949 2993 baptismi
969 2922 1005 2976 ad
1023 2919 1132 2975 veniam
1158 2926 1335 2981 Corinthiaci
1356 2925 1494 2980 referente
1520 2923 1678 2995 Epiphanio
1705 2924 1812 2979 haeres.
1833 2926 1876 2979 28.
1897 2906 2121 3007 contraffissssssb'

295 3018 474 3083 peccatorum
500 3007 655 3080 perveniri,
676 3025 851 3064 cumrerum
871 3005 1132 3076 acseriampceni·
1158 3012 1279 3068 Cerintb.
1305 3018 1428 3066 mortuos
1452 3010 1630 3080 baptizarunt
1650 3009 1715 3064 freti
1738 3024 1825 3080 pravo
1852 3007 1995 3062 intellectu
2007 3006 2121 3058 uspersus

296 3098 414 3154 unciam
426 3097 456 3152 in
468 3094 553 3166 lapsis
564 3102 628 3165 post
645 3095 812 3165 baptismum
833 3095 934 3149 diserte
951 3093 1133 3164 requiramus
1157 3098 1305 3153 verborum
1322 3096 1441 3168 apostoli
1479 3102 1501 3150 1.
1520 3094 1582 3151 Cor.
1600 3102 1639 3161 15,
1659 3113 1684 3149 v.
1700 3101 1747 3151 29:
1778 3094 1856 3156 Quid
1867 3094 1995 3161 faciunt,
2011 3081 2032 3132 ¹·
2042 3092 2139 3146 mim·

246 3195 283 3225 ιο-
298 3187 325 3238 5.
347 3184 523 3251 Consequens
543 3182 654 3250 fucrit,
677 3200 732 3236 uon
757 3182 857 3243 debere
879 3181 937 3235 uisi
953 3180 1068 3234 adultos
1085 3179 1132 3231 ba·
1159 3186 1209 3255 qui
1232 3184 1411 3254 baptizantur
1432 3199 1488 3252 pro
1506 3181 1637 3249 mortuis,
1664 3179 1735 3255 ὑπὲρ
1754 3185 1810 3234 τῶν
1827 3183 1944 3252 νεκρῶν,
1968 3151 2105 3267 sigmoiu’

246 3235 418 3343 ffiptiecri,
441 3287 507 3322 uam
533 3268 644 3337 alioqui
667 3268 854 3321 incertissima
877 3269 929 3322 erit
953 3266 1132 3336 justificatio,
1161 3272 1273 3326 omniuo
1305 3270 1409 3322 uromui
1435 3287 1492 3322 riou
1517 3269 1687 3336 resuraauti
1714 3285 1765 3320 cur
1790 3267 1877 3334 icitur
1905 3264 1994 3332 bapti·
2063 3232 2084 3272 t·

246 3403 264 3432 s.
296 3358 403 3429 quilrpe
420 3371 493 3426 quae
513 3355 548 3408 ab
569 3354 877 3408 bominumtestimouio
892 3356 1025 3423 pendeat,
1045 3367 1134 3421 acque
1159 3365 1260 3413 matur
1273 3374 1331 3425 pro
1348 3356 1486 3409 mortuis!
1520 3353 1607 3425 Atqui
1627 3352 1696 3408 haec
1715 3350 1887 3406 consuetudo
1905 3348 1995 3418 bapti·

296 3445 371 3498 enim
397 3443 448 3514 φῖ
470 3443 595 3506 insaniet
619 3441 807 3509 ⁶⁰1³&me
830 3457 891 3494 Cum
913 3447 1015 3509 postea
1036 3439 1133 3493 adole·
1159 3443 1242 3500 zandi
1266 3449 1388 3497 mortuos
1411 3442 1486 3513 apud
1511 3440 1647 3511 quosdam
1671 3439 1701 3493 in
1720 3437 1861 3509 primitiva
1879 3434 1995 3491 ecclesia

295 3529 397 3596 ιιι-ιιι,
415 3527 569 3598 baptizatos
586 3542 617 3579 se
628 3527 725 3593 suiese
742 3528 937 3581 recordentur.
972 3523 1133 3596 Responde·
1159 3532 1263 3586 usitata
1287 3528 1353 3597 fuit,
1378 3534 1411 3583 ut
1433 3532 1552 3599 apparet
1574 3543 1607 3582 er
1631 3542 1707 3579 conc.
1727 3522 1858 3594 Carthag.
1876 3527 1900 3577 3.
1927 3538 1950 3575 c.
1970 3527 1994 3576 6.

295 3633 374 3670 mus:
400 3612 555 3684 baptismus
580 3612 720 3667 confertur
739 3611 852 3682 publice
869 3612 898 3665 in
920 3616 1002 3666 coctu
1019 3610 1133 3666 Christi·
1159 3615 1299 3673 pontificii
1326 3621 1447 3670 mortuos
1474 3620 1501 3668 et
1525 3612 1653 3682 sepulcra
1670 3611 1843 3681 adspergunt
1863 3623 1937 3680 aqna
1955 3607 1996 3663 lu·

295 3717 428 3763 ιιοιιιιιι,
450 3715 566 3769 quornm
592 3697 778 3753 testimoninm
795 3713 851 3750 non
866 3701 959 3767 potest
975 3697 1134 3768 repudiari3
1159 3704 1245 3759 strali.
1295 3702 1507 3772 chrysostomus
1536 3698 1629 3754 homil.
1666 3704 1688 3753 1.
1720 3697 1750 3751 in
1774 3697 1839 3751 Act.
1869 3694 1954 3750 refert
1979 3711 1998 3748 a

297 3787 395 3844 codem
407 3784 462 3839 fine
481 3784 564 3839 etiam
583 3782 750 3837 adhibentur
767 3782 879 3853 patrini,
896 3789 1030 3855 tauquam
1048 3789 1133 3839 testes
1159 3792 1327 3862 quibusdam
1350 3806 1401 3844 suo
1424 3795 1548 3859 tempore
1571 3786 1655 3841 ctiam
1676 3785 1791 3841 mortuis
1811 3782 1932 3838 infusam
1948 3783 1996 3837 ba·

297 3872 449 3944 baptismis
475 3870 525 3924 ced
552 3873 580 3925 ei
600 3869 713 3924 marles
732 3869 911 3924 ecclesiastici
930 3869 1133 3940 baptizatorum
1159 3877 1254 3949 ptisuri
1279 3893 1395 3949 aquam,
1418 3872 1554 3947 quodibi
1579 3872 1758 3943 reprehendit
1781 3888 1814 3925 ac
1838 3871 1926 3937 docet,
1945 3871 1997 3923 hoc

297 3959 394 4015 album
420 3956 642 4028 complectuntur
667 3959 696 4008 et
719 3954 810 4024 ipsum
828 3956 963 4026 cujusque
980 3973 1081 4011 nomen
1099 3956 1134 4010 de
1160 3964 1233 4018 eicit
1255 3980 1313 4017 mos
1339 3962 1424 4015 atiud
1448 3977 1531 4029 quom
1555 3960 1703 4013 sancceio
1721 3967 1827 4013 ιιπαιιι
1843 3955 1995 4025 projicere.

298 4044 438 4116 baptismo
456 4041 510 4097 sert
527 4038 723 4096 mstimonium.
761 4041 880 4096 Accedit
897 4040 1054 4113 obsignatio
1073 4042 1134 4114 Spi·
1161 4049 1343 4105 Marcionitae
1375 4047 1512 4102 referente
1547 4045 1721 4100 Tertulliano
1749 4044 1812 4098 libr.
1843 4050 1867 4097 5.
1899 4046 2045 4097 connata
2059 4053 2104 4096 toa

287 4133 370 4204 ‚ritus
389 4147 411 4183 s.
438 4129 486 4199 qui
509 4136 551 4184 est
575 4125 693 4181 whabO
709 4125 869 4182 hereditati!
890 4133 1001 4183 nostrae
1020 4137 1048 4184 et
1066 4146 1134 4204 συμ·
1162 4136 1246 4190 blnrc.
1268 4134 1410 4190 habebant
1428 4131 1563 4186 vicarium
1582 4132 1722 4203 quendam
1742 4128 1925 4199 baptismum,
1950 4125 1998 4197 qui

298 4221 438 4292 propriori
467 4213 576 4285 ΒΡῙΓῘῑῑιί
597 4218 705 4281 ¹¹⁰⁸i102
729 4214 804 4285 q¹¹0d
828 4213 914 4268 ⁸lmus
937 4214 989 4270 filii
1012 4215 1066 4271 Dei
1085 4234 1136 4288 per
1162 4222 1232 4277 rivis
1257 4218 1452 4275 conferebatur
1478 4218 1539 4274 loco
1564 4224 1733 4273 mortuorum
1760 4231 1817 4270 nen
1843 4212 1999 4284 baptizate-

246 4302 288 4343 Π*
300 4302 394 4360 fidem.
436 4304 462 4354 6·
488 4299 614 4353 Tolletur
641 4300 694 4353 boc
720 4301 830 4353 ratione
862 4302 1049 4356 eucharistiae
1075 4305 1137 4370 sre-
1161 4326 1224 4364 rum
1248 4307 1276 4360 in
1301 4304 1489 4360 testimoninm
1513 4302 1624 4359 articuli
1652 4302 1688 4357 de
1712 4300 1912 4357 resurrectione
1929 4316 1999 4354 mor·

246 4364 270 4446 ἶ
301 4386 452 4460 mactatio,
469 4404 531 4440 cum
542 4385 583 4437 ita
594 4387 725 4455 sufficere
737 4386 831 4455 possit
850 4388 985 4442 memoria
1002 4390 1136 4457 spirituo·
1163 4400 1281 4450 tuorum.
1317 4392 1372 4447 Sed
1395 4409 1447 4449 nec
1470 4390 1725 4457 Cerinthianorum‚
1749 4403 1801 4443 nec
1821 4386 1999 4441 Marcionita·

246 4467 262 4537 ‚¹'
300 4475 339 4531 iis
358 4474 414 4528 cibi
435 4472 593 4541 aliquando
613 4473 731 4541 portati,
750 4476 983 4541 quemadmodum
1001 4477 1137 4530 memoria
1163 4498 1225 4536 rum
1248 4475 1484 4552 νεκροβαητισμός
1507 4494 1542 4533 ex
1564 4476 1655 4531 verbis
1674 4473 1793 4545 apostoli
1810 4472 1923 4544 probari
1940 4477 1999 4542 pot·

300 4560 411 4630 mssicit
425 4558 535 4613 lauacri
550 4557 705 4625 aliquando
719 4562 851 4630 percepti
855 4583 866 4629 ‚·
885 4561 929 4616 oei
942 4562 969 4615 a·
984 4563 1137 4618 ridiculum
1164 4573 1213 4630 est,
1233 4581 1350 4637 quorum
1367 4563 1415 4620 ille
1434 4570 1543 4636 pugnat
1561 4581 1625 4619 cum
1643 4560 1815 4616 institutione
1832 4568 1862 4615 et
1878 4557 1933 4613 fine
1951 4556 1998 4611 ba-

301 4655 356 4716 ert,
379 4646 422 4699 ita
441 4642 603 4699 memoriam
623 4643 679 4696 cibi
692 4647 733 4698 ad
746 4648 923 4703 saturitatem
936 4650 1089 4719 prodesse,
1109 4659 1137 4704 ut
1163 4651 1272 4724 ptismi,
1299 4650 1344 4705 hic
1363 4668 1427 4705 vero
1457 4667 1520 4705 cnm
1544 4647 1698 4704 manifestis
1721 4646 1880 4718 Scripturas
1907 4642 1997 4705 dictim

302 4734 379 4787 cibiae
401 4732 462 4801 ipse
485 4730 622 4799 prodeam
655 4748 705 4784 cur
728 4751 785 4787 ucri
808 4735 847 4789 sit
870 4735 953 4789 etiam
976 4736 1137 4808 ridiculum
1158 4741 1256 4808 justus
1277 4754 1330 4791 sita
1354 4738 1410 4802 ride
1434 4732 1718 4803 nioet5impossibi1e
1743 4741 1784 4787 est
1803 4734 1868 4786 Deo
1882 4731 2001 4807 placarp

301 4819 343 4874 ita
358 4818 521 4872 memoriam
532 4816 643 4869 lavacri
653 4819 695 4871 ad
706 4820 832 4874 maculas
846 4822 981 4877 eluendas
998 4826 1139 4895 conferre,
1164 4826 1223 4878 siue
1234 4825 1312 4891 fide5
1330 4822 1439 4892 liquam
1457 4821 1507 4873 ubi
1524 4817 1665 4884 ceciderit,
1679 4817 1857 4888 permanebit
1876 4824 1926 4869 etc.
1946 4813 2000 4869 Ne-
2013 4826 2119 4874 exortes-

301 4913 331 4961 ιιι
357 4906 427 4960 lotio
446 4905 512 4973 ipsa
528 4903 648 4970 confert.
686 4904 911 4976 Respondemus:
936 4910 1137 4980 condicimus,
1165 4928 1220 4982 que
1243 4927 1308 4964 vero
1332 4908 1401 4962 dicit
1423 4905 1578 4978 apostolus,
1602 4904 1626 4958 si
1651 4905 1752 4959 mortni
1771 4921 1826 4958 non
1843 4877 2107 4971 rasurgtmti‘⁰0¹,‘,',⁰¹

303 4991 363 5047 ³⁰1⁸
374 4988 505 5061 baptimi
518 4987 707 5043 ffliOrdaiiOne
721 4992 835 5062 purgari
847 4999 970 5063 peccata,
988 4995 1037 5049 sed
1054 4994 1138 5054 iidem
1164 5013 1251 5067 qnare
1275 4994 1453 5065 baptizantur
1472 4988 1586 5056 mortui,
1609 4988 1639 5043 id
1664 4990 1739 5060 quod
1765 4987 1857 5057 specie
1880 4984 2001 5056 quadam
2013 4977 2123 5072 “df-b?

304 5077 333 5131 in
357 5092 424 5131 vera
446 5047 575 5143 rog-‘seria
592 5074 764 5144 poenitentia
781 5077 911 5147 amplecti
929 5080 1137 5149 promissionem
1164 5101 1215 5153 pro
1240 5080 1468 5155 vesontionensi
1494 5074 1587 5146 urgeri
1605 5082 1714 5145 posset,
1739 5073 1788 5128 sed
1808 5071 1876 5143 qnid
1893 5070 2001 5125 faciunt
2014 5034 2128 5133 irruatur

303 5162 414 5235 gratiae
440 5161 469 5216 in
493 5160 605 5216 foedere
627 5160 758 5231 baptismi
781 5162 973 5235 obsignatam,
1003 5166 1033 5222 in
1058 5169 1138 5239 cujus
1164 5170 1215 5237 illi,
1236 5168 1284 5240 qni
1302 5166 1480 5237 baptizantur
1497 5160 1567 5235 ὑπὲρ
1578 5162 1635 5217 τῶν
1644 5161 1757 5235 νεκρῶν,
1773 5174 1856 5228 snper
1868 5163 1998 5211 mortuos.
2013 5144 2124 5227 23:220„

304 5247 540 5304 confirmationem
577 5251 770 5301 sacrosanctae
806 5250 988 5308 eucharistiae
1024 5272 1090 5309 usus
1122 5273 1139 5310 a
1168 5254 1323 5319 1.Quidam
1335 5251 1422 5323 igitur
1433 5248 1519 5304 verba
1533 5246 1650 5317 apostoli
1663 5244 1803 5314 accipiunt
1814 5244 1849 5297 da
1862 5242 2000 5313 baptismo

304 5334 417 5390 Christo
435 5332 576 5386 institutus
595 5338 646 5386 est.
681 5331 831 5389 facessant
857 5337 945 5409 igitur
963 5339 1085 5410 ineptiae
1103 5341 1139 5397 de
1166 5340 1335 5396 clinicorum.
1385 5333 1583 5391 catechumeni
1605 5334 1635 5388 in
1659 5329 1882 5403 praesentissimo
1906 5328 2002 5383 mortis

305 5418 436 5476 memoria
464 5417 519 5472 cibi
551 5417 587 5470 ad
616 5418 789 5474 saturitatem
819 5438 852 5476 ac
879 5426 1011 5481 memoria
1035 5426 1139 5483 lavacri
1166 5426 1291 5499 periculo
1311 5421 1453 5479 constituti
1471 5438 1504 5476 ac
1521 5436 1572 5490 pro
1591 5416 1706 5474 mortuis
1726 5416 1815 5488 magis
1829 5414 2002 5487 quamvivis,

305 5506 343 5561 ad
354 5504 485 5560 lationem
502 5502 657 5557 sufficiente
669 5503 830 5561 Bellaimini
850 5507 962 5581 ingenio
982 5512 1122 5585 indignae.
1167 5532 1232 5568 cum
1248 5511 1473 5582 baptizarentur,
1491 5506 1594 5573 habiti,
1619 5509 1767 5575 propterca
1781 5502 1856 5573 quod
1873 5501 1945 5556 lecto
1963 5500 2003 5554 ita

255 5596 295 5643 tta
343 5598 401 5648 164.
436 5588 531 5660 Atque
554 5590 622 5645 haec
646 5589 800 5648 dictasint
825 5595 860 5649 de
889 5598 979 5652 camis
999 5599 1141 5671 baptismi,
1168 5598 1245 5655 affixi
1264 5602 1362 5665 esent,
1383 5601 1415 5650 ut
1429 5594 1465 5649 de
1485 5610 1578 5649 eorum
1597 5588 1871 5658 vitadesperaretnr3
1887 5589 2003 5641 κιινικοι

246 5668 366 5760 mrum
387 5676 511 5742 internis,
522 5676 638 5730 mauris
654 5675 761 5732 scilieet
780 5686 808 5733 et
817 5680 914 5751 forma,
934 5688 995 5738 tum
1013 5657 1244 5756 externislmmi
1270 5684 1300 5738 m
1331 5686 1435 5737 sutoro
1467 5675 1602 5750 appellati
1630 5674 1744 5729 suerunt
1767 5679 1838 5728 aste
1862 5671 2004 5743 cypriano

309 5762 446 5817 efficiente
459 5762 611 5816 scilicetne
623 5762 679 5819 fine
697 5770 725 5818 et
744 5761 865 5837 effectis3
883 5775 972 5825 restat
991 5778 1024 5827 ut
1041 5774 1077 5825 de
1096 5773 1143 5826 ob·
1154 5739 1217 5856 llib.
1237 5777 1260 5824 ι.
1290 5768 1371 5839 epist
1392 5776 1415 5824 1.
1440 5774 1469 5823 ιι
1485 5761 1643 5835 Epiphanio
1662 5757 1899 5816 coruscamen
1916 5776 1944 5828 p.
1963 5763 2005 5814 51.

302 5851 381 5920 jecto
393 5848 477 5919 hujus
490 5849 656 5904 sacramenti
670 5849 846 5924 disseramus,
857 5854 904 5910 nbi
916 5856 1006 5926 primo
1020 5856 1143 5913 omnium
1154 5861 1158 5925 i
1168 5856 1251 5912 lianc
1278 5854 1446 5911 senteutiam
1464 5846 1594 5921 proponit
1610 5845 1742 5904 Calvinus
1759 5861 1876 5917 eamque
1894 5850 1926 5899 nt
1942 5842 2005 5898 sim·
