4800 6659
401 551 462 614 303
1065 539 1187 601 LOCUS
1205 540 1409 602 weaslieas

403 699 535 756 Calvinus
561 699 687 771 quamvis
709 700 856 756 verborum
880 698 1019 755 onumen
1041 698 1184 754 convictus
1207 696 1236 750 in
1300 703 1356 753 tce.
1392 698 1451 753 Nos
1473 698 1638 769 opponimus
1660 699 1716 754 illis
1739 701 1885 773 sequentis
1901 700 2098 759 fundamenta:

400 787 478 858 epist
507 805 535 858 p.
563 791 622 843 stt.
652 787 802 852 concedat,
831 786 924 842 locum
948 786 1026 841 sslum
1044 785 1080 840 de
1098 784 1236 856 baptismo
1265 788 1286 838 1.
1305 783 1390 838 Nulla
1415 790 1508 854 potest
1532 785 1627 841 afferri
1649 786 1815 857 necessitas,
1836 796 1953 859 propter
1979 805 2098 859 quamn

402 872 520 945 intelligi
544 889 639 943 posse,
662 872 691 926 id
718 874 809 943 ipsum
828 879 920 929 umen
938 872 1003 929 libr.
1022 878 1046 927 t.
1067 872 1130 926 inst.
1149 887 1174 927 c.
1195 875 1234 926 te.
1261 867 1342 924 litera
1359 870 1388 924 in
1409 871 1592 942 explicatione
1611 873 1759 929 verborum
1771 874 1874 930 Christi
1894 875 2097 930 discedendum

399 964 466 1015 sect.
486 965 527 1015 25.
554 977 650 1014 rursus
675 966 775 1031 negat:
800 960 954 1014 Pellantur
971 958 1098 1031 (inquit),
1118 958 1169 1027 qui
1188 956 1234 1008 bu·
1259 954 1304 1009 sit.
1341 962 1364 1011 2.
1383 957 1442 1013 Nec
1461 959 1613 1027 inveniunt,
1630 960 1679 1014 ubi
1697 961 1797 1030 pedem
1817 959 1917 1031 figunt,
1938 961 1988 1034 qui
2001 962 2098 1017 literae

395 1046 497 1113 ptsirms'
511 1046 677 1101 mentionem
693 1048 759 1113 fieri
778 1055 893 1117 putant,
917 1047 982 1101 Joh.
1000 1051 1027 1102 3.
1055 1045 1124 1116 quio
1143 1059 1235 1112 oquae
1260 1040 1386 1098 insistere
1405 1044 1518 1113 nolunt,
1542 1050 1574 1100 ut
1596 1045 1688 1100 redae
1711 1062 1744 1100 ac
1771 1047 1899 1102 diversae
1925 1047 1994 1101 illae
2013 1047 2099 1102 inter·

398 1149 497 1185 nomen
522 1134 658 1198 audiunt:
686 1151 749 1187 mox
771 1150 871 1206 aquam
888 1151 945 1202 pro
963 1132 1075 1201 Spiritu
1095 1130 1233 1201 accipien-
1259 1129 1429 1197 prensiones
1452 1132 1610 1188 ostendunt.
1658 1138 1681 1187 3.
1708 1132 1782 1187 Non
1810 1140 1867 1187 est
1889 1132 1957 1187 fidi
1984 1134 2097 1188 inter·

399 1217 463 1271 dam
489 1233 549 1272 esse
575 1220 669 1288 dccet,
693 1218 733 1273 ita
752 1227 783 1274 ut
800 1236 899 1275 nomeu
918 1219 1055 1290 posterius
1073 1213 1234 1288 ἐξηγητικόν
1258 1216 1372 1283 protis
1397 1234 1437 1272 ex
1453 1218 1658 1289 peregrinis
1677 1218 1770 1273 locis
1789 1219 1910 1273 varias
1929 1219 2097 1275 vocabuli

398 1305 433 1358 sit
458 1305 570 1375 prioris:
601 1307 697 1377 Neque
723 1308 793 1360 hoec
821 1307 933 1377 (inquit)
960 1314 1000 1360 est
1028 1323 1100 1360 noue
1121 1303 1232 1366 locutio,
1259 1299 1554 1370 significationes
1580 1320 1752 1375 quaerere
1779 1305 1994 1376 easdemque
2021 1310 2098 1362 ter·

392 1406 515 1458 prorsass
528 1392 600 1444 enim
618 1410 680 1445 cem
701 1392 762 1460 itta,
779 1409 852 1462 quoe
871 1391 1103 1445 hubenerMutth.
1124 1392 1150 1443 3.
1169 1406 1232 1442 con·
1258 1385 1312 1438 tui
1329 1386 1474 1458 inferre,
1496 1390 1555 1444 sed
1579 1406 1616 1444 ex
1635 1396 1804 1445 contextu
1822 1391 2015 1462 genuinam
2036 1407 2097 1445 ex·

397 1477 480 1545 venit,
499 1480 550 1546 qui
565 1495 608 1532 nte
625 1480 759 1549 seqnitur,
777 1480 827 1534 iile
843 1488 891 1549 est,
912 1479 962 1549 qui
979 1480 1101 1547 baptizet
1122 1476 1233 1546 Spiritu
1258 1470 1485 1538 plicationem
1506 1492 1642 1545 eruere3
1663 1477 1843 1542 nonenim
1866 1475 1933 1534 hoc
1951 1478 2097 1549 quaeri·

396 1579 418 1617 s.
440 1564 563 1635 etipne;
592 1566 705 1619 tandem
730 1565 822 1621 addit:
846 1564 919 1630 scio,
941 1566 1016 1619 otior
1040 1564 1125 1618 aliter
1146 1565 1232 1616 inten
1258 1562 1325 1622 tur,
1350 1562 1525 1629 quomodo
1546 1562 1663 1617 variae
1688 1564 1860 1633 cujusque
1885 1563 1955 1618 loci
1984 1564 2097 1618 inter·

392 1651 514 1717 pretori,
532 1653 585 1704 sed
596 1652 667 1705 bunc
685 1668 744 1706 esse
761 1652 910 1720 penuinnm
926 1668 1036 1705 sermm
1052 1668 1108 1704 nen
1128 1649 1232 1711 dubito,
1258 1644 1480 1711 prolationes
1504 1649 1702 1720 excogitari
1730 1650 1885 1719 possint,
1911 1649 1977 1702 sed
2003 1665 2096 1721 quae

397 1743 422 1788 et
447 1740 568 1792 tenendo
592 1746 632 1792 eet
656 1738 943 1808 simpieerententic,
965 1738 1115 1800 neminem,
1143 1737 1232 1789 donec
1257 1730 1410 1799 genuina
1447 1740 1483 1788 et
1515 1735 1657 1806 propria
1693 1738 1771 1805 ejus
1801 1734 1848 1789 sit
1877 1735 2095 1791 sententia

396 1832 545 1877 renovatus
564 1825 654 1888 suerit
672 1842 747 1894 equo
767 1827 840 1889 or'uo,
858 1827 892 1878 iti
900 1834 940 1878 est
954 1825 1072 1896 Spiritu,
1090 1838 1172 1893 posse
1188 1821 1231 1874 in·
1257 1820 1281 1869 «l.
1291 1813 1420 1872 Ostendit
1427 1826 1521 1875 autem
1529 1828 1681 1889 contextus,
1692 1838 1792 1891 scopus
1804 1826 1927 1876 actenor
1935 1822 2094 1891 verborum,

395 1911 480 1976 predi
504 1911 534 1964 in
556 1928 672 1979 repnuns
690 1912 757 1965 Dei.
799 1911 889 1976 Quam
917 1910 1171 1982 interpretationem
1186 1923 1229 1961 re·
1258 1900 1292 1953 de
1304 1902 1441 1974 baptismo
1452 1906 1591 1962 Christum
1601 1907 1693 1980 agere.
1711 1908 1782 1962 Vult
1790 1908 1863 1962 enim
1874 1907 2028 1964 Nicodemo
2039 1926 2096 1964 ms-

394 1995 466 2065 petit
485 2003 514 2053 et
531 1998 706 2053 commendat
725 1998 754 2052 in
772 1998 852 2069 epist.
872 1999 890 2053 1.
910 1998 937 2052 d.
956 1999 1057 2053 Petrus
1073 1996 1180 2067 Martyr
1199 1994 1227 2048 in
1257 1986 1333 2041 dium
1349 1995 1566 2063 regenerationis
1583 2012 1616 2050 ae
1627 1996 1725 2049 salutis
1738 1995 1892 2051 ostendere.
1922 1995 2012 2066 Atqui
2024 1995 2095 2049 illud

395 2079 446 2136 loc.
471 2099 569 2140 comm.
596 2083 720 2139 classi.
746 2101 770 2140 c.
789 2091 814 2141 9.
840 2091 906 2141 sect.
929 2090 970 2141 26.
996 2100 1097 2156 aquam
1117 2081 1229 2153 exponit
1256 2074 1375 2130 medium
1395 2086 1438 2133 cst
1455 2080 1608 2151 baptismus
1625 2082 1682 2135 Tit.
1701 2087 1725 2150 3,
1745 2099 1770 2135 v.
1784 2088 1808 2136 5.
1847 2081 1955 2136 l.Petr.
1969 2088 1994 2149 3,
2012 2099 2038 2135 v.
2051 2086 2094 2137 21.

395 2169 431 2220 de
453 2170 549 2237 pretia
572 2171 645 2235 Dei,
675 2188 746 2240 quoe
769 2179 885 2225 mentem
902 2170 1030 2236 fidetenus
1048 2170 1170 2224 suauiter
1189 2170 1227 2222 ir·
1253 2161 1286 2194 *⁸
1293 2161 1366 2216 Tum
1385 2167 1515 2238 temporis
1534 2186 1600 2223 vero
1619 2167 1735 2239 insignis
1758 2167 1804 2222 ille
1828 2184 1879 2237 per
1897 2185 1986 2240 aquas
2004 2166 2096 2240 bapti·

395 2255 468 2325 rt'pet
486 2273 521 2308 cc
540 2257 700 2320 foecundet.
724 2256 905 2329 Bullingerns
923 2257 952 2311 in
969 2255 1032 2313 Jch.
1044 2275 1071 2327 p.
1085 2257 1227 2313 talorum
1254 2251 1336 2305 zaudi
1365 2251 1436 2306 ritus
1463 2252 1637 2309 introductus
1667 2261 1727 2310 erat
1750 2259 1778 2309 et
1800 2270 1904 2324 magna
1927 2254 2096 2310 auctoritate

393 2340 472 2395 illum
493 2342 522 2396 in
540 2343 662 2414 genuino
680 2359 763 2399 seusu
782 2351 810 2400 et
829 2345 981 2400 secundum
999 2344 1107 2399 literam
1128 2344 1161 2398 de
1178 2343 1227 2398 ba·
1254 2336 1372 2393 subinde
1399 2340 1594 2409 usurpabatur.
1637 2339 1756 2395 Omnino
1780 2357 1847 2411 ergo
1871 2340 1998 2412 loquitur
2017 2339 2097 2395 Obri-

393 2428 495 2499 ptismo
522 2429 734 2501 intelligendum
764 2447 824 2488 esse
848 2432 946 2486 itidem
969 2438 1067 2503 negat,
1097 2430 1170 2485 unde
1187 2430 1227 2484 la·
1254 2430 1314 2479 etus
1339 2424 1374 2480 de
1397 2424 1447 2480 tali
1474 2426 1701 2498 regeneratione,
1731 2444 1802 2499 quae
1825 2425 1858 2481 fit
1878 2444 1928 2497 per
1945 2431 2096 2499 usquamst

394 2520 483 2579 cmm,
507 2520 539 2569 ut
563 2514 639 2570 locus
667 2516 713 2570 ille
737 2516 938 2587 pulcherrimus
962 2518 991 2571 in
1009 2515 1228 2572 confessionibus
1255 2527 1304 2580 per
1326 2510 1506 2582 Spiritum.**
1551 2519 1574 2569 5.
1593 2511 1719 2567 Christus
1744 2512 1875 2567 describit
1904 2512 2094 2586 regeneratio-

285 2606 323 2653 11.
335 2604 380 2651 tto.
395 2600 546 2656 Helveticis
560 2608 588 2656 et
602 2601 719 2657 Gallicis
737 2619 799 2673 cap.
817 2603 852 2658 de
864 2603 1003 2674 baptismo
1020 2603 1228 2674 praetermissus
1254 2613 1317 2650 nem
1346 2597 1473 2652 omnibus
1504 2598 1642 2653 salvandis
1673 2600 1857 2654 necessariam
1888 2599 1924 2654 ab
1952 2600 2095 2657 efficiente

394 2685 486 2742 fuerit.
536 2686 616 2741 Idem
648 2687 677 2741 in
704 2687 800 2741 decad.
830 2704 910 2745 serm.
937 2693 961 2745 8.
993 2707 1020 2760 p.
1045 2695 1104 2745 353.
1125 2705 1227 2761 aquam
1254 2683 1394 2754 principe,
1426 2683 1533 2740 scilicet
1561 2679 1668 2757 Spiritu
1690 2694 1798 2756 sancto,
1825 2691 1855 2741 et
1880 2684 2094 2755 instrumentali,

394 2770 580 2842 metaphorice
607 2775 642 2827 de
663 2772 775 2843 Spiritu
793 2784 903 2843 saneto,
929 2790 979 2829 seu
999 2776 1034 2830 de
1051 2778 1228 2830 renovatione
1254 2767 1361 2825 scilicet
1385 2786 1459 2843 81118
1477 2770 1624 2842 1181ῒῖ81111,
1651 2770 1768 2842 perinde
1784 2777 1816 2827 Ut
1834 2772 1977 2842 ⁸P0⁸t⁰¹¹1⁸
1994 2769 2052 2827 Til*
2068 2777 2093 2838 3,

393 2858 489 2911 cordis
497 2875 553 2926 per
563 2858 702 2928 Spiritum
712 2867 839 2915 sanctum
850 2862 1060 2931 interpretatur.
1079 2862 1228 2918 Goellerus
1253 2873 1279 2912 v·
1300 2862 1328 2910 5:
1350 2855 1442 2911 lactc
1465 2858 1689 2913 misericordiam
1709 2876 1789 2911 suem
1809 2856 1907 2926 (Deus)
1926 2858 2025 2912 saluos
2042 2875 2093 2911 nos

393 2945 422 2998 in
439 2941 534 2999 homil.
555 2944 659 3003 inJoh.
677 2964 705 3016 p.
722 2951 762 3003 33.
781 2963 881 3019 aquam
899 2947 1072 3019 potissimum
1093 2950 1126 3002 sie
1143 2950 1227 3003 serbo
1246 2942 1324 3008 fecii
1348 2960 1403 3012 per
1433 2944 1577 2999 lavacrum
1603 2944 1823 3013 restaurationis
1850 2952 1877 2997 ct
1899 2945 2093 2999 renovationis

396 3030 456 3083 nor
481 3031 691 3104 tnrnngenoam
712 3036 772 3089 eoo
788 3033 863 3088 nicto.
899 3034 974 3090 nero
998 3036 1026 3088 tn
1045 3035 1160 3090 confess.
1178 3035 1226 3092 fio.
1256 3028 1381 3099 aprino
1400 3048 1422 3084 ε.
1465 3036 1489 3086 e.
1508 3030 1552 3086 ao
1570 3031 1686 3103 ponae
1705 3031 1791 3086 verta
1807 3030 1856 3092 nn
1872 3046 1929 3085 non
1945 3037 2013 3086 sunt
2032 3023 2092 3100 tre

393 3116 485 3172 locum
502 3118 576 3173 hunc
594 3119 667 3174 sicco
685 3119 757 3190 pede
776 3121 922 3191 praeterit,
948 3120 1017 3175 alibi
1041 3125 1076 3175 cte
1094 3117 1225 3176 inmenso
1253 3115 1365 3186 rursusi,
1391 3116 1440 3171 scd
1463 3116 1590 3172 Christus
1620 3125 1768 3188 utrumque
1797 3117 1957 3189 conjungit,
1986 3134 2091 3190 aquam

392 3204 455 3257 Dei
478 3221 575 3259 amore
601 3221 702 3277 aquam
720 3206 924 3278 interpretatur.
963 3206 1112 3263 Charranio
1131 3208 1180 3265 lib,
1200 3216 1225 3265 2,
1253 3202 1359 3257 scilicet
1375 3209 1519 3257 externum
1538 3202 1669 3273 baptismi
1688 3203 1854 3258 elementum
1874 3210 1902 3257 et
1918 3202 2057 3274 Spiritum
2068 3221 2090 3258 s.

391 3289 475 3346 locor.
507 3309 531 3347 c.
561 3298 602 3347 11.
631 3291 706 3347 circa
734 3290 828 3347 finem:
863 3293 1010 3363 Baptiami
1037 3296 1226 3349 necessitatem
1251 3289 1402 3344 efficaciter
1431 3290 1545 3345 interius
1571 3307 1623 3360 per
1645 3305 1747 3361 aquam
1764 3296 1932 3360 operantem.
1969 3297 1994 3346 ’1.
2016 3290 2089 3355 Quin

389 3384 494 3431 netem
521 3393 555 3431 en·
581 3378 642 3431 loeo
661 3378 729 3431 Jot.
757 3381 789 3447 3,
817 3397 842 3436 υ,
863 3384 889 3437 5.
908 3389 1065 3450 perperene¹
1085 3382 1225 3435 intellecto
1250 3376 1305 3429 imo
1325 3374 1451 3432 Christus
1470 3377 1588 3450 digitum
1606 3376 1727 3431 intendit
1743 3375 1772 3430 in
1792 3376 1963 3447 baptismum
1982 3376 2089 3433 doban-

391 3461 572 3531 colleperunt,
589 3480 645 3515 non
663 3462 736 3517 enim
754 3465 849 3531 opiter
867 3465 908 3518 rbi
926 3466 960 3519 de
981 3466 1113 3536 baptismi
1129 3486 1225 3522 coora-
1249 3464 1304 3533 nis,
1333 3464 1380 3534 qui
1405 3463 1460 3519 fuit
1485 3462 1728 3519 consiliumillud
1747 3455 1805 3515 Dei
1822 3463 1857 3517 de
1875 3464 2089 3535 regeneratione

389 3556 488 3612 mento,
504 3550 558 3600 sed
570 3548 607 3601 de
615 3550 835 3617 reponeretionis
846 3559 872 3605 et
880 3552 1007 3620 Spiritus
1019 3554 1112 3607 sancti
1118 3556 1224 3624 pretio,
1250 3568 1283 3605 ac
1314 3551 1418 3621 salute,
1445 3553 1523 3621 quod
1553 3556 1716 3620 spreverunt
1742 3548 1895 3603 Pharisaei
1920 3558 1948 3603 et
1969 3550 2088 3605 Scribas

390 3635 450 3687 sine
470 3650 526 3701 quo
545 3650 625 3688 nemo
643 3636 726 3705 repni
739 3637 798 3689 Dei
815 3639 949 3706 mpsteriu
963 3640 1112 3709 percepere
1125 3649 1224 3711 petest.
1249 3638 1318 3692 Luc.
1335 3645 1358 3708 7,
1378 3654 1404 3692 r.
1424 3643 1465 3693 30.
1482 3654 1564 3710 quem
1584 3642 1722 3707 quotquot
1737 3635 1767 3689 in
1785 3652 1850 3689 vcra
1867 3636 2044 3706 poenitentia
2060 3644 2088 3694 et

390 3719 518 3772 Veratius
538 3718 567 3771 in
586 3719 835 3777 Anti-Bellarmino
847 3729 913 3780 torn.
931 3730 955 3779 3.
970 3732 1090 3780 controv.
1105 3743 1185 3797 pena.
1200 3733 1225 3782 1.
1249 3724 1305 3781 fide
1323 3728 1516 3795 susceperant,
1534 3723 1603 3777 iram
1620 3729 1765 3777 venturam
1782 3721 1906 3793 effugere
1926 3731 2087 3794 potuerunt,

390 3803 436 3857 Ad
454 3803 544 3859 thesin
564 3811 588 3860 2.
627 3805 662 3860 In
684 3808 765 3862 solut.
785 3809 900 3881 object:
928 3812 1032 3866 Joton.
1056 3815 1081 3867 3.
1103 3814 1225 3884 proprie
1249 3810 1348 3866 Matth.
1369 3817 1392 3878 3,
1410 3829 1436 3865 r.
1457 3817 1480 3864 ῖ.
1517 3814 1540 3864 8.
1560 3809 1648 3863 Totus
1667 3808 1765 3863 chorus
1784 3807 1958 3880 antiquitatis
1979 3810 2086 3865 dictum

389 3909 446 3945 non
466 3893 502 3944 de
521 3900 633 3946 externe
652 3895 812 3964 corporolia
829 3912 920 3965 aquae
941 3897 1094 3967 baptismo,
1117 3899 1169 3952 sed
1188 3900 1224 3952 de
1248 3897 1322 3950 istud
1343 3896 1378 3951 de
1396 3894 1534 3965 baptismo
1551 3893 1664 3964 accipit.
1700 3895 1785 3948 Hane
1798 3894 1905 3948 Christi
1920 3899 2085 3951 sententium

389 3994 465 4047 oque
483 3978 632 4048 spirituaii
649 3987 757 4033 tautam
776 3982 878 4049 opiter.
899 3983 936 4037 ad
954 3983 1024 4039 thes.
1047 3991 1071 4040 5.
1092 3984 1120 4038 in
1138 4001 1224 4039 cens:
1249 3983 1356 4051 (scribit
1380 3982 1546 4036 ltlarloratus
1572 3997 1605 4035 ex
1630 3979 1740 4035 Bucen>
1767 3980 1797 4033 in
1818 3979 1965 4050 hocloco)
1992 4000 2085 4037 omnes

388 4064 494 4117 Locum
512 4066 577 4121 Jot.
596 4067 624 4121 3.
647 4065 857 4135 impertinenter
880 4068 933 4123 luc
956 4070 1034 4122 tratti
1059 4078 1085 4124 et
1109 4072 1223 4125 Anoba-
1243 4087 1317 4141 pene
1336 4068 1529 4140 oiedoptismo
1547 4067 1777 4135 interpretantem.
1806 4064 1881 4123 Vide
1892 4067 2084 4141 Augustinum

383 4151 482 4218 ptistis
510 4151 624 4221 opponi.
671 4150 843 4208 ”Piscator
866 4154 897 4209 in
922 4155 1007 4211 schol.
1028 4156 1054 4209 h.
1074 4156 1092 4210 1.
1111 4175 1137 4227 p.
1159 4164 1224 4215 603:
1247 4160 1326 4212 tract.
1355 4142 1394 4210 11.
1419 4159 1448 4210 et
1474 4158 1514 4210 rt.
1543 4153 1572 4207 in
1593 4152 1656 4208 doh.
1692 4152 1829 4224 cyrillum
1849 4152 1897 4208 lib.
1919 4160 1943 4213 t.
1966 4154 1997 4208 in
2020 4154 2084 4211 Jotr

388 4236 435 4289 Ec
461 4255 537 4307 uque
565 4247 591 4293 et
617 4239 745 4311 Spiritu,
773 4242 806 4294 id
824 4250 864 4297 est
882 4259 915 4296 ec
935 4243 1046 4313 Spiritu
1063 4253 1160 4299 sancto
1180 4262 1223 4300 en·
1246 4259 1272 4300 c.
1294 4247 1335 4298 42.
1371 4241 1597 4313 chrysostomum
1620 4239 1693 4295 hom.
1717 4246 1759 4297 23.
1782 4240 1811 4293 in
1834 4240 1898 4295 doh.
1933 4238 2084 4314 'I'heophy-

387 4331 494 4377 ruente
510 4326 594 4392 quusi
609 4326 664 4379 uim
683 4344 788 4397 aquae,
809 4330 908 4397 fipuro
933 4329 1068 4399 loquendi
1085 4347 1155 4399 quoe
1173 4350 1219 4386 no
1245 4331 1350 4385 lactum
1376 4328 1406 4382 in
1429 4326 1571 4383 hocloco.
1606 4334 1630 4384 9.
1648 4325 1682 4380 In
1705 4326 1801 4383 verbis
1825 4325 1962 4383 iohannis
1986 4328 2083 4402 Bapti-

387 4406 512 4462 minetur
525 4408 555 4464 ir
567 4408 615 4464 dri
627 4412 717 4479 δυοῖν,
727 4413 811 4482 quaesi
819 4414 943 4481 dicotur,
952 4431 986 4467 eu
999 4433 1084 4485 uque,
1100 4424 1220 4486 quaeest
1246 4424 1320 4474 stae:
1349 4416 1406 4471 Hic
1430 4422 1484 4483 ue,
1511 4413 1561 4483 qui
1582 4414 1707 4481 baptizat
1731 4413 1843 4481 Spiritu
1867 4421 1894 4468 et
1921 4415 2001 4484 iprae,
2029 4431 2082 4470 vox

390 4493 523 4562 Spiritus.
559 4495 663 4551 Postea
680 4503 775 4554 nmen
792 4498 885 4554 addit:
910 4500 944 4555 Si
967 4502 1030 4570 quis
1046 4516 1099 4571 per
1118 4521 1220 4574 uquam
1246 4503 1319 4576 ignis
1345 4519 1402 4557 nou
1429 4508 1471 4555 est
1497 4499 1697 4570 metaphorica,
1728 4501 1777 4555 sed
1803 4499 1918 4556 denotat
1936 4506 2082 4557 externum

387 4580 439 4634 bec
462 4580 524 4635 loco
546 4583 628 4637 molit
646 4584 803 4654 intellipere
825 4604 938 4640 socrum
959 4586 1138 4658 baptismum,
1165 4599 1221 4645 tuns
1245 4589 1315 4644 illud
1338 4587 1506 4660 symbolum,
1532 4585 1561 4640 in
1585 4602 1639 4657 quo
1657 4591 1686 4640 et
1707 4603 1758 4657 per
1774 4586 1849 4659 quod
1868 4586 1898 4642 in
1914 4586 1960 4643 die
1980 4586 2114 4645 Pente-tt

388 4667 462 4720 duee
492 4667 564 4722 istus
593 4672 816 4739 reponeretionis
845 4689 949 4726 censae
975 4674 1119 4742 cupienter
1141 4686 1222 4731 errent
1246 4681 1335 4731 costes
1354 4674 1436 4728 datus
1452 4670 1507 4726 fuit
1525 4670 1644 4742 Spiritus
1662 4690 1682 4727 s.
1700 4672 1830 4728 videlicet
1847 4673 1958 4745 linguas
1973 4674 2080 4747 igneas.
2093 4648 2114 4703 ῃ

389 4752 612 4821 distinpuendoe,
631 4774 665 4810 no
684 4759 760 4827 quod
770 4759 923 4828 proprium
941 4767 982 4812 est
994 4761 1062 4830 Dei,
1081 4763 1223 4820 tribuetur
1244 4760 1311 4816 Pari
1331 4759 1438 4816 ratione
1457 4758 1619 4828 dicendum,
1646 4759 1720 4831 quod
1744 4760 1773 4813 in
1792 4760 1884 4815 verbis
1904 4759 2010 4816 Christi
2028 4778 2081 4817 vox

387 4848 541 4894 menturae.
581 4840 659 4898 Idem
678 4845 854 4915 amplectitur
871 4844 972 4915 cupide
991 4844 1173 4905 Schmaltzius
1191 4851 1221 4905 in
1244 4865 1335 4920 aquae
1356 4864 1413 4901 nou
1440 4844 1478 4900 sit
1499 4846 1703 4918 metaphorica,
1734 4847 1783 4902 sed
1807 4847 1920 4903 denotet
1937 4854 2082 4905 externum

386 4924 494 4982 conch.
518 4926 552 4981 de
580 4927 626 4983 off.
645 4929 748 4985 Christi
769 4930 867 5002 proph.
892 4947 914 4987 c.
935 4938 959 4986 4.
985 4948 1018 4986 ac
1036 4950 1087 5004 pro
1106 4934 1155 4991 illa
1175 4954 1217 4992 er·
1244 4932 1314 4989 illud
1335 4931 1506 5005 symbolum,
1528 4951 1580 5006 per
1603 4935 1680 5005 quod
1704 4930 1823 5005 Spiritus
1841 4953 1863 4992 s.
1888 4935 1917 4988 in
1942 4935 2081 5007 baptismo

354 5079 361 5087 ⁸
385 5013 536 5084 plicatione
559 5013 641 5070 affert
663 5016 768 5072 dictum
788 5017 888 5073 Matth.
909 5023 940 5088 3,
963 5036 989 5072 v.
1018 5025 1065 5075 ll:
1087 5022 1155 5090 Ipse
1173 5024 1217 5078 ba·
1243 5020 1280 5076 ad
1307 5020 1544 5091 regenerationem
1569 5018 1721 5076 efficaciter
1744 5026 1882 5090 operatur.
1922 5020 2081 5094 ”Insuper

380 5101 501 5170 prieubit
528 5117 578 5156 sor
602 5102 715 5172 Spiritu
748 5112 847 5159 sonoto
876 5114 903 5159 et
933 5108 1004 5175 ipsse.
1050 5107 1167 5163 Socinus
1191 5111 1218 5164 in
1246 5115 1269 5165 t.
1289 5108 1456 5177 roaroloylo
1474 5106 1589 5179 Spiritui
1607 5123 1629 5161 s.
1651 5112 1763 5177 praeter
1782 5121 1891 5161 ornnem
1908 5121 2023 5164 causm
2040 5108 2079 5164 al·

384 5187 464 5257 epist
487 5187 524 5241 ad
544 5186 756 5243 Siemichoviam
779 5206 806 5260 p.
832 5196 897 5248 ete:
928 5192 963 5246 Ut
986 5193 1144 5248 doctissimi
1164 5196 1219 5249 oiri
1241 5192 1405 5266 tingeretur,
1427 5212 1459 5247 eu
1479 5210 1555 5263 eqrso
1576 5202 1602 5247 et
1623 5194 1748 5263 Spiritu,
1765 5192 1795 5247 id
1814 5199 1856 5249 est
1873 5208 1907 5248 er
1926 5194 2035 5265 Spiritu
2052 5199 2079 5252 et

378 5273 502 5344 plurimi
524 5281 587 5327 onte
618 5290 660 5327 me
691 5269 966 5342 animaduerterunt,
997 5278 1126 5334 Cierium
1157 5297 1216 5336 nna
1242 5279 1360 5352 Spiritu3
1380 5279 1667 5346 hdemonstrandum,
1684 5293 1781 5335 vocem
1801 5294 1892 5349 oquae
1908 5280 1985 5338 uude
1996 5283 2079 5353 juxta

381 5358 449 5413 Jot.
467 5361 500 5428 3,
523 5377 547 5413 v.
570 5365 595 5414 5.
622 5377 725 5428 equum
751 5362 890 5430 nominet,
916 5382 971 5416 non
990 5365 1124 5435 inteiligit
1147 5368 1217 5421 burc
1242 5366 1375 5437 spiritum
1411 5365 1531 5437 positam
1566 5365 1699 5421 denotare
1728 5365 1862 5437 Spiritum
1891 5384 1914 5424 s.
1961 5367 2077 5425 Nullum

382 5451 521 5497 emenone
545 5458 662 5515 oqrrom,
688 5462 738 5499 nec
763 5445 878 5515 aliquid
902 5465 933 5501 re
960 5451 1179 5519 ipsu-diuersum
1197 5468 1216 5506 e
1241 5451 1396 5523 exemplum
1411 5449 1529 5523 proferri
1546 5458 1653 5522 potest3
1672 5459 1696 5508 3.
1714 5468 1805 5524 aquae
1822 5453 1926 5510 mentio
1946 5471 2004 5509 non
2021 5454 2076 5510 cln-

384 5528 509 5599 Sps'ritu,
539 5548 619 5601 quem
638 5530 769 5585 similiter
781 5532 850 5588 ibid.
870 5536 1012 5605 nominet,
1041 5540 1214 5605 quemeoino·
1239 5538 1353 5607 riorem,
1381 5538 1431 5594 sed
1455 5535 1642 5595 obscuriorem
1658 5539 1826 5594 reddidisset
1845 5539 1948 5595 Christi
1967 5549 2074 5597 sentcn-

343 5611 346 5618 '
381 5616 449 5668 dum
475 5619 620 5686 sequentia
649 5619 733 5672 uerbo
768 5618 911 5689 indicent,
947 5623 977 5675 in
1005 5624 1103 5692 quibus
1137 5624 1322 5693 unitoriam,
1347 5623 1371 5678 si
1395 5623 1430 5679 de
1454 5622 1514 5677 solo
1538 5625 1645 5698 Spiritu
1663 5625 1774 5697 egisset.
1810 5626 1839 5684 Si
1859 5624 2018 5683 custnani
2036 5628 2074 5682 its

377 5718 499 5769 prorsus
522 5717 614 5774 aquea
634 5705 771 5760 mentione
792 5706 874 5770 seete
890 5700 1014 5774 Spiritu
1036 5717 1144 5763 tontum
1159 5725 1214 5765 ne·
1238 5709 1409 5782 perrexerint
1428 5706 1600 5782 scripturam
1617 5710 1770 5781 depravare
1788 5718 1816 5767 et
1834 5713 2010 5785 detorquere,
2026 5728 2073 5788 pa·

378 5785 507 5839 minist*
1237 5814 1299 5852 rum
1317 5795 1416 5861 aberit,
1435 5795 1504 5866 quin
1521 5794 1690 5868 baptismum
1708 5812 1800 5871 aquae
1815 5798 1845 5854 in
1863 5805 1954 5855 totum
1971 5803 2073 5873 nunt
