4800 6659
916 604 967 661 DE
987 602 1109 663 SAORO
1125 601 1327 664 nmmum.
1909 618 1971 676 263

263 767 364 829 ratur,
388 757 464 834 quod
484 761 561 818 Deus
578 763 682 833 primos
700 769 830 834 parentes
851 762 973 818 induerit
990 760 1109 816 metibus
1138 761 1236 813 suadis
1262 761 1424 831 incolumis,
1455 763 1590 832 Aepyptii
1609 780 1674 818 esra
1695 771 1838 833 superum
1863 766 1973 819 damur·

259 848 414 916 pelliceis,
446 848 549 921 quibus
585 849 697 904 nuditas
729 851 850 920 ipsorum
879 856 1027 920 tegeretur.
1064 847 1109 916 (ld
1136 852 1240 913 puntur
1258 848 1287 899 in
1305 848 1443 915 abyssum.
1478 847 1667 903 Tertullianus
1685 848 1732 903 lib.
1752 848 1787 903 ds
1802 848 1895 921 bapt:
1914 851 1970 904 Po·

262 934 385 1005 quidam
410 935 448 989 ad
472 933 641 1006 baptismum
666 937 807 1004 referunt,
837 936 865 989 in
892 952 947 1007 quo
968 934 1109 989 Christum
1131 931 1221 999 palas
1238 934 1275 985 dc
1292 933 1419 1002 Aepppto
1438 935 1524 988 libere
1537 936 1682 1004 mpeditus
1694 935 1749 987 uim
1760 936 1836 1005 repis
1848 936 1972 1006 Aepypti

262 1022 416 1074 immas
433 1020 496 1076 Gal.
510 1026 534 1090 3,
550 1040 575 1076 v.
588 1027 630 1078 27.
648 1040 684 1078 ns
701 1030 836 1092 appareat
850 1010 1002 1092 spiritualis
1014 1028 1109 1076 nostra
1131 1034 1186 1085 par
1206 1034 1308 1086 aquam
1329 1028 1522 1088 isemerinus
1542 1022 1650 1085 evadit,
1679 1022 1771 1091 ipsam
1793 1039 1886 1091 reram
1908 1040 1970 1076 cum

261 1107 384 1162 nuditas
404 1124 497 1163 coram
520 1108 595 1172 Deo,
630 1109 746 1179 Apocal.
767 1115 798 1177 3,
825 1127 851 1164 v.
879 1110 930 1171 18.)
965 1107 1065 1163 Genus.
1084 1113 1107 1162 6.
1135 1106 1201 1157 totis
1219 1106 1309 1174 copiis
1328 1124 1404 1176 amaa
1424 1109 1567 1173 exstinxit,
1587 1126 1659 1178 nusae
1679 1111 1774 1176 sipara
1792 1101 1970 1173 manifestior

260 1199 295 1247 et
314 1199 338 1248 7,
363 1193 530 1249 describitur
548 1195 699 1260 diluvium,
718 1195 791 1266 qued
810 1194 941 1265 baptismi
959 1193 1044 1249 fuisse
1063 1199 1107 1265 ty·
1135 1188 1164 1240 in
1188 1190 1322 1258 baptismi
1342 1196 1538 1248 sacramento!
1567 1195 1726 1248 biberentur
1749 1197 1785 1248 dc
1807 1197 1900 1249 secubo
1920 1215 1969 1250 na·

261 1296 336 1349 pum
356 1279 486 1350 superius
504 1279 654 1335 docuimus.
691 1279 892 1348 (Tertullianus
910 1280 957 1336 lib.
978 1280 1013 1334 de
1032 1279 1107 1350 bapt
1133 1274 1223 1328 tiones
1238 1294 1294 1345 per
1313 1296 1415 1347 aquam
1432 1281 1540 1334 scilicet
1557 1289 1583 1335 et
1602 1282 1747 1335 diabolum
1766 1281 1969 1336 dominatorem

260 1364 407 1419 diluvium
426 1372 509 1420 vocat
527 1366 694 1434 baptismum
712 1367 831 1431 usundi.)
858 1365 968 1431 ‚Genea
985 1371 1015 1429 8,
1038 1384 1063 1419 v.
1082 1370 1106 1420 8.
1133 1362 1284 1427 urbanum
1309 1365 1339 1416 in
1364 1383 1440 1432 aqna
1465 1384 1629 1436 oppressum
1656 1366 1861 1436 derelinquunt.
1898 1365 1969 1422 Cou-

261 1450 403 1519 [εἰει-ιω,
434 1450 508 1521 quod
535 1451 615 1507 Neah
640 1457 763 1522 tempere
788 1452 886 1506 diluvii
910 1453 940 1509 in
957 1469 1023 1507 eree
1043 1469 1107 1507 eeu·
1134 1445 1240 1501 feratur
1266 1448 1452 1520 Hieronymus
1479 1453 1558 1522 epist.
1585 1458 1625 1509 83.
1633 1454 1664 1488 *⁸
1701 1452 1863 1506 Ambrosius
1883 1452 1918 1507 ds
1935 1453 1969 1508 iis

261 1544 397 1592 semna
425 1537 520 1606 fuerit,
550 1538 681 1609 quodque
707 1539 737 1593 in
762 1538 853 1593 laeum
881 1539 955 1595 cervi
984 1557 1016 1594 er
1043 1555 1108 1593 eree
1135 1532 1182 1603 qui
1201 1532 1346 1589 initiantur
1363 1538 1502 1608 mysteriis
1520 1555 1581 1608 cap.
1601 1545 1625 1593 3.
1645 1546 1710 1592 tom
1729 1544 1753 1593 4.
1772 1556 1799 1608 p.
1818 1544 1883 1593 422:
1908 1542 1968 1594 Ad·
2032 1562 2036 1580 ι

262 1623 364 1678 emissi
387 1623 518 1678 columbe
541 1623 639 1678 felium
661 1623 751 1679 elivne
769 1631 882 1694 perteus
903 1624 1023 1680 redierit,
1060 1625 1107 1694 (Id
1133 1620 1225 1686 certis,
1244 1624 1322 1688 quod
1338 1623 1368 1675 in
1386 1624 1437 1676 illo
1458 1625 1652 1678 Habracomm
1670 1626 1792 1678 transitu
1811 1633 1876 1678 tunc
1893 1628 1971 1680 sacri

216 1721 248 1765 ts.
262 1709 373 1764 Petrus
398 1718 421 1765 1.
446 1709 525 1779 epist.
544 1715 574 1773 3,
599 1728 623 1765 v.
643 1716 683 1766 21.
707 1711 743 1765 ad
767 1711 935 1782 baptismum
955 1728 1106 1767 accommo
1135 1706 1311 1773 baptismatis
1330 1710 1429 1776 fipura
1452 1713 1651 1778 praecesserit,
1676 1712 1706 1764 in
1735 1729 1789 1781 qvo
1813 1712 1969 1781 44611Ρί1141

263 1796 325 1850 dat.
364 1795 604 1862 Quemadmodum
623 1796 664 1850 illi
682 1797 770 1851 solum
788 1797 817 1851 in
837 1798 942 1853 diluvio
960 1799 1107 1854 eervabun-
1131 1792 1209 1860 perii
1228 1800 1253 1845 eb
1274 1793 1420 1846 Hebraeus
1445 1798 1538 1852 evasii.
1576 1795 1652 1859 Quid
1675 1799 1747 1850 ellim
1768 1797 1851 1851 aliud
1869 1800 1898 1851 in
1917 1800 1968 1852 hoc

263 1890 322 1950 tur,
340 1883 392 1953 qui
409 1882 439 1936 iu
455 1898 521 1937 eree
538 1889 626 1951 erent,
644 1882 742 1953 reliqui
764 1901 858 1939 omnes
878 1885 958 1956 equis
978 1883 1106 1940 ebserbe-
1134 1878 1259 1946 quotidie
1277 1890 1453 1936 sacramento
1472 1885 1617 1951 docemur,
1638 1886 1695 1938 nisi
1710 1886 1777 1954 quia
1795 1885 1881 1954 culpm
1898 1903 1968 1938 mer-

266 1969 389 2037 barium
415 1968 454 2023 its
479 1986 590 2039 quoque
609 1985 659 2039 per
676 1969 844 2039 baptismum
862 1970 1005 2026 reddimur
1022 1986 1105 2024 mem·
1132 1964 1209 2031 pina
1228 1973 1255 2017 ct
1272 1983 1352 2019 error
1371 1968 1510 2035 aboletur,
1532 1972 1628 2038 pietas
1654 1979 1745 2024 amem
1762 1979 1789 2024 et
1809 1972 1969 2026 innocentia

264 2054 319 2109 bra
337 2054 485 2123 ecclcsiae,
512 2053 541 2108 in
562 2071 619 2124 qua
641 2057 676 2109 ad
696 2055 782 2110 vitam
800 2062 941 2111 aeternam
962 2073 1105 2111 conserve-
1133 2057 1191 2102 tota
1209 2053 1387 2118 persnaasitt
1421 2055 1524 2122 Audis,
1542 2057 1610 2126 quia
1629 2059 1680 2110 sub
1695 2058 1766 2111 nube
1784 2059 1899 2120 suerunt
1913 2076 1968 2127 pa·

265 2158 344 2204 mnrr
374 2140 441 2211 quin
467 2146 496 2194 et
513 2139 654 2195 infernalis
672 2158 785 2209 nervus,
811 2141 952 2197 diabolum
971 2142 1105 2214 intellige,
1133 2143 1188 2188 tres
1204 2137 1301 2193 nostri.
1337 2140 1376 2191 Et
1395 2141 1466 2193 bona
1485 2143 1584 2211 nubes,
1608 2161 1680 2212 quac
1705 2143 1863 2197 carnalium
1882 2145 1967 2208 refri-

265 2243 285 2280 ι
302 2226 455 2296 baptizetis
475 2226 604 2281 recedere
624 2227 741 2297 cogitur,
759 2234 856 2283 contre
870 2245 934 2283 vero
946 2227 1066 2298 Spiritus
1081 2246 1104 2284 s,
1133 2222 1242 2289 permitit
1258 2223 1391 2277 incendia
1405 2228 1579 2293 passionum.
1615 2230 1700 2281 Bona
1712 2230 1798 2281 nubes
1814 2229 1967 2299 obumbrat,

266 2313 366 2378 denir,
398 2311 447 2383 qui
478 2311 561 2367 effert
581 2313 757 2367 conscientiis
783 2330 882 2383 penem
907 2321 936 2369 et
962 2313 1105 2384 genuinis,
1133 2324 1203 2375 quos
1220 2310 1318 2361 revisit
1339 2309 1464 2378 Spiritus
1480 2322 1609 2383 sanctus;
1631 2314 1749 2382 denique
1768 2316 1925 2384 superuenit
1938 2316 1968 2368 in

269 2399 504 2471 quemadmodum
527 2399 557 2454 iu
573 2399 711 2469 baptismo
729 2400 831 2455 Christi
848 2402 877 2455 in
894 2401 986 2473 figure
1002 2401 1105 2456 uelum.
1134 2394 1264 2447 blaciam
1283 2396 1419 2461 sirpincm
1438 2406 1464 2450 ct
1481 2398 1569 2452 uirtus
1588 2400 1721 2453 cassini·
1743 2401 1915 2455 obumbravit
1933 2404 1967 2467 ei,

268 2487 321 2542 bes
348 2485 552 2556 descendebat,
575 2487 674 2543 Martii,
693 2493 723 2554 3,
748 2504 773 2543 v,
793 2493 832 2542 16,
851 2496 902 2543 ete,
938 2488 1017 2545 Sient
1040 2504 1106 2542 eree
1134 2481 1266 2549 quoniam
1283 2482 1481 2536 redemtionem
1501 2485 1577 2552 penti
1594 2486 1689 2554 penuit
1705 2487 1853 2540 humanas.
1881 2485 1967 2558 Chry·

269 2572 347 2629 Neue
366 2571 451 2626 solius
465 2571 519 2627 Dei
537 2589 620 2627 menn
638 2573 666 2626 in
683 2573 781 2628 mediis
798 2573 926 2644 proeellis
944 2581 1106 2629 conservus
1134 2572 1271 2621 sostomus
1291 2567 1319 2621 in
1338 2568 1443 2623 dictum
1463 2570 1546 2624 Pauli
1567 2577 1590 2626 1.
1610 2571 1732 2626 Corinth.
1756 2579 1793 2628 tu.
1829 2573 1899 2630 Nolo
1919 2590 1968 2628 vos

267 2657 333 2727 iuitr
352 2658 394 2714 sic
412 2658 548 2729 baptizati
566 2659 596 2713 in
612 2659 992 2730 ecclesiuinterprocellosos
1005 2661 1105 2716 fluctm
1133 2653 1263 2724 igllfflare
1282 2659 1347 2708 eit-2
1379 2655 1405 2707 Τ
1402 2657 1527 2709 1110814141
1546 2657 1594 2711 ῑῑὶθ
1612 2659 1790 2712 Juaaeaam
1806 2661 1902 2723 futuri
1921 2661 1966 2713 ba·

269 2744 354 2799 solius
377 2744 432 2800 Dei
455 2762 540 2800 mann
563 2750 754 2800 sustentantur
779 2752 807 2800 et
826 2746 975 2817 halcyonis
991 2745 1104 2802 habent.
1129 2740 1232 2807 ptumi
1263 2747 1345 2809 typus
1378 2750 1446 2795 erat.
1487 2744 1564 2796 Nam
1591 2745 1632 2798 ibi
1658 2762 1734 2814 amsa
1761 2753 1787 2797 et
1814 2746 1859 2799 bic
1884 2764 1968 2816 amia.

270 2830 349 2887 Sicut
368 2847 434 2885 arca
452 2830 580 2887 Noshum
598 2839 626 2885 et
644 2831 764 2902 reliquos
781 2849 799 2886 a
817 2839 890 2887 terra
909 2832 1041 2901 elevavitr
1065 2833 1104 2888 sic
1134 2827 1294 2878 aevaeum
1312 2827 1358 2880 bit·
1377 2836 1403 2879 tt
1420 2829 1461 2881 ibi
1469 2829 1598 2897 pelanus.
1636 2832 1737 2884 Omnes
1756 2832 1801 2884 bic
1818 2832 1849 2885 in
1867 2851 1969 2901 epitom

271 2916 426 2988 bsptismus
442 2934 461 2972 e
480 2918 597 2974 terrenis
614 2918 651 2972 ed
668 2920 812 2988 superiora
831 2936 882 2972 nes
897 2917 1027 2973 subvehit
1041 2920 1105 2986 stu)
1132 2913 1333 2981 inpradiuntur
1351 2923 1377 2966 ct
1394 2915 1434 2966 ibi
1449 2933 1552 2983 omncs.
1587 2917 1636 2970 Ibi
1652 2918 1764 2986 quidem
1783 2917 1897 2973 liberati
1906 2928 1970 2974 eim

216 3040 218 3047 .
271 3003 369 3060 Gensu
390 3010 431 3060 η
453 3003 623 3075 praeripitur
646 3002 779 3058 Abruhue
805 3005 988 3060 assumam,
1025 3005 1105 3073 (Eum
1133 3013 1166 3049 ca
1183 2997 1326 3068 Aepypto,
1351 3001 1396 3053 bic
1415 3008 1507 3054 autem
1528 3002 1564 3055 ab
1581 3003 1757 3059 idololatria.
1794 3005 1833 3057 Et
1852 3005 1892 3058 ibi
1910 3007 1970 3075 qui·

216 3108 218 3119 ·
271 3089 400 3161 baptismi
422 3094 521 3161 typum
538 3089 625 3145 fuisse
643 3090 725 3144 ducet
743 3089 885 3160 apostolus
905 3089 963 3144 Col„
980 3096 1005 3153 2,
1023 3106 1050 3144 v,
1065 3095 1104 3146 11,
1133 3085 1195 3136 dem
1212 3085 1330 3138 Pharao
1347 3086 1504 3139 submersus
1524 3096 1571 3153 est,
1590 3089 1635 3141 bt'c
1655 3098 1747 3143 auiam
1761 3091 1909 3160 diabobus;
1930 3092 1971 3146 t'bt'

272 3176 394 3231 membra
418 3174 631 3245 comparationis
653 3174 847 3246 proposuimus
867 3175 1003 3247 superius.
1038 3176 1105 3247 Epi·
1133 3172 1269 3240 Aruerni
1284 3172 1421 3226 submersi
1436 3182 1513 3243 sunt;
1538 3175 1583 3228 bic
1601 3183 1693 3228 antem
1711 3183 1789 3229 octus
1806 3177 1887 3230 bomo
1902 3194 1969 3246 pec·

271 3262 387 3332 phanias
406 3269 503 3316 conus
527 3261 735 3316 Cerinthianos:
764 3261 907 3332 διήρκεσεν
930 3260 946 3331 ἡ
972 3260 1105 3332 περιτομὴ
1134 3258 1207 3310 eatis
1225 3258 1372 3323 defoditur
1393 3263 1444 3314 etc.
1485 3260 1660 3331 Augustinus
1682 3268 1762 3318 tract.
1784 3268 1824 3318 11.
1838 3262 1873 3324 in
1891 3263 1969 3319 boba

270 3350 361 3421 χρόνῳ
375 3347 660 3422 ὑηερετήσασαὶἕωςῆ
672 3353 773 3418 μείζων
787 3349 919 3420 περιτομὴ
931 3354 1106 3420 παρεγένετο,
1134 3342 1262 3396 Christus
1291 3361 1348 3412 pet·
1378 3345 1544 3414 bapit'tmttm
1576 3365 1654 3400 31111111
1683 3350 1795 3418 trajecit
1825 3351 1970 3404 Credentes

274 3437 411 3491 ssis'iarl
424 3434 586 3506 τὸλοῦτρον
600 3436 877 3506 rirnnleyysrsatar.
908 3437 1033 3490 Duravit
1051 3436 1105 3490 cir·
1133 3430 1233 3483 actius
1257 3431 1383 3483 omuibus
1404 3435 1531 3501 peccatis
1559 3442 1692 3504 tarsquam
1719 3437 1844 3490 hostibus
1875 3454 1969 3490 carue

273 3523 403 3579 cumcisio
421 3521 542 3591 tempori
557 3520 693 3590 sarriens,
713 3525 801 3576 dmtcc
819 3525 912 3592 major
930 3524 1105 3577 circumcisio
1133 3517 1293 3585 quantun,
1319 3518 1391 3572 sicut
1408 3519 1438 3571 in
1457 3519 1508 3573 illo
1525 3522 1600 3573 mari
1617 3540 1710 3575 omncs
1727 3525 1862 3592 Aeppptii
1874 3524 1968 3593 perie-

273 3611 440 3677 suaccderet,
456 3608 508 3662 boc
526 3609 722 3662 suberectum
736 3609 977 3676 repererationrb.)
1002 3607 1104 3665 Gener.
1132 3612 1206 3657 runt·
1243 3602 1434 3659 Dammceuuu
1457 3605 1506 3661 lib.
1527 3612 1551 3661 4.
1576 3607 1683 3662 orthod.
1708 3608 1754 3664 fid.
1779 3626 1802 3666 c.
1825 3618 1867 3666 lu:
1895 3610 1969 3686 σύμ-

276 3702 312 3767 24,
330 3714 357 3750 r.
375 3700 419 3751 43.
453 3693 583 3750 Rebecca
601 3695 677 3748 circa
694 3694 803 3756 sontem
821 3694 925 3748 Isaacc
938 3714 1105 3764 sponsasse
1132 3693 1216 3759 βολον
1234 3689 1250 3758 ἡ
1267 3691 1322 3759 μὲν
1340 3696 1443 3763 νεφέλη
1463 3694 1510 3746 τοῦ
1522 3693 1686 3768 πνεύματος,
1704 3695 1862 3763 ibituaan
1874 3698 1906 3752 di
1918 3702 1968 3752 τοῦ

276 3784 431 3838 adductam.
469 3780 525 3849 (Ita
543 3797 594 3852 per
612 3781 752 3835 lavacrum
772 3780 903 3849 baptismi
918 3780 1028 3836 Christo
1045 3799 1105 3837 coe·
1133 3773 1253 3844 ὕδατος.)
1289 3775 1374 3830 Erod.
1398 3785 1437 3841 15,
1456 3796 1481 3835 v.
1503 3785 1544 3836 25.
1562 3797 1652 3850 aquae
1670 3782 1700 3835 iu
1716 3782 1796 3838 Mara
1814 3783 2061 3843 redduntururs

276 3869 332 3926 lem
358 3884 462 3940 sponso
487 3865 652 3921 adducimur·
676 3868 756 3937 eique
780 3884 830 3936 per
854 3866 937 3921 fidem
962 3868 1106 3939 conjungi.
1133 3862 1228 3916 dulces
1253 3864 1331 3932 119110
1353 3866 1475 3930 quodam
1496 3866 1631 3919 divinitus
1656 3875 1764 3920 obiendo
1783 3885 1834 3937 per
1851 3868 1968 3939 Moysen

276 3957 352 4022 nur.)
385 3953 477 4009 Exod.
497 3958 543 4019 13,
561 3969 585 4007 v.
602 3953 667 4009 ult:
696 3953 836 4006 Dominus
853 3955 1042 4021 praecedebat
1060 3956 1105 4009 Is·
1132 3946 1229 4001 iisdem
1252 3946 1366 4018 injecto,
1391 3949 1493 4020 quibus
1516 3949 1706 4006 Israblitarum
1730 3953 1791 4007 sitis
1810 3954 1838 4007 in
1859 3954 1968 4009 deserto

276 4043 389 4095 ruditas
408 4043 450 4094 ad
469 4041 670 4094 ostendendum
690 4040 764 4091 aiam
784 4038 814 4091 in
833 4040 943 4092 siccato
957 4058 1013 4109 per
1031 4041 1106 4094 diem
1132 4032 1247 4091 tollitur.
1282 4033 1419 4102 (Christus
1437 4037 1543 4103 lienum
1563 4038 1639 4091 iliud
1655 4040 1730 4092 uitae
1743 4039 1829 4109 Apoc.
1844 4045 1889 4104 22,
1903 4059 1928 4096 v,
1943 4046 1967 4097 2.

277 4129 302 4181 is
325 4129 456 4183 columna
483 4126 580 4195 nubis,
605 4142 661 4194 per
689 4133 795 4178 noctem
819 4126 849 4177 in
873 4126 1004 4179 columna
1023 4127 1105 4195 ipsis.
1133 4137 1197 4174 cum
1215 4119 1289 4173 omni
1309 4137 1358 4173 suo
1376 4122 1472 4175 merito
1492 4141 1553 4178 sese
1573 4124 1602 4177 in
1620 4124 1751 4195 baptismi
1771 4141 1872 4196 aquam
1891 4127 1968 4182 velut

279 4213 377 4279 (Nubes
394 4211 566 4285 praefigurat
583 4216 784 4266 sacramentum
797 4210 942 4282 baptismi,
959 4211 1033 4283 ignis
1045 4231 1106 4268 eoe-
1134 4205 1272 4273 immittit,
1292 4205 1356 4260 inde
1372 4205 1404 4261 fit
1421 4209 1550 4263 salutaris
1567 4226 1642 4281 aqua
1660 4210 1798 4280 spirituali
1814 4212 1967 4267 animarum

280 4317 336 4355 uam
354 4298 543 4369 Dominicam,
571 4305 593 4354 1.
610 4297 670 4352 Cor.
693 4305 736 4361 10,
761 4314 787 4350 v.
809 4303 832 4352 1.
856 4314 907 4366 per
932 4304 1107 4353 recrementa
1133 4292 1178 4346 siti
1197 4291 1337 4347 tollendae
1355 4295 1504 4351 commoda
1539 4295 1704 4351 Ambrosius
1727 4296 1761 4351 de
1779 4297 1825 4365 iis,
1851 4299 1898 4370 qui
1919 4299 1970 4353 ini-

280 4391 305 4440 0
318 4387 406 4442 lucem
421 4392 450 4440 st
462 4383 655 4439 umbraculum
666 4383 743 4438 Deus
756 4383 836 4438 nobis
848 4389 978 4454 praestat.
1002 4383 1105 4438 Psalm.
1133 4381 1238 4433 tiantur
1255 4387 1367 4449 myster.
1388 4397 1411 4433 e.
1433 4386 1456 4435 3.
1476 4389 1539 4453 post
1555 4382 1691 4437 medium:
1710 4385 1796 4453 Aqua
1813 4387 1873 4438 sinc
1883 4403 1969 4456 pras-

282 4475 318 4539 st
331 4490 355 4528 r.
375 4476 422 4527 12:
455 4470 508 4526 sot
525 4477 551 4524 ct
566 4471 680 4539 cirpea
701 4477 741 4521 cst
760 4470 919 4532 Dominus.)
955 4470 1043 4526 Exod,
1066 4475 1106 4526 14,
1134 4467 1276 4519 dicationc
1299 4467 1468 4520 Dominicac
1490 4470 1581 4522 crucia
1600 4472 1640 4522 ad
1657 4470 1751 4523 nullas
1769 4489 1835 4523 usus
1846 4474 1969 4539 suturas

283 4555 436 4613 lambitur
459 4556 594 4610 transitus
610 4555 810 4609 Israb'iitarum
826 4573 880 4624 pcr
897 4573 976 4609 mare
992 4556 1107 4609 rubrum
1134 4552 1236 4605 salutis
1255 4561 1302 4604 est.
1340 4551 1407 4605 Cum
1431 4570 1495 4606 vero
1521 4555 1660 4608 salutaris
1680 4557 1772 4621 fucrit
1794 4559 1886 4612 crucis
1912 4577 1970 4628 mp-

285 4642 406 4699 munem
433 4641 544 4697 interim
569 4640 714 4697 Pharaone
742 4647 858 4714 totoque
882 4642 955 4697 illius
976 4642 1106 4700 exercitu,
1132 4640 1217 4693 sterio
1235 4647 1412 4707 consecrata,
1440 4647 1504 4692 tunc
1523 4642 1564 4692 ad
1581 4660 1661 4693 suum
1680 4642 1842 4710 spiritualis
1861 4645 1972 4700 lavacri

285 4727 367 4794 illunc
391 4734 492 4801 typum
518 4727 658 4799 spostolus
681 4734 703 4783 1.
722 4727 785 4782 Cor.
806 4734 846 4793 10,
863 4745 888 4784 v.
909 4734 933 4783 2.
954 4744 1107 4783 aceommo·
1134 4733 1158 4777 ct
1176 4725 1317 4779 satutmis
1329 4726 1431 4793 proculi
1447 4735 1626 4794 temperatur.
1665 4727 1743 4782 Sicut
1761 4747 1827 4796 erpo
1845 4733 1970 4787 initium

286 4813 327 4869 <lat
344 4815 377 4870 sd
397 4814 581 4887 baptismum
608 4814 732 4868 membra
750 4814 963 4885 comparationis
982 4814 1108 4884 exposita
1127 4812 1240 4879 sornam
1260 4813 1375 4879 Moyses
1391 4812 1467 4864 misit
1488 4813 1607 4882 lienum,
1627 4815 1679 4867 boc
1697 4823 1738 4868 est
1754 4818 1908 4886 propbeta;
1928 4821 1970 4874 ita

286 4900 485 4973 maturatius.
514 4899 672 4973 Cyprianus
685 4899 732 4954 lib.
745 4908 769 4956 4.
784 4900 863 4970 epist
875 4907 898 4955 7.
911 4899 948 4954 ad
960 4899 1108 4970 Magnum:
1135 4905 1160 4950 ct
1181 4899 1211 4951 in
1228 4898 1299 4950 bunc
1313 4900 1427 4965 sontem
1449 4900 1583 4952 sacados
1603 4900 1850 4969 praedicationem
1870 4890 1969 4958 Domi-

287 4986 318 5040 In
336 4987 468 5058 baptismo
495 5004 588 5042 munes
613 4986 755 5056 nequitiae
779 4986 852 5038 uires
877 4985 1009 5039 diabobus
1027 4987 1108 5040 amit·
1134 4985 1215 5037 nicae
1242 4985 1334 5037 crucis
1360 4986 1445 5038 mittit
1463 4992 1495 5038 ,et
1515 5004 1590 5055 aqna
1608 4988 1645 5056 fit
1663 4987 1756 5041 dulcis
1773 4991 1814 5041 ad
1829 4991 1970 5057 qratiam.)

287 5073 329 5140 atr
356 5075 431 5144 quad
458 5073 612 5143 exemplum
637 5074 778 5126 cernimus
803 5071 833 5125 in
857 5087 923 5141 repe
947 5072 1108 5140 Pbaraonc‚
1134 5071 1223 5125 Exod.
1245 5077 1290 5137 11,
1307 5087 1333 5123 v.
1353 5075 1375 5124 a.
1403 5087 1477 5140 aqua
1500 5079 1636 5140 carpetra
1657 5073 1763 5144 Moysis
1784 5073 1884 5128 baculo
1908 5093 1969 5146 per·

287 5160 329 5227 nui
352 5161 401 5214 diu
430 5160 584 5215 reluctatus
612 5167 637 5212 et
661 5161 690 5212 in
717 5166 777 5211 sua‘¹
793 5156 922 5226 perfidia
946 5158 1108 5211 demaratus
1135 5173 1218 5211 cussa
1242 5154 1362 5210 ubertim
1386 5163 1513 5220 emanat,
1544 5175 1600 5228 qua
1624 5160 1766 5215 Israiilitae
1784 5160 1813 5214 in
1830 5160 1888 5214 vita
1906 5178 1969 5216 con·

288 5251 335 5299 aa
355 5247 406 5301 diu
427 5247 558 5301 resistere
581 5245 677 5315 potuit
703 5251 729 5296 ct
749 5242 932 5311 praevatere,
963 5245 1052 5297 donec
1069 5246 1109 5296 ad
1135 5251 1288 5299 servantur.
1323 5244 1419 5311 (Petra
1443 5243 1492 5298 illa
1519 5245 1672 5301 denotabat
1698 5247 1838 5302 Christum
1867 5256 1887 5304 1.
1908 5247 1970 5303 Cor.

288 5347 377 5400 mnam
399 5334 518 5395 vaura,
544 5346 597 5400 pua
618 5349 678 5384 cum
697 5331 830 5396 venisset,
856 5331 944 5383 victua
961 5338 1001 5384 est
1020 5337 1045 5383 et
1063 5347 1108 5383 cs·
1138 5337 1184 5399 10,
1204 5348 1229 5385 v.
1249 5337 1274 5385 4.
1299 5347 1332 5384 ex
1352 5331 1432 5400 cujus
1454 5330 1540 5385 latere
1558 5332 1690 5402 profluxit
1711 5334 1827 5402 sanquis
1845 5343 1870 5387 et
1887 5352 1971 5403 apua.

287 5420 395 5472 dimna.
431 5418 519 5472 Marc
543 5425 634 5472 autem
657 5417 735 5470 iilud
751 5424 958 5469 sacramentum
976 5417 1110 5488 baptismi
1135 5416 1199 5471 boh.
1220 5423 1267 5483 19,
1287 5434 1312 5470 v.
1332 5422 1373 5471 34.
1391 5416 1504 5486 gemina
1525 5417 1575 5472 illa
1592 5418 1625 5474 N.
1644 5419 1678 5475 T.
1698 5428 1886 5488 sacramenta,
1913 5420 1972 5492 qui·

287 5503 364 5564 111111
400 5504 531 5559 declarat
561 5502 706 5572 apostolus
736 5501 846 5554 Paulus
877 5501 993 5555 dicens:
1033 5505 1108 5558 Nolo
1136 5503 1189 5557 bus
1217 5503 1253 5556 ad
1280 5502 1367 5556 vitam
1399 5510 1540 5558 aeternam
1569 5504 1629 5560 Deo
1664 5503 1805 5574 colligitur
1835 5505 1973 5573 ecclesia.)

288 5591 348 5644 cnm
370 5609 420 5644 ros
441 5590 576 5660 ipnorars
598 5590 709 5656 fratres
734 5594 785 5644 etc.
823 5585 996 5657 *torigenes
1015 5589 1108 5644 homil.
1137 5587 1224 5643 Exod.
1247 5593 1292 5652 30,
1310 5605 1335 5641 v.
1357 5593 1397 5644 18.
1433 5605 1456 5643 c.
1473 5594 1522 5657 38,
1549 5608 1575 5644 v.
1595 5595 1617 5645 8.
1653 5608 1675 5644 c
1696 5595 1743 5658 40,
1763 5608 1790 5646 r.
1811 5596 1835 5644 ’1.
1857 5590 1974 5660 jubetur

287 5680 306 5731 i.
327 5676 355 5732 iu
379 5676 482 5732 Eroti:
517 5676 561 5728 Ta
589 5676 742 5745 baptizaris
772 5676 803 5727 in
832 5692 908 5742 acria
937 5682 962 5725 ct
990 5674 1019 5727 in
1046 5676 1110 5745 ὅρι’·
1136 5674 1195 5729 fieri
1222 5674 1331 5727 labrum
1356 5691 1471 5728 aeneum
1493 5695 1554 5728 cum
1576 5676 1639 5728 basi
1659 5694 1725 5740 sua,
1752 5676 1880 5745 idemque
1897 5695 1974 5746 aprsa

287 5763 334 5816 ritu
349 5770 454 5819 sancto.
493 5761 590 5830 Scias,
628 5761 763 5814 insectari
786 5769 811 5814 te
829 5761 999 5830 Aepyptios‚
1023 5759 1111 5816 idest
1137 5761 1253 5829 impiari
1275 5778 1309 5813 ac
1333 5761 1473 5814 collocari
1493 5764 1565 5814 inter
1588 5758 1798 5815 tabensamdum
1822 5779 1973 5833 conprcpa·

285 5849 439 5917 spirituales
458 5846 611 5918 munitius,
628 5849 680 5900 ssd
697 5855 726 5902 tu
743 5847 893 5902 ‹karendis
911 5847 942 5900 in
962 5865 1066 5916 uquam
1085 5856 1110 5900 ct
1137 5847 1222 5901 tionis
1251 5855 1276 5900 et
1290 5834 1407 5912 ‘altare
1441 5855 1471 5902 ut
1496 5850 1596 5902 Aaron
1620 5855 1646 5899 ct
1670 5847 1727 5912 filii
1748 5848 1809 5916 ejus
1829 5867 1927 5904 manus
1948 5859 1974 5904 st
