4800 6659
980 646 1032 703 DE
1052 646 1326 707 secundantis
1398 666 1400 671 ·
1929 659 1997 718 'tat

311 822 357 857 suo
378 811 514 872 tempore,
539 806 616 872 qscod
634 802 787 871 baptismus
802 809 906 855 nostro.
942 800 987 857 De
1003 818 1076 872 agno
1094 816 1142 871 ps·
1168 803 1305 875 feliciora,
1325 806 1430 863 vitun
1446 809 1566 877 majora,
1588 807 1709 863 utilitate
1726 807 1853 875 meliora,
1878 807 1944 863 inde
1960 814 2002 863 ta·

311 890 395 945 schsli
419 890 517 946 scribit
539 889 702 944 Ambrosius
724 890 754 944 in
780 894 802 944 l.
827 887 890 943 Cor.
914 894 937 943 5.
963 886 1038 958 quod
1060 886 1144 941 fuerit
1169 908 1232 946 men
1248 909 1303 947 non
1321 892 1509 959 inferendum,
1537 895 1611 966 quod
1629 900 1800 950 sscmmsnta
1817 894 1853 951 V.
1873 894 1907 949 Τ.
1924 895 2001 950 nullo

311 976 463 1046 euemplum
486 978 638 1031 salvatoris
662 983 688 1029 et
711 976 821 1044 siqnum
846 976 958 1029 saluus.
992 974 1142 1029 Anselmus
1167 977 1252 1047 plane
1271 979 1352 1034 modo
1372 979 1430 1034 sint
1449 980 1583 1045 salubria,
1605 981 1684 1035 utilis
1708 988 1737 1035 et
1758 980 1897 1043 efficacia,
1921 983 2002 1051 cnjus

310 1064 334 1117 in
355 1070 375 1117 1.
394 1062 458 1119 Cor.
478 1069 523 1119 10:
553 1063 670 1133 Siqnum
687 1062 833 1132 baptismi,
856 1063 934 1130 quod
952 1062 1080 1115 Hebraei
1096 1078 1142 1114 ac·
1167 1064 1335 1118 contrarium
1361 1066 1462 1121 diserte
1492 1068 1591 1122 statuit
1614 1067 1803 1139 Augustinus,
1830 1067 1860 1121 in
1884 1067 2000 1122 diversis

310 1157 454 1218 ceperunt,
478 1152 640 1203 tantundem
662 1148 751 1204 saluit
772 1149 815 1202 eis
838 1148 1028 1216 medentibus,
1055 1165 1141 1216 quou-
1167 1149 1255 1221 signis
1278 1169 1337 1206 rem
1359 1152 1546 1223 significatam
1568 1154 1684 1210 eandem
1706 1159 1844 1218 statuens.
1871 1170 1921 1224 per
1940 1170 1998 1208 rem

310 1244 362 1290 tum
387 1238 464 1290 calet
489 1237 569 1289 nobis
591 1237 651 1306 ipse
677 1237 835 1304 baptismus.
879 1234 923 1289 De
946 1249 1047 1288 menna
1069 1251 1142 1304 pane
1168 1251 1234 1292 vero
1251 1237 1383 1310 intelligit
1400 1240 1565 1294 sacramenti
1583 1240 1718 1308 fructum,
1735 1239 1775 1295 sic
1794 1240 1866 1295 enim
1885 1239 2000 1309 subjun-

309 1323 352 1377 illo
371 1322 488 1377 coelitus
507 1323 622 1393 depluto
641 1323 786 1394 disputans
804 1320 980 1394 Augustinus
998 1326 1078 1375 tract
1100 1326 1140 1376 26.
1167 1322 1210 1393 git
1232 1328 1342 1379 tractat.
1367 1331 1407 1380 26.
1434 1325 1463 1379 in
1485 1325 1564 1380 Jon:
1596 1327 1809 1381 Sacramentum
1837 1327 1956 1379 mmuur
1982 1344 2001 1378 a

310 1408 509 1464 inJohannem
527 1409 566 1464 alc
584 1409 693 1464 scribit:
726 1410 819 1472 Quare
837 1410 1075 1462 manducaverunt
1087 1425 1141 1477 pa·
1168 1410 1336 1478 quibusdam
1356 1414 1397 1464 ad
1413 1413 1514 1477 citam,
1532 1431 1551 1465 a
1568 1413 1734 1482 quibuisdam
1751 1416 1792 1467 ad
1811 1414 1939 1481 esitium5
1955 1429 2001 1465 res

309 1504 363 1550 tres
379 1496 467 1550 uestri
483 1503 508 1549 et
525 1497 629 1550 mortui
645 1499 730 1550 sunt?
747 1497 816 1565 quia
832 1497 909 1565 quod
927 1495 1067 1564 videbant,
1084 1510 1141 1547 cre·
1167 1512 1234 1548 uero
1251 1498 1330 1568 ipsa,
1348 1500 1430 1568 crtjus
1449 1508 1490 1553 est
1509 1509 1728 1570 samamentum,
1746 1502 1822 1554 omni
1838 1501 1945 1554 bomini
1962 1502 2003 1553 ad

311 1584 426 1652 subant,
447 1584 524 1651 quod
540 1598 596 1635 non
613 1583 759 1651 uidebant,
779 1600 835 1635 non
853 1582 1058 1649 intelliqebant,
1077 1581 1141 1633 ideo
1169 1584 1268 1647 oium,
1295 1586 1371 1638 nulli
1390 1588 1432 1639 od
1450 1588 1578 1650 esitium,
1603 1589 1758 1657 quicunque
1780 1588 1841 1656 ejus
1857 1588 2004 1657 particeps

307 1679 404 1740 patres
425 1670 520 1734 uestri,
538 1670 606 1738 quia
621 1670 728 1724 similes
742 1669 942 1723 atisillorum.
966 1669 1043 1722 Nam
1055 1684 1142 1736 quen·
1160 1670 1267 1736 feccrit.
1301 1669 1380 1725 Idem
1406 1670 1454 1726 lib.
1480 1672 1516 1726 dc
1536 1672 1640 1742 poenit.
1665 1673 1761 1728 utilit:
1790 1673 1951 1743 Quicunque
1973 1676 2004 1727 in

311 1764 365 1809 tum
379 1757 505 1825 pertinet
523 1757 633 1822 fratres
651 1757 707 1810 mei
722 1758 764 1810 ad
780 1763 894 1809 mortem
912 1756 995 1808 istam
1004 1754 1142 1808 visibilem
1169 1774 1274 1808 manna
1304 1755 1445 1809 Christum
1473 1759 1681 1828 intellexerunt,
1710 1761 1826 1812 eundem
1850 1777 1930 1829 qum
1953 1778 2005 1814 nos

311 1850 335 1895 et
361 1843 554 1912 corporalem,
580 1844 716 1911 numquid
741 1860 792 1895 nos
816 1860 872 1895 non
895 1842 1043 1909 morimur,
1068 1841 1145 1909 quod
1169 1842 1259 1894 eibum
1276 1842 1453 1910 spiritualem
1472 1848 1626 1899 comedunt.
1662 1845 1695 1898 ln
1713 1852 1830 1903 enarrat.
1846 1845 1948 1900 Psalm
1962 1853 2002 1901 77.

311 1932 513 1983 manducamus
538 1947 641 1999 panem
668 1931 704 1983 de
728 1929 804 1983 coelo
827 1929 1066 1982 descendentem!¹
1094 1926 1143 1980 Sic
1168 1945 1224 1981 non
1243 1929 1341 1998 procul
1361 1928 1397 1984 ab
1415 1914 1501 1985 init:¹
1514 1931 1595 1985 Idem
1619 1933 1713 2000 itaque
1731 1934 1760 1985 in
1777 1934 1908 2000 mysterio
1926 1934 2003 1985 citra

311 2025 371 2069 sunt
399 2018 505 2071 mortui
530 2023 557 2069 et
577 2017 639 2080 illi,
669 2017 903 2085 quemadmodum
930 2022 958 2068 et
981 2032 1033 2069 nos
1049 2031 1143 2067 sumtus
1169 2022 1194 2068 et
1210 2022 1297 2083 potus
1316 2014 1431 2069 ullorum
1450 2017 1621 2087 quinoster,·
1640 2021 1693 2071 sed
1703 2018 2002 2087 siqnqi'cationeidem,

311 2103 456 2172 morituri,
480 2110 614 2173 qrmntum
638 2104 735 2156 attinet
754 2104 795 2155 ad
811 2109 927 2156 mortem
944 2102 1028 2170 lajas
1045 2118 1142 2171 corpo·
1168 2120 1224 2155 non
1241 2102 1347 2170 specie,
1372 2103 1440 2171 quia
1459 2104 1534 2156 idem
1551 2106 1610 2173 ipsc
1631 2104 1770 2172 Ciristus,
1795 2106 1855 2158 illu
1874 2106 2003 2173 inpetro

310 2190 350 2243 ris
366 2190 504 2243 risibilem
521 2198 604 2258 atque
622 2189 774 2243 carnalem.
813 2188 952 2250 Quantum
971 2195 1064 2241 autem
1077 2204 1142 2256 per·
1162 2188 1320 2257 fleuratus,
1337 2189 1417 2241 nobis
1433 2190 1464 2242 in
1482 2207 1567 2242 carne
1585 2190 1790 2258 naonisestotus.

311 2278 378 2331 tinet
405 2279 448 2330 ad
476 2277 557 2331 allam
585 2284 718 2343 mortem,
751 2278 786 2329 de
812 2293 869 2345 qua
894 2280 979 2328 terret
996 2273 1144 2338 Dominus,
1205 2279 1246 2330 te.
1277 2274 1428 2330 Videamus
1446 2281 1611 2346 argumenta
1626 2276 1803 2341 Bellarmini,
1822 2276 1923 2347 quibus
1940 2292 2003 2332 con·
2016 2287 2088 2337 Argu-

313 2364 379 2432 quia
398 2365 505 2418 mortui
516 2371 580 2416 ssent
593 2371 809 2431 patreseorum.
840 2359 1028 2416 Manducavit
1039 2376 1142 2412 manna
1170 2365 1214 2415 tra
1230 2378 1281 2416 nos
1300 2366 1408 2433 pugnat
1426 2360 1474 2416 lib.
1495 2368 1518 2417 2.
1538 2362 1574 2416 de
1592 2379 1738 2416 sacramc
1768 2368 1813 2417 14:
1833 2362 2004 2432 Prophetae,
2018 2344 2103 2431 ῗῇῗξὲ.

313 2458 337 2504 et
357 2450 482 2519 Moyses,
499 2450 679 2504 ntanducouit
698 2468 803 2503 manna
821 2456 846 2503 et
858 2449 958 2502 Aaron
976 2451 1028 2501 etc.
1059 2446 1143 2498 Man·
1170 2446 1268 2518 inquit,
1286 2456 1311 2502 et
1329 2448 1452 2517 apostoli
1467 2448 1539 2503 miro
1557 2465 1693 2502 consensu
1702 2451 1810 2518 docent,
1826 2457 2004 2502 samomenta
2017 2443 2074 2483 ”¹¹²¹

258 2538 486 2591 ›llldueoverunt
516 2538 558 2590 ibi
577 2536 670 2600 multi,
701 2537 752 2605 qui
774 2536 896 2589 Domino
919 2534 1090 2603 placuerunt
1116 2539 1142 2585 et
1169 2542 1264 2588 uetera
1288 2552 1344 2588 non
1363 2535 1551 2604 justificasse,
1574 2553 1634 2588 curn
1655 2537 1690 2589 cle
1707 2536 1813 2589 nostris
1833 2498 2098 2595 contras-inmissis?²

313 2624 419 2679 mortui
434 2642 490 2678 nou
507 2632 579 2677 sunt.
618 2624 712 2684 Quare
736 2622 804 2691 quia
827 2621 964 2674 medalem
981 2621 1071 2675 cibum
1087 2621 1144 2690 spi·
1170 2628 1307 2676 asserant.
1332 2622 1434 2675 Prima
1446 2622 1664 2675 testimoniorum
1675 2622 2004 2691 classupetiturespro·
2016 2598 2101 2689 {2¹2

313 2711 456 2763 mtualiter
473 2711 679 2774 intellexerunt,
698 2708 888 2779 spiritualiter
906 2708 1068 2771 esurierunt,
1087 2708 1143 2776 spi·
1166 2707 1268 2777 pletis.
1304 2707 1349 2763 Ps.
1368 2713 1401 2765 39
1418 2710 1514 2777 (tur.
1528 2710 1569 2776 l):
1598 2709 1776 2778 Sacrijim'um
1794 2717 1820 2762 et
1837 2709 2004 2763 oblationem
2017 2702 2076 2793 {¹⁸¹³
2090 2710 2126 2740 '⁸'

313 2796 454 2850 siculum
478 2804 670 2867 qusuroerunt,
695 2804 727 2849 ut
749 2795 936 2865 spiritualiter
961 2794 1143 2847 satiarentur.
1170 2795 1299 2863 noluisti,
1316 2812 1401 2849 aures
1418 2803 1511 2850 autem
1525 2796 1693 2865 patefecisti
1708 2796 1791 2858 mili,
1814 2794 2005 2849 holocarutum
2016 2808 2092 2844 utun

314 2884 387 2936 Nam
412 2891 438 2936 et
463 2902 515 2937 nos
539 2884 623 2936 lodie
640 2881 794 2952 accipimus
809 2880 946 2934 oisibdma
964 2879 1068 2948 udum,
1093 2881 1146 2933 sed
1171 2888 1196 2934 et
1219 2898 1276 2950 pro
1301 2890 1418 2951 peccato
1435 2899 1491 2935 non
1513 2882 1684 2952 postulasti,-
1709 2882 1758 2935 ubi
1780 2881 1930 2950 Scriptura
1949 2898 2005 2934 non
2017 2854 2105 2948 firgo.

315 2970 396 3023 alissd
425 2976 466 3024 est
495 2976 711 3036 saoeomeatum,
741 2968 825 3021 aliud
852 2966 940 3019 uirtus
966 2967 1144 3020 sacramenti.
1169 2976 1261 3037 neqat,
1282 2970 1373 3022 Deum
1389 2968 1461 3022 uelle
1478 2969 1636 3038 sacrificia,
1657 2987 1719 3022 cum
1735 2970 1796 3038 epse
1815 2984 1850 3021 ea
1861 2968 1931 3038 sieri
1941 2961 2103 3052 jm'iigffl

317 3055 405 3117 uuam
438 3056 522 3109 multi
550 3058 585 3108 de
615 3055 705 3108 ulturi
728 3054 870 3123 accipiunt
893 3060 919 3106 et
943 3053 1100 3107 nouantur
1118 3060 1144 3106 et
1169 3055 1251 3124 serit,
1271 3057 1324 3108 sed
1341 3063 1424 3123 neqat
1447 3072 1482 3109 ea
1502 3054 1574 3109 velle
1600 3057 1642 3109 ad
1667 3056 1836 3126 capiundum
1849 3061 2003 3123 peccatum.
2017 3073 2094 3104 sacn-

315 3143 477 3211 occipiendo
495 3144 648 3196 morientur
665 3148 717 3196 etc.
748 3142 934 3196 Samamento
951 3141 1006 3194 illa
1020 3141 1144 3208 filerunt,
1169 3142 1215 3197 Ps.
1230 3142 1436 3210 50(51,v.1s):
1458 3141 1493 3195 Si
1505 3141 1641 3195 uoluisses
1654 3141 1840 3210 sacrificium,
1855 3156 1952 3209 nempe
1964 3141 2005 3193 ad
2016 3119 2132 3208 iffi„

316 3230 342 3283 in
361 3229 452 3298 siqnis
469 3230 584 3283 ἀίυενεα
600 3237 676 3296 sunt,
693 3231 745 3282 scd
762 3229 792 3281 in
808 3244 853 3291 re,
872 3244 944 3298 qrsae
961 3227 1144 3297 siqniticatur,
1170 3229 1340 3297 capiundum
1355 3235 1515 3297 peceatum,
1539 3228 1693 3292 dedissem,
1722 3228 1817 3297 utique
1834 3226 2005 3281 holocaustis
2014 3218 2096 3310 {22¹2

312 3317 398 3385 porta
417 3324 491 3370 sunt.
527 3316 694 3385 Apostolum
711 3316 797 3368 audi:
821 3314 886 3369 nolo
909 3316 983 3368 enim
1000 3331 1049 3367 uos
1066 3314 1144 3383 iqno-
1171 3335 1226 3370 non
1244 3313 1435 3369 delectaberis.
1473 3314 1659 3383 Sacrificium
1675 3316 1741 3369 Deo
1760 3314 1887 3383 Spiritus
1903 3314 2005 3366 contri·
2187 3306 2190 3315 ’

316 3419 379 3457 rore
400 3405 529 3473 fratres,
564 3401 632 3470 quia
654 3409 753 3471 patres
783 3418 877 3455 omnes
906 3402 958 3454 sub
985 3401 1056 3454 nube
1083 3401 1144 3463 fue·
1172 3403 1292 3455 balatus
1332 3401 1398 3455 Eas.
1425 3407 1453 3457 1:
1486 3400 1547 3463 Quo
1569 3401 1640 3454 milii
1662 3400 1810 3454 multitudo
1831 3400 2007 3453 victimarum

317 3497 379 3542 arnt
395 3495 449 3545 etc.
469 3497 494 3541 et
512 3506 605 3541 manes
622 3490 737 3541 eandem
758 3504 849 3541 eseam
867 3486 1044 3556 spiritualem
1060 3502 1145 3539 come·
1170 3489 1347 3543 vestrorum?
1365 3488 1428 3557 quis
1445 3486 1592 3556 requisivit
1609 3488 1677 3540 laec
1699 3489 1735 3552 de
1752 3486 1880 3540 manibus
1890 3486 2007 3540 neruis!

318 3577 424 3644 derunt,
445 3576 621 3643 spiritualem
641 3576 736 3643 utique
754 3575 879 3640 eandem,
892 3591 958 3625 nora
970 3573 1146 3640 corporalem
1172 3575 1276 3630 Jerem.
1297 3579 1341 3629 11:
1368 3573 1515 3642 Numquid
1538 3557 1637 3626 barnee
1656 3582 1772 3626 sanctae
1793 3574 1923 3637 auferent
1944 3591 1963 3625 a
1982 3580 2007 3625 tc

317 3661 449 3729 cumam,
476 3661 544 3729 quia
563 3660 611 3713 illi
627 3678 745 3727 munna,
770 3676 822 3711 nos
846 3658 946 3727 aliud,·
970 3657 1146 3727 spiritualem
1172 3662 1298 3715 malitias
1323 3668 1394 3725 tuac,
1422 3660 1452 3712 in
1479 3659 1580 3727 quilius
1607 3658 1765 3726 qloriarisl
1799 3657 1893 3714 Amos.
1912 3665 1942 3714 5:
1974 3659 2009 3713 Si

317 3764 377 3800 cero
397 3763 483 3816 quam
500 3764 565 3815 nos,
591 3748 643 3799 sed
656 3754 754 3815 patres
771 3746 873 3814 noari,
895 3763 951 3799 non
964 3752 1065 3814 patres
1081 3745 1146 3798 cllo·
1175 3747 1330 3803 ottrrleritis
1355 3746 1425 3800 milti
1445 3745 1611 3800 holocausta
1634 3753 1660 3799 et
1679 3763 1794 3799 munera
1814 3754 1923 3814 uestra,
1951 3764 2007 3800 nen

318 3851 391 3897 aem,
416 3834 515 3903 qurbm
532 3851 583 3887 nos
600 3834 706 3886 similes
723 3850 829 3901 sumus,
855 3851 910 3886 non
928 3832 1027 3901 quibus
1045 3832 1093 3886 elli
1110 3833 1148 3886 si·
1173 3835 1326 3903 mumpiam
1343 3840 1369 3885 et
1385 3839 1449 3886 vota
1461 3831 1612 3901 pinquium
1631 3850 1687 3885 non
1704 3832 1864 3901 respiciam.
1891 3832 1934 3886 Ex
1946 3832 2006 3903 qui·

319 3921 394 3973 mdes
410 3921 543 3987 suerunt.
584 3920 622 3974 Et
644 3920 785 3990 adjungite
808 3927 835 3972 et
855 3935 949 3972 omnes
967 3919 1081 3972 eundem
1097 3937 1147 3987 po·
1173 3920 1226 3975 bus
1243 3920 1283 3974 sic
1301 3917 1385 3973 infert
1404 3916 1601 3971 Bellarmiuus:
1629 3916 1664 3971 si
1685 3918 1835 3982 sacrificia
1854 3937 1909 3974 non
1925 3918 2007 3986 iusti·

319 4015 371 4060 tum
389 4007 567 4077 spiritualem
584 4008 727 4075 liberunt;
746 4005 829 4059 aliud
847 4005 901 4072 illi,
921 4005 1004 4057 aliud
1022 4023 1080 4073 nos,
1098 4008 1149 4058 sed
1173 4008 1314 4073 sieabaut,
1343 4004 1430 4057 multo
1455 4003 1545 4056 minus
1566 4003 1773 4072 justificabant
1794 4004 1870 4058 aliae
1890 4022 2008 4057 cereum·

317 4095 405 4162 meere
425 4094 533 4147 arsibili
549 4095 677 4162 quidem,
701 4102 792 4146 tamen
811 4094 862 4146 loc
880 4093 954 4145 idem
973 4092 1148 4161 siqnificaute
1174 4095 1253 4159 niae,
1271 4092 1367 4145 nullum
1385 4091 1458 4144 enim
1478 4091 1651 4143 ceremoniae
1669 4090 1768 4143 balent
1787 4090 1925 4143 clariores
1941 4108 2008 4159 pro·

317 4183 415 4234 astrue
438 4180 593 4248 spirituali.
632 4180 777 4242 Quomodo
798 4180 871 4232 enim
897 4180 1013 4231 erindem
1031 4181 1149 4247 potum?
1173 4179 1317 4233 missiones
1336 4179 1371 4230 de
1389 4177 1552 4231 remissione
1560 4184 1741 4246 peccatorum
1753 4177 2007 4244 quamsacrisiciu.

317 4268 451 4326 alebant,
469 4266 574 4333 inquit,
593 4269 629 4319 cle
645 4266 794 4334 spirituali
809 4272 937 4335 sequente
949 4271 1046 4332 petra,
1063 4271 1148 4333 petra
1174 4265 1400 4335 Respondemus:
1435 4269 1458 4319 1.
1481 4262 1587 4317 moneri
1615 4267 1739 4331 poterat,
1768 4278 1828 4316 esse
1859 4262 2007 4318 discrimen

317 4362 407 4407 uitem
427 4360 490 4405 erat
503 4350 647 4419 ebrinus,-
665 4353 731 4405 inde
746 4352 843 4419 ponis,
860 4351 927 4403 inde
940 4358 1034 4419 potus.
1061 4352 1148 4404 Petra
1174 4352 1288 4422 aliquod
1312 4350 1385 4404 inter
1413 4348 1549 4405 sacrificia
1573 4354 1600 4405 et
1625 4355 1809 4418 sacramenta3
1838 4349 1901 4405 ideo
1923 4350 2133 4419 dicta,v1u.tta

316 4438 444 4494 iliristeu
455 4439 543 4505 siquo,
554 4429 634 4490 cerrus
646 4437 772 4491 Obrutus
784 4439 814 4491 in
826 4438 907 4491 uerbo
920 4444 944 4489 et
956 4438 987 4490 in
997 4454 1083 4490 carne
1095 4442 1147 4491 etc.
1174 4455 1246 4509 quac
1264 4438 1299 4493 de
1318 4435 1461 4491 sacrificiis
1480 4440 1580 4506 agunt,
1603 4454 1659 4489 non
1681 4452 1741 4490 ase
1763 4435 1846 4507 hujus
1870 4436 1923 4491 loci
1944 4454 2006 4507 pro

315 4529 391 4582 caca
417 4530 465 4580 45:
496 4526 533 4578 In
559 4525 647 4591 siquis
675 4525 795 4578 diuersis
823 4525 921 4577 eodem
942 4524 1027 4592 fidem
1064 4522 1091 4577 si
1117 4541 1147 4575 en
1173 4525 1243 4595 pria.
1278 4524 1334 4580 Sed
1362 4522 1434 4577 enim
1461 4540 1525 4576 cum
1554 4522 1680 4593 superius
1699 4522 1930 4590 concesserimus,
1957 4540 2007 4593 per

312 4614 402 4683 siqnis
431 4611 566 4679 diuersis,
594 4613 730 4679 quomodo
753 4611 783 4662 in
803 4610 894 4664 nerlu
915 4610 1054 4663 diversis!
1081 4610 1148 4678 quia
1174 4611 1310 4667 sacrificia
1335 4609 1432 4672 itidem
1454 4609 1541 4665 fuisse
1564 4610 1647 4666 fidem
1668 4609 1777 4680 piorum
1796 4610 1832 4667 V.
1853 4609 1886 4664 Τ.
1909 4610 2006 4666 confir·

312 4701 399 4753 verba
429 4715 512 4752 sonos
540 4705 646 4750 mutant
669 4714 725 4765 per
752 4705 878 4765 tempora
905 4704 931 4749 et
956 4697 1050 4765 utique
1077 4697 1149 4749 nillil
1175 4705 1279 4754 matam
1302 4704 1330 4754 et
1354 4697 1494 4753 mediante
1519 4697 1571 4752 hac
1588 4695 1645 4752 fide
1661 4695 1690 4750 in
1711 4697 1823 4752 unicum
1841 4696 2006 4752 sacrificium

306 4787 398 4843 otissa
424 4791 491 4837 sunt
517 4786 602 4837 uerba
627 4802 711 4852 quiam
738 4785 836 4849 siqna;
866 4781 1052 4852 siqnificando
1075 4783 1149 4836 enim
1174 4785 1277 4841 Christi
1295 4784 1459 4855 respiciente
1476 4783 1607 4839 coelestia
1619 4782 1754 4839 beneficia
1767 4784 1835 4854 ipsis
1846 4783 2004 4851 distributa,

304 4875 398 4929 uerba
418 4878 496 4936 ment,
516 4871 577 4938 fide
594 4879 720 4923 mosnonte
738 4872 821 4937 siqua
841 4870 962 4926 comato.
997 4870 1044 4923 Ibi
1064 4878 1149 4939 petra
1175 4871 1243 4944 quin
1267 4877 1295 4926 et
1319 4871 1460 4927 defectum
1485 4875 1718 4925 sacramentorum
1739 4870 1769 4924 in
1792 4870 1919 4941 patribus
1941 4876 2006 4924 ante

303 4960 462 5025 caruem,
485 4957 564 5009 nolis
586 4957 725 5023 Christus,
751 4959 827 5025 quod
849 4958 939 5010 altori
955 4957 1015 5009 Dei
1030 4957 1149 5025 ponitur
1176 4958 1392 5014 circumcisionis
1414 4956 1614 5012 institutionem
1637 4973 1688 5027 per
1710 4956 1794 5011 ritum
1813 4956 2006 5012 sacrificiorum

299 5059 329 5103 et
350 5046 406 5101 illi
424 5061 483 5113 pro
501 5060 602 5110 maqno
620 5051 795 5095 sacramento
814 5042 939 5110 ejusdem
958 5041 1063 5096 Clrristi
1079 5043 1150 5097 bibe·
1174 5045 1260 5100 fnisse
1283 5043 1455 5115 suppletum,
1481 5042 1543 5097 ideo
1567 5058 1624 5096 non
1646 5043 1824 5113 repudiamus
1844 5048 2007 5113 argumenta

295 5141 378 5188 rant
401 5147 506 5199 aqrtom
521 5131 708 5199 profluentem
727 5130 761 5180 de
782 5136 882 5196 petra,
907 5147 959 5182 nos
981 5129 1051 5196 quid
1075 5130 1149 5183 liba-
1176 5150 1210 5186 ex
1239 5129 1382 5185 sacrificiis
1411 5130 1441 5184 in
1470 5130 1523 5184 hac
1549 5128 1710 5200 quaestione
1735 5130 1828 5186 ducta.
1865 5136 1888 5186 2.
1912 5129 2007 5185 Facile

293 5233 388 5281 mas,
406 5224 511 5271 norunt
529 5217 634 5280 fideles.
673 5215 708 5268 Si
723 5215 842 5283 speciem
858 5215 993 5268 oi'ssbilem
1011 5218 1149 5286 utendas,
1175 5217 1351 5272 concedimus
1368 5216 1550 5283 Bellarmino,
1574 5216 1650 5287 quod
1667 5233 1700 5271 ex
1722 5215 1766 5270 his
1783 5215 1864 5269 dietis
1882 5216 2007 5271 evincere

291 5306 400 5363 uliud
416 5310 476 5367 est,·
504 5302 532 5354 si
549 5301 753 5369 intelliqililem
771 5301 1015 5370 siqnifieotioncm,
1034 5305 1150 5357 aendem
1176 5310 1300 5372 conatur,
1319 5301 1454 5357 sacrificia
1471 5319 1527 5357 non
1543 5302 1726 5373 justificasse,
1745 5303 1789 5357 vel
1806 5302 1925 5373 gratiam
1943 5318 2008 5356 con·

282 5378 411 5456 potum
439 5388 616 5459 spiritualem
643 5388 777 5439 biberunt.
821 5386 1006 5442 Bellarmiuus
1038 5389 1149 5459 excipit,
1176 5391 1274 5445 tulisse
1300 5406 1333 5443 ex
1359 5406 1442 5459 opere
1468 5395 1581 5459 operato
1605 5390 1666 5445 sine
1687 5388 1742 5443 fide
1765 5388 1918 5453 offerentis3
1945 5405 2008 5459 pro·

289 5477 506 5549 Aaqwinum
522 5494 577 5529 non
596 5476 699 5542 dicere,
717 5483 893 5528 sacramenta
910 5483 1007 5530 nostra
1020 5485 1150 5531 eteetera
1177 5476 1300 5531 bandum
1318 5493 1382 5531 vero
1401 5482 1473 5544 erat,
1502 5477 1576 5546 quod
1594 5475 1729 5530 sacrificia
1746 5492 1781 5531 ne
1798 5474 1909 5546 quidem
1928 5496 2009 5529 rons-

291 5581 373 5622 esse
400 5563 493 5635 pario
520 5564 616 5632 quoad
635 5561 804 5630 efficaciam,
832 5562 884 5613 sed
909 5569 1017 5614 tantum
1038 5580 1092 5631 quo
1112 5565 1153 5615 ad
1177 5566 1230 5624 κῶς
1247 5568 1374 5633 respectu
1392 5562 1457 5617 fidei
1474 5562 1504 5616 in
1522 5562 1674 5630 Christum,
1693 5563 1773 5632 cujus
1792 5561 1907 5617 illustris
1923 5570 2009 5634 typus

288 5649 557 5723 siqaiticatsonem,
575 5665 636 5701 cum
655 5648 726 5700 alili
736 5647 854 5721 ,euitat
872 5656 1049 5702 sauromata
1065 5650 1102 5702 N.
1118 5651 1150 5703 T.
1176 5650 1206 5704 in
1225 5650 1264 5705 eis
1282 5649 1502 5720 proponebatur,
1521 5649 1625 5705 fuerint
1643 5648 1783 5717 ἱλαστικά,
1803 5650 1883 5719 cujus
1902 5656 2009 5706 eontra·

289 5750 373 5794 esse
399 5736 503 5790 virtute
526 5735 651 5804 majora,
673 5733 795 5786 utilitate
823 5734 949 5787 meliora.
992 5733 1151 5805 Responde·
1175 5736 1247 5790 rium
1271 5734 1397 5807 superius
1422 5734 1706 5792 demonstraverimus.
1742 5736 2009 5806 3.1pseBellarmi·

289 5833 391 5880 ¹musz
417 5819 595 5890 Comparatio
620 5819 736 5874 duorum
756 5836 812 5873 non
830 5826 874 5874 est
889 5819 1001 5875 alterius
1021 5822 1151 5881 exclusio.
1175 5841 1228 5877 nus
1247 5822 1381 5886 concedit,
1399 5823 1495 5877 nullas
1511 5822 1683 5876 ceremonias
1709 5823 1738 5877 V.
1760 5824 1792 5876 T.
1808 5822 1937 5878 tabuisse
1951 5824 2009 5877 cla·

290 5906 449 5978 Quamvis
475 5906 562 5979 igitur
587 5912 760 5961 sacramenta
785 5905 820 5961 N.
846 5906 879 5961 Τ.
906 5907 961 5961 sint
987 5907 1150 5977 salubriora,
1174 5910 1265 5964 riores
1282 5909 1484 5979 prorausicnes
1500 5908 1710 5967 dererissione
1729 5920 1908 5981 peccatorum
1925 5926 2012 5977 quarn
