4800 6659
489 445 550 503 212
1085 405 1589 494 meusnsensusocrsvus

490 592 604 661 etquis
631 587 758 643 C'trr'stns
789 592 824 644 ab
851 593 970 646 instandi
992 594 1180 661 conceptionis
1201 590 1329 644 bolnmit
1353 592 1501 661 perspicue
1525 590 1678 663 loquuntur
1702 591 1738 646 de
1766 588 1872 661 Spiritu
1900 607 1923 646 s.
1951 588 2001 661 qni
2027 588 2104 644 datur
2123 604 2163 643 cre
2196 625 2197 644 i

488 677 695 747 plenitudinem
721 679 809 730 omnis
824 680 981 747 potestatis.
1016 678 1046 733 Si
1065 695 1196 750 quaeras,
1216 694 1253 731 an
1270 675 1329 729 Ma·
1354 675 1484 732 dentibus
1503 678 1619 746 etfacit
1637 694 1684 731 eos
1702 693 1781 745 repes
1795 678 1996 730 etsacerdoter
2008 693 2100 729 coram
2111 675 2162 740 Deo,
2196 677 2197 740 j

490 765 546 819 riae
572 781 622 834 per
647 763 817 834 baptismum
838 765 988 835 impressus
1006 765 1089 820 luerit
1105 765 1261 832 character,
1288 778 1329 816 rc·
1354 761 1442 831 Apoc.
1464 769 1492 831 1,
1519 782 1544 820 v.
1570 770 1594 819 6.
1621 763 1692 817 sicut
1717 763 1745 816 in
1771 762 1806 816 V.
1830 761 1863 817 Τ.
1888 779 1969 832 reges
1979 763 2017 816 'et
2034 761 2163 816 sacerdota

492 851 628 922 spondent
655 848 767 919 itidem,
794 851 869 921 qnod
895 869 963 919 non,
991 870 1051 905 cam
1080 852 1233 921 baptismus
1258 849 1328 901 nibil
1355 853 1467 903 externo
1491 848 1552 905 oleo
1574 849 1823 917 consecrabantur,
1848 848 1896 920 qui
1920 865 1938 902 a
1964 847 2058 918 eapite
2080 846 2164 902 Christo

429 933 432 938 ’
489 936 601 1005 pretias
629 935 656 987 ei
683 936 844 1005 contulerit,
872 938 976 1005 qnippe
1004 955 1076 1005 qaae
1102 939 1132 990 in
1152 936 1328 1005 conceptione
1354 932 1383 986 in
1407 935 1532 990 membra
1555 936 1678 1007 eorporis
1701 935 1789 1006 ipsius
1809 934 1919 1005 mystici
1938 933 2093 1003 descendit,
2115 933 2165 987 deut

491 1039 597 1075 omnem
615 1023 739 1089 pretinm
752 1024 848 1088 suerit
870 1032 1031 1087 consecuta;
1049 1023 1215 1095 quibusdam
1233 1029 1328 1076 tamen
1353 1019 1382 1073 in
1400 1020 1435 1074 V.
1456 1020 1488 1074 Τ.
1507 1031 1677 1091 nnprsentam
1698 1041 1717 1075 a
1741 1023 1833 1091 capite
1852 1022 1979 1075 Aaronis
2007 1019 2165 1074 descendebat

490 1115 518 1163 et
536 1109 607 1162 inter
624 1108 673 1162 hos
687 1108 757 1162 Bieli
770 1108 880 1163 videtur
900 1127 988 1180 aeque
1006 1109 1157 1181 probabile,
1176 1109 1251 1180 quod
1265 1107 1327 1162 cha·
1354 1123 1439 1175 snper
1464 1126 1544 1161 oram
1572 1109 1796 1162 vestimentorum
1816 1108 1877 1176 ejus
1896 1107 1943 1162 Pa.
1964 1112 2029 1175 133,
2055 1123 2079 1161 v.
2096 1103 2167 1172 tesi

490 1202 626 1250 meterem
644 1196 788 1264 receperit.
1356 1199 1396 1245 est
1417 1196 1511 1249 unctio
1536 1197 1637 1248 docem
1654 1212 1706 1249 nos
1724 1196 1758 1247 de
1777 1195 1917 1256 omnibns,
1943 1201 1974 1245 ut
1994 1194 2081 1246 simas
2098 1190 2167 1244 trott-

362 1293 449 1333 sellar-
526 1288 567 1336 at.
604 1280 787 1335 Bellarminus
815 1281 862 1334 lib.
883 1287 906 1334 t.
934 1281 968 1335 de
996 1288 1159 1337 sacrament.
1186 1298 1210 1336 c:
1232 1287 1271 1336 ts.
1293 1280 1328 1334 de
1355 1279 1663 1344 tauretunensis.
1684 1280 1869 1345 iouente.
1890 1276 2168 1343 stannaturae

362 1346 478 1440 ,ffffssiffl
491 1368 651 1421 charactere
676 1366 727 1419 has
754 1366 854 1419 format
886 1368 1103 1436 propositiones:
1136 1373 1158 1422 1.
1181 1367 1263 1428 Qiod
1291 1366 1328 1417 sit
1355 1365 1507 1434 prophetae
1519 1366 1546 1420 in
1557 1367 1593 1423 V.
1603 1366 1636 1420 Τ.
1648 1366 1722 1421 hunc
1734 1366 1872 1421 internum
1882 1366 2024 1419 doctorem
2034 1362 2170 1425 habebant,

364 1449 443 1540 ἓξὲξ·
490 1456 600 1522 sipnarn
630 1454 750 1520 aliquod
777 1454 927 1521 spirituale
958 1454 1070 1506 animae
1099 1455 1128 1506 in
1160 1454 1328 1521 qreibnsdam
1356 1467 1411 1522 quo
1436 1460 1562 1523 respectu
1589 1453 1706 1507 dicimur
1728 1453 1797 1524 ungi
1815 1452 1921 1523 Spiritu
1939 1454 2046 1505 sancto.
2083 1450 2170 1506 seda

427 1527 432 1540 ⁸
491 1540 675 1593 sacramentis
701 1540 873 1608 impressam.
921 1544 947 1593 2.
970 1541 1051 1602 Quod
1076 1558 1132 1592 non
1154 1542 1191 1593 sit
1217 1539 1328 1603 relatio,
1355 1538 1427 1593 idem
1439 1540 1564 1607 Spiritus
1585 1542 1635 1593 dot
1653 1540 1839 1594 testimoniam
1856 1538 1973 1609 spriritat'
1988 1546 2094 1601 nostro,
2112 1536 2171 1606 qaod

492 1627 543 1678 sed
561 1625 689 1677 absoluta
709 1625 842 1693 praelitas.
875 1630 902 1679 3.
925 1626 1007 1688 ansl
1024 1626 1080 1678 tria
1099 1627 1201 1678 babeat
1220 1626 1327 1692 officia,
1354 1625 1441 1676 simias
1466 1626 1523 1687 filii
1546 1627 1616 1693 Dei,
1649 1625 1729 1683 Rom.
1748 1631 1777 1694 8,
1795 1642 1821 1680 v,
1841 1630 1880 1680 16.
1900 1629 1929 1679 et
1945 1624 2000 1679 hsc
2019 1622 2124 1678 ratione
2139 1621 2170 1676 ob

490 1720 588 1779 aptam
613 1710 719 1762 scilieet
734 1712 839 1777 faeere
864 1712 1025 1764 arietillum
1046 1713 1186 1780 divinans,
1207 1714 1328 1779 confipa·
1354 1708 1447 1779 signat
1470 1709 1554 1764 corda
1581 1716 1675 1764 nostra
1698 1728 1731 1765 ac
1754 1716 1844 1765 certos
1863 1727 1913 1764 nos
1933 1709 2028 1765 reddit
2046 1709 2171 1765 dedicius

489 1815 556 1849 rore
582 1796 692 1850 cbristo
719 1803 744 1848 et
770 1798 941 1863 distiapuere
967 1798 1002 1848 ab
1026 1798 1101 1851 aliis.
1141 1801 1164 1849 l.
1190 1799 1274 1858 Quod
1293 1798 1329 1849 sit
1354 1796 1457 1866 gratia,
1482 1803 1513 1850 ut
1533 1796 1701 1853 fiducialiter
1724 1798 1844 1852 clamare
1861 1795 2001 1866 possimus
2020 1793 2096 1850 abba
2110 1801 2171 1867 prta

490 1881 518 1933 in
546 1882 609 1933 solo
637 1882 733 1933 anima
760 1890 893 1950 tanquam
917 1884 945 1934 in
970 1885 1102 1951 subjecto.
1142 1887 1166 1935 5.
1191 1883 1275 1943 Qrsod
1290 1884 1328 1937 sit
1355 1880 1448 1938 Galat.
1465 1888 1490 1950 4,
1507 1901 1532 1937 v.
1551 1891 1575 1938 e.
1595 1902 1650 1955 quo
1670 1889 1799 1953 respectu
1817 1882 1934 1936 dicimur
1951 1883 2061 1950 εἰρηαιί
2079 1881 2171 1953 Spiris

490 1967 658 2021 indelebilis.
706 1971 731 2020 6.
753 1967 835 2028 Quod
856 1970 885 2020 ia
910 1970 999 2022 tribas
1018 1978 1125 2022 tantiam
1143 1970 1328 2022 sacramentis
1353 1977 1457 2022 sancto.
1487 1968 1565 2023 Idem
1577 1969 1696 2041 Spiritus
1712 1975 1754 2024 est
1772 1970 1861 2023 arrba
1878 1978 1905 2022 et
1918 1970 2028 2039 piparas
2048 1968 2168 2023 meaa

490 2055 686 2122 imprimatur,
709 2055 738 2107 in
764 2054 899 2122 baptismo
926 2055 1044 2124 scilieet,
1071 2057 1280 2128 cernfirmatione
1301 2065 1327 2108 et
1353 2054 1390 2106 tis
1407 2062 1528 2119 nostrae,
1550 2056 1782 2127 quemadmodum
1800 2056 1873 2111 enim
1894 2071 2015 2127 sponsae
2033 2055 2114 2110 ambs
2127 2054 2168 2109 sire

491 2142 600 2195 ordine.
634 2147 655 2194 7.
667 2139 750 2202 Quod
759 2156 808 2193 nec
821 2141 995 2194 circumcisio
1008 2159 1058 2195 nec
1070 2143 1159 2195 allam
1170 2159 1327 2195 sacramen·
1353 2139 1472 2195 arrhabo
1483 2141 1572 2210 datur,
1590 2149 1622 2196 ut
1639 2142 1675 2197 de
1692 2158 1785 2198 amore
1804 2142 1898 2213 sponsi
1917 2149 1946 2197 et
1962 2141 2069 2212 nuptiis
2086 2139 2167 2197 futuris

489 2236 546 2280 tam
569 2227 669 2279 asteris
690 2227 760 2293 lepis
778 2228 950 2295 impresserit
969 2229 1157 2282 characterem
1176 2230 1206 2281 in
1223 2231 1327 2285 animo.
1354 2225 1543 2295 confirmetur3
1561 2227 1721 2299 itaquoque
1734 2228 1854 2299 Spiritus
1867 2233 1981 2283 sanctus
1994 2225 2166 2299 incordspio

490 2316 512 2366 8.
536 2312 619 2374 and
636 2312 733 2365 asellas
757 2313 787 2365 in
808 2312 917 2367 Christo
935 2314 1081 2368 character
1102 2317 1192 2381 poerit
1208 2323 1326 2368 creatas.
1354 2330 1413 2365 rum
1436 2318 1554 2366 testatur
1580 2312 1615 2367 de
1638 2313 1786 2369 dilectione
1806 2314 1932 2370 coelestis
1956 2316 2066 2385 sponsi,
2090 2330 2107 2369 a
2127 2328 2165 2384 que

491 2398 549 2452 Has
585 2397 788 2468 propositiones
819 2405 951 2469 tanquam
982 2407 1071 2455 certas
1102 2408 1130 2456 ct
1155 2402 1328 2456 indubitatas
1353 2398 1418 2451 olim
1441 2398 1477 2452 ad
1498 2399 1631 2453 coelestes
1655 2400 1767 2469 nuptias
1791 2401 1846 2455 sint
1865 2400 2075 2470 introducendi,
2098 2400 2164 2469 Apte

490 2484 675 2539 Bellarminus
702 2483 846 2554 proponit,
870 2486 980 2539 interim
1002 2492 1095 2541 tamen
1119 2486 1235 2541 inficiari
1252 2489 1327 2542 haud
1357 2490 1396 2551 19,
1414 2503 1439 2540 v.
1459 2491 1482 2538 7.
1510 2492 1534 2539 t.
1552 2483 1598 2539 Ab
1619 2484 1671 2538 hac
1689 2484 1872 2556 explicatione
1890 2506 1946 2543 non
1959 2487 2094 2556 dissentit,
2111 2483 2164 2557 quol

365 2580 422 2621 vu1.
432 2578 476 2621 ars.
491 2576 597 2642 potest,
625 2570 724 2633 varias,
749 2570 803 2624 imo
822 2571 904 2624 etiam
926 2573 1078 2626 contrarias
1097 2573 1327 2629 scholasticorum
1355 2570 1467 2641 quidam
1497 2571 1602 2640 dicunt,
1632 2571 1699 2626 haec
1727 2571 1886 2642 Scripturas
1915 2572 2073 2628 testimonis
2088 2568 2164 2627 intelli·

492 2657 633 2728 opiniones
658 2656 693 2710 de
717 2656 772 2710 illis
799 2656 866 2725 ipsis
886 2656 997 2726 haberi,
1017 2665 1049 2712 ut
1068 2675 1101 2712 er
1121 2659 1189 2726 illis,
1209 2678 1280 2731 quae
1300 2658 1328 2734 ξ.
1354 2656 1446 2727 genda
1475 2675 1534 2713 ease
1559 2658 1598 2713 de
1629 2658 1822 2729 obsignatione
1852 2658 2075 2728 promissionum,
2102 2672 2163 2730 quw

492 2742 616 2814 proxime
626 2743 811 2811 praecedente
821 2741 950 2810 diximus,
963 2744 1080 2815 intelligi
1090 2751 1190 2815 potest.
1211 2746 1278 2818 Cap.
1288 2753 1327 2802 20.
1354 2742 1472 2813 Spiritus
1489 2763 1510 2797 s.
1530 2744 1558 2798 in
1578 2745 1663 2799 corda
1679 2744 1804 2799 fidelium
1816 2744 1956 2817 imprimit,
1974 2742 2161 2813 utfidcsmsg's

493 2847 525 2884 ex
546 2829 695 2899 Scripturis
709 2829 895 2883 characterem
914 2830 1032 2899 probare
1050 2831 1154 2887 nititur.
1190 2833 1329 2889 Protesta·
1354 2829 1497 2900 magisque
1520 2829 1711 2899 confirmetur,
1735 2831 1801 2902 quia
1819 2830 1939 2901 Spiritus
1965 2836 2077 2886 sanctus
2093 2846 2120 2885 es
2133 2842 2162 2881 rt·

490 2923 537 2971 tur
559 2922 664 2979 autem,
693 2920 716 2971 l.
736 2933 792 2968 non
816 2933 875 2968 csse
902 2916 1077 2985 mirandam,
1100 2920 1127 2971 si
1152 2938 1206 2973 ison
1226 2921 1328 2974 inoem'·
1354 2915 1430 2969 lione
1447 2932 1481 2969 80
1498 2916 1580 2971 modo
1599 2933 1649 2970 nos
1665 2916 1700 2971 de
1717 2916 1771 2970 Dei
1790 2916 1888 2987 grstia,
1908 2920 2040 2986 υἱοθεσίᾳ
2056 2922 2083 2972 et
2097 2914 2162 2969 ΝΜΟ

492 3011 578 3056 antur
598 3010 637 3056 tot
655 3009 681 3055 et
699 3011 755 3055 tam
774 3020 906 3072 eeprcsso
926 3004 1085 3058 testimonia
1104 3008 1139 3059 de
1157 3007 1329 3065 charactere.
1354 3009 1466 3057 aeterna
1490 3003 1647 3072 confirmat,
1673 3009 1705 3057 ut
1721 3002 1916 3071 promissiones
1944 2997 2161 3077 evangelicam

490 3091 563 3143 sient
577 3091 613 3142 ele
636 3088 746 3158 pratia,
771 3107 832 3142 cam
847 3094 943 3158 pretio
961 3092 998 3144 se't
1018 3094 1131 3161 effectus
1145 3094 1328 3163 principalis,
1354 3087 1455 3161 quibus
1474 3088 1542 3144 haec
1560 3105 1667 3144 summa
1679 3088 1816 3143 beneficia
1827 3088 1992 3160 offeruntur,
2011 3089 2089 3146 nobis
2098 3081 2162 3159 sppli·

491 3178 639 3230 character
657 3177 855 3245 secundariam,
881 3195 943 3230 eom
966 3178 1064 3247 pratia
1083 3180 1120 3232 sit
1139 3182 1250 3249 effectus
1272 3199 1327 3234 om·
1355 3180 1400 3230 eet
1423 3175 1590 3247 easdemque
1612 3176 1649 3229 ad
1676 3192 1727 3229 nos
1749 3174 1778 3228 in
1795 3176 1887 3247 speeie
1904 3175 2047 3246 pertinere
2064 3177 2160 3232 teratu

491 3265 568 3318 nlnm
587 3270 835 3332 sacramentorum,
856 3264 1005 3317 character
1023 3265 1184 3333 aliquorum
1213 3274 1329 3335 tantum,
1356 3269 1379 3317 5.
1403 3262 1519 3316 Frustra
1552 3262 1638 3334 igitur
1663 3262 1847 3317 Bellarminus
1877 3262 1998 3333 regerit,
2024 3259 2162 3334 'aponius

491 3366 525 3403 ac
549 3350 675 3417 proinde
701 3366 769 3403 aero
795 3350 871 3402 ratio
889 3352 1061 3403 ramanent-i
1075 3352 1168 3420 possit
1186 3354 1246 3407 sine
1265 3355 1329 3407 cha·
1354 3365 1463 3417 temper
1481 3350 1582 3417 dicere,
1600 3367 1652 3403 nos
1671 3349 1824 3417 obsipnari,
1842 3366 1898 3401 non
1916 3358 2013 3404 andem
2025 3345 2162 3421 proauis

480 3426 599 3488 'ractere
627 3436 778 3487 consistere
805 3436 893 3504 (quod
919 3436 1005 3506 proba
1030 3437 1119 3491 notari
1136 3439 1280 3508 jubemus,
1305 3440 1329 3495 si
1355 3452 1403 3488 att
1427 3436 1506 3490 nobes
1525 3437 1643 3505 saetam
1671 3439 1702 3489 tt
1722 3433 1904 3490 subOrdintta
1924 3435 1996 3491 haee
2019 3441 2096 3502 suut,
2117 3434 2163 3487 lm

491 3521 564 3576 enim
584 3520 684 3576 veritas
703 3528 731 3575 et
755 3521 901 3592 integritas
926 3530 1159 3577 sacramentorum
1181 3525 1242 3580 sine
1265 3526 1328 3581 cha·
1355 3521 1427 3575 enim
1452 3522 1647 3593 promissiones
1673 3521 1765 3592 sigillo
1791 3520 1910 3594 Spiritus
1936 3522 2028 3578 saneti
2053 3516 2164 3579 credenti·

492 3614 598 3662 raetere
619 3606 752 3676 consistit,
774 3626 823 3662 cur
842 3609 878 3662 de
897 3626 929 3663 eo
950 3626 1118 3680 magnopere
1137 3611 1295 3666 laboramus
1302 3614 1328 3682 t)
1355 3609 1408 3662 bus
1424 3607 1614 3678 obsignantur,
1634 3607 1717 3661 simul
1737 3607 1820 3663 etiam
1837 3608 1896 3678 ipse
1914 3608 1997 3664 homo
2015 3603 2164 3666 eredensob

493 3695 613 3763 cisalpine
640 3713 701 3748 eum
726 3694 828 3748 notitia
854 3697 964 3765 pratiae
990 3698 1081 3765 mapis
1107 3696 1143 3750 sie
1170 3700 1329 3753 necessario
1355 3696 1494 3765 signatur,
1522 3694 1574 3748 hoe
1592 3699 1635 3747 etl
1652 3701 1743 3749 terius
1763 3694 1889 3750 redditur
1908 3694 1942 3750 de
1960 3692 2165 3766 promisslombtt

493 3798 576 3849 qnam
588 3780 767 3833 characteris.
799 3784 824 3833 2.
845 3783 910 3836 Non
928 3785 1022 3837 deesse
1040 3782 1150 3852 quidem
1168 3784 1231 3838 loca
1252 3786 1328 3840 Scri·
1354 3780 1454 3833 divinis
1482 3779 1567 3847 sicut,
1590 3779 1654 3835 sloh·
1680 3786 1710 3843 32
1738 3799 1763 3837 V·
1790 3786 1830 3836 33·
1855 3780 1971 3835 dieitur:
2004 3781 2061 3845 (Μ
2083 3776 2166 3849 (leitil

488 3875 600 3936 ploras,
620 3882 652 3919 es
665 3867 764 3935 qrsr'bns
781 3876 874 3937 posset
891 3870 991 3937 collipi
1000 3871 1154 3939 elsrracter,
1173 3874 1225 3924 sed
1236 3879 1328 3926 tame-a
1354 3867 1538 3921 testimonium
1556 3867 1626 3934 ejas,
1644 3866 1773 3935 sipnaoit,
1793 3867 1859 3937 quia
1872 3869 1953 3921 Deus
1964 3886 2052 3923 aeras
2064 3877 2109 3938 est,
2118 3867 2167 3920 tra

493 3953 705 4022 adjanpendem
730 3970 789 4005 esse
816 3954 1030 4023 explicationem
1053 3964 1170 4025 patrum
1194 3966 1221 4010 et
1244 3960 1328 4013 eccle·
1355 3955 1462 4008 scilicet
1484 3952 1576 4007 verbis
1605 3959 1632 4007 et
1654 3953 1881 4022 promissionibus
1905 3953 2008 4009 divinia
2034 3953 2113 4011 fidem
2133 3949 2167 4005 stl-

493 4043 554 4095 siae
575 4038 638 4108 (hoc
657 4044 699 4092 est
715 4036 853 4108 pontificis
872 4039 1003 4110 Romani,
1023 4047 1054 4095 ut
1071 4042 1153 4098 docet
1173 4044 1270 4098 ultima
1287 4063 1328 4100 re·
1354 4039 1439 4093 hibet.
1475 4045 1500 4096 6.
1524 4038 1566 4092 Er
1596 4038 1696 4108 quibus
1728 4039 1855 4094 omnihus
1887 4038 2036 4096 manifeste
2064 4041 2165 4112 appetet

496 4125 597 4182 solutio
629 4124 743 4197 gloriosi
773 4124 846 4178 illius
877 4127 1013 4195 nominis).
1059 4128 1101 4181 Ex
1128 4147 1183 4199 quo
1211 4131 1329 4204 intelligi
1355 4127 1424 4181 hace
1451 4125 1610 4196 Scripturas
1636 4125 1711 4179 dicta
1737 4144 1796 4181 csse
1823 4142 1841 4181 s
1865 4128 2009 4198 proposita
2027 4126 2165 4201 quaestions

494 4219 598 4284 potest,
629 4211 724 4283 qualia
753 4216 781 4264 at
810 4228 892 4282 quam
923 4212 1003 4267 firma
1027 4213 1231 4286 Scripturarum
1254 4218 1329 4273 testi-
1356 4212 1461 4276 aliena,
1497 4211 1564 4283 quia
1588 4211 1623 4266 de
1647 4211 1712 4266 sous
1737 4212 1912 4267 credentibus
1935 4213 2100 4286 accipimus
2113 4213 2167 4273 ae

495 4299 587 4353 monis
614 4315 663 4369 pro
689 4298 857 4353 adstruendo
881 4298 1039 4355 charactere
1059 4302 1114 4355 aiut
1133 4305 1328 4374 exspectanda,
1358 4306 1388 4353 ut
1411 4316 1462 4370 per
1478 4314 1508 4352 se
1533 4303 1628 4368 patet,
1654 4303 1685 4352 at
1701 4297 1885 4353 Bellarminus
1904 4298 2092 4357 characterem
2108 4291 2197 4355 illut*¹

495 4385 647 4442 Videamus
673 4390 780 4452 tamen,
805 4402 875 4456 quae
893 4384 949 4438 sint
967 4385 1014 4439 illa
1033 4387 1206 4443 emendicata
1225 4408 1242 4444 a
1260 4389 1330 4446 Scri·
1357 4391 1436 4440 suum
1456 4383 1566 4456 inprimi
1584 4384 1654 4438 dicit
1671 4383 1811 4453 omnibus,
1836 4385 1884 4455 qui
1907 4385 2100 4457 baptizantur,
2120 4400 2168 4440 eou-

495 4471 584 4542 pturis
602 4471 745 4542 suflragia.
1357 4473 1501 4526 firmantur
1522 4478 1551 4525 ct
1574 4469 1749 4535 ordinantur,
1773 4471 1831 4526 sive
1849 4472 1966 4528 credant
1985 4473 2044 4529 sire
2061 4492 2112 4529 non
2126 4484 2167 4527 err

367 4566 438 4616 trgu-
531 4560 572 4611 98.
608 4556 741 4610 Producit
767 4561 788 4610 1.
816 4554 885 4611 haec
909 4556 1069 4611 testimonia
1095 4563 1119 4615 2.
1138 4557 1200 4615 Cor.
1226 4566 1249 4615 t:
1277 4562 1333 4624 Qui
1359 4560 1434 4613 dant.
1453 4557 1498 4612 Sic
1517 4556 1590 4611 enim
1610 4555 1706 4610 scribit
1723 4555 1817 4612 inhoe
1826 4557 1930 4627 capite:
1952 4555 2168 4614 autumnas·

367 4620 483 4723 ffimih..
496 4642 575 4693 uncit
592 4659 642 4695 nos
662 4643 741 4694 Dens
759 4649 785 4695 et
803 4642 925 4711 sipnaoit
943 4661 993 4695 nos
1012 4651 1037 4696 et
1055 4646 1134 4698 dedit
1150 4646 1256 4714 pipnas
1268 4646 1331 4717 Spi·
1359 4652 1466 4697 ractere
1487 4643 1696 4696 damnabuntur
1715 4650 1741 4694 et
1760 4642 1909 4697 multicias
1923 4642 2169 4699 character-teclae·

367 4727 482 4816 &ff-,¹
496 4729 570 4780 ritas
592 4726 621 4778 in
645 4729 778 4782 cordibus
800 4730 912 4784 nostris.
953 4729 1024 4800 pr.
1048 4736 1073 4785 1:
1099 4731 1135 4784 In
1156 4750 1211 4800 qao
1230 4741 1255 4786 ct
1274 4752 1331 4787 ere-
1360 4732 1468 4785 bantrrr.
1505 4730 1544 4782 At
1565 4746 1658 4782 omnes
1676 4727 1834 4799 salvantur,
1853 4730 1903 4798 qai
1918 4730 2071 4799 signantur
2088 4723 2171 4784 Oli&

368 4784 484 4877 Q‘uturliti
497 4816 592 4867 dentes
628 4814 736 4881 sipnati
768 4815 833 4867 estis
864 4813 974 4884 Spiritu
1005 4817 1201 4885 promissionis
1233 4837 1254 4872 s.
1285 4822 1334 4888 qni
1359 4833 1453 4879 emere,
1480 4815 1511 4867 id
1534 4822 1575 4868 est
1599 4815 1698 4883 aarum
1723 4815 1886 4883 applicatur
1909 4816 2041 4870 meritum
2060 4809 2170 4879 matidii

367 4877 484 4977 ξῖζςῖξῗ
497 4908 536 4953 est
559 4900 666 4968 pipnas
691 4899 862 4953 hereditatis.
898 4899 969 4971 Eph.
989 4908 1018 4956 4:
1048 4903 1145 4956 Nolite
1165 4906 1333 4958 contristare
1359 4902 1440 4972 cujas
1452 4903 1551 4971 sipara
1569 4909 1609 4956 est
1626 4901 1735 4968 sipnum
1753 4900 1842 4955 mucis
1860 4907 1913 4958 etc.
1948 4907 1974 4959 ¹1.
1993 4899 2171 4959 Testimonium

368 4980 456 5072 :am
499 4987 637 5056 Spiritum
656 4993 781 5037 sanctam
793 4986 860 5052 Dei,
878 4987 908 5037 in
927 5005 981 5055 qno
1001 4987 1106 5057 se'pnatr
1125 4998 1191 5043 estes
1210 5010 1239 5043 m
1260 4993 1333 5044 diem
1360 4989 1429 5043 illud
1449 4988 1568 5058 Spiritus
1585 4986 1675 5042 sancti
1699 4986 1848 5056 internum,
1876 4986 1911 5041 de
1931 5002 1986 5059 quo
2004 4982 2171 5060 apostolatu

497 5072 686 5125 redemtionis.
721 5070 944 5140 Respondemus:
961 5077 992 5126 -1.
1012 5079 1080 5143 quot
1099 5073 1242 5131 alembicis
1263 5093 1333 5147 opus
1359 5076 1402 5129 his
1423 5074 1504 5129 dictis
1521 5074 1651 5145 loquitur,
1669 5073 1723 5127 fuit
1741 5072 1824 5127 etiam
1841 5071 1869 5124 in
1886 5072 1941 5143 piis
1958 5075 2112 5144 veteribus3
2128 5071 2171 5143 itffi

498 5157 579 5227 leret,
596 5163 628 5211 ut
647 5174 679 5211 ex
699 5155 773 5209 hisee
793 5157 875 5210 dictis
893 5157 958 5210 talis
979 5154 1130 5225 character,
1149 5162 1259 5233 qualem
1270 5163 1332 5217 Bel·
1361 5179 1424 5215 vero
1449 5166 1535 5230 negat
1556 5159 1757 5229 Bellarminus,
1779 5165 1952 5214 sacramenta
1974 5159 2011 5217 V.
2029 5160 2064 5216 T.
2082 5162 2172 5230 impr*

497 5243 631 5297 larminus
652 5242 732 5296 medo
754 5241 913 5312 descripsit,
939 5244 1054 5315 eliquari
1073 5247 1177 5316 possit,
1203 5265 1266 5301 cum
1283 5264 1334 5302 nec
1360 5249 1428 5300 sisse
1446 5247 1639 5300 characterem.
1681 5250 1704 5301 8.
1728 5245 1783 5301 Sed
1802 5251 1830 5300 et
1848 5243 2018 5316 principium
2041 5240 2174 5318 psumb

498 5342 598 5383 nomen
624 5346 674 5383 nee
697 5345 741 5382 res
759 5326 832 5380 illius
853 5327 1019 5385 characteris
1039 5330 1065 5384 in
1085 5332 1127 5385 his
1148 5333 1229 5387 dietis
1249 5335 1334 5388 eonti-
1361 5338 1523 5403 argumento
1543 5330 1711 5385 Bellarmini.
1755 5331 1905 5387 Credentes
1929 5331 2113 5406 obsignantur
2129 5326 2175 5402 sp's

465 5431 466 5434 ¹
498 5415 617 5469 nestor?
637 5421 659 5469 2.
677 5413 838 5485 Repetimus
854 5413 939 5484 igitur
957 5417 1040 5472 rerba
1060 5418 1160 5473 Bielist
1186 5411 1334 5473 Cbarocte-
1361 5420 1416 5473 ritu
1442 5425 1552 5486 sancto,
1580 5418 1610 5472 id
1642 5426 1684 5473 est
1706 5419 1824 5490 Spiritus
1853 5425 1968 5475 sanctus
1991 5414 2178 5477 effunditmiu

498 5518 555 5553 rem
573 5520 631 5554 esse
644 5503 803 5571 ponendam
826 5518 873 5552 aec
889 5502 963 5553 ratio
979 5507 1140 5559 necessaria
1154 5507 1335 5574 demonsmat,
1362 5506 1447 5560 corda
1472 5504 1643 5559 credentium
1668 5521 1701 5558 ac
1723 5505 1910 5560 testimonium
1928 5507 1979 5561 dat
1996 5507 2106 5578 spiritui
2122 5505 2182 5577 ipse·

498 5604 549 5638 nec
571 5590 683 5642 euidens
701 5588 855 5641 auctoritas
874 5585 1043 5655 (Scripturas
1066 5592 1105 5646 sel
1123 5596 1245 5662 patrum)
1266 5610 1334 5662 pro·
1362 5610 1435 5658 rum,
1460 5592 1537 5664 qnod
1559 5590 1615 5645 sint
1637 5589 1687 5643 filii
1709 5588 1763 5644 Dei
1787 5599 1815 5647 et
1830 5589 1948 5647 heredes
1966 5592 2044 5650 vitea
2061 5600 2184 5650 aetem&

499 5673 554 5729 bat.
592 5679 615 5726 a.
637 5674 722 5728 Dicta
739 5671 894 5746 apostolico
912 5672 939 5724 in
959 5674 1078 5728 medium
1093 5677 1179 5733 allata
1193 5678 1296 5734 diserte
1309 5688 1337 5734 et
1363 5679 1438 5748 Ergo
1456 5676 1614 5747 obsignatio
1631 5676 1680 5729 illa
1697 5674 1879 5730 litmediante
1892 5678 1941 5731 tali
1953 5678 2123 5737 chunutus.
2144 5676 2189 5732 st·
