4800 6659
825 644 836 672 .
903 605 956 662 nu
969 602 1095 662 moro
1115 569 1317 662 enmono,
1922 615 1988 675 ssa

283 756 359 827 siae,
382 773 440 828 qus
456 755 607 812 (1611611661
630 774 715 829 super
737 757 884 814 articulum
919 760 1010 816 Credo
1035 776 1124 815 resur-
1151 759 1201 812 abi
1216 760 1334 815 babetur
1350 760 1506 814 benedictio
1525 776 1681 830 campanae
1699 766 1726 814 et
1741 761 1824 815 nulia
1843 763 1875 827 ns
1886 762 1991 815 memio

283 843 438 899 rectionem
457 849 635 912 mortuorum,
652 844 790 915 baptizari
806 852 1017 902 consueverunt.
1047 844 1124 909 Quae
1151 846 1290 915 baptinni.
1334 844 1389 901 Sed
1417 862 1461 901 res
1489 845 1552 917 ipsa
1574 850 1708 915 testatur,
1734 846 1809 917 quod
1835 846 1989 918 longiorem

266 929 362 985 »euim
384 929 467 985 hodie
485 930 515 984 in
533 929 673 1001 baptismo
692 932 796 986 usitata
815 939 858 988 est
876 933 996 1004 symboli
1015 936 1124 1003 aposto·
1151 938 1324 1002 apparatum,
1333 931 1548 988 ambitiosiorem
1557 949 1695 1005 pompam,
1705 933 1876 989 ceremonias
1884 933 1987 1005 plures,

285 1013 334 1070 lici
357 1016 499 1084 recitatio,
523 1015 620 1071 eadem
640 1016 796 1088 primitivae
813 1018 947 1074 ecclesiae
968 1034 1078 1090 quoqne
1095 1017 1124 1070 in
1150 1016 1263 1087 majoris
1276 1018 1407 1073 momenti
1419 1034 1579 1089 praecones,
1596 1018 1784 1075 honoratiores
1798 1018 1937 1074 ministm
1952 1018 1989 1074 ad

284 1116 342 1155 usn
364 1100 434 1170 11111,
457 1107 516 1155 tum
541 1118 602 1157 cnm
623 1102 778 1173 baptismus
794 1105 1035 1160 administraretur
1053 1111 1124 1159 cate-
1151 1103 1319 1173 baptismum
1350 1119 1547 1174 campanarum
1568 1104 1707 1175 quemad
1726 1105 1864 1160 infantum
1883 1102 1989 1174 bsptis-

285 1184 444 1255 ehumenis3
470 1187 550 1260 quasi
575 1187 650 1243 dicat
672 1189 826 1260 apostolus:
853 1190 877 1244 si
895 1208 951 1245 non
970 1198 1012 1247 est
1031 1190 1125 1245 futura
1150 1205 1227 1242 mum
1243 1188 1393 1260 requirant,
1414 1189 1489 1245 unde
1508 1190 1695 1245 Bellarminus
1713 1191 1788 1245 dicto
1800 1191 1862 1246 loco
1875 1190 1988 1257 1616161,

285 1276 460 1327 mortuorum
485 1274 667 1344 resurrectio,
692 1292 777 1346 quare
796 1275 977 1348 baptizamini
996 1276 1124 1332 infidam
1151 1291 1250 1328 nomen
1274 1274 1407 1344 baptismi
1430 1294 1488 1329 non
1512 1276 1626 1345 quidem
1649 1295 1669 1330 a
1683 1278 1877 1347 pontificibus,
1901 1277 1954 1329 sed
1971 1293 1990 1328 a

284 1359 497 1414 resumectionis
521 1361 711 1415 mortuorum?
751 1361 824 1418 Vide
851 1361 1078 1434 Chrysostomum
1097 1368 1126 1417 et
1151 1361 1235 1431 saepo
1252 1377 1455 1430 campanarum
1475 1361 1664 1416 benedictioni
1680 1362 1901 1428 accommodari,
1921 1362 1989 1432 pta

285 1441 530 1515 'theophylactum
555 1445 584 1499 in
607 1445 681 1501 hunc
701 1446 800 1502 locum.
839 1448 894 1504 Sed
912 1447 1025 1503 ethaeo
1043 1448 1125 1504 inter·
1151 1446 1254 1516 vident,
1272 1448 1473 1517 easadsprryi,
1491 1448 1660 1501 6166666166
1670 1448 1785 1517 imponi,
1804 1449 1891 1517 ablui,
1910 1448 1987 1519 unpi

285 1530 408 1600 pretatio
430 1529 541 1586 ridetur
559 1531 762 1605 quodammodo
780 1538 891 1601 coacta,
911 1550 975 1587 cum
991 1535 1020 1605 ip
1033 1533 1126 1589 verbio
1152 1533 1353 1586 accremari.“
1386 1532 1590 1587 Maximilianus
1603 1532 1627 1589 1.
1639 1534 1758 1591 Roman.
1772 1534 1921 1604 imperator
1933 1540 1988 1589 sta·

286 1616 407 1687 apostoli
418 1617 551 1672 articulus
569 1619 784 1674 resurrectionis·
796 1618 832 1672 sit
848 1619 988 1674 conclusio
1001 1619 1127 1690 probata,
1151 1624 1252 1691 tuoque
1270 1619 1379 1690 imperii
1396 1620 1426 1673 in
1445 1626 1557 1674 centnm
1568 1619 1776 1691 gravaminibus
1788 1636 1881 1675 coram
1895 1619 1989 1692 legato

282 1717 344 1758 rron
355 1709 449 1758 sutem
461 1711 655 1775 argumentum
669 1705 799 1776 probans.
835 1713 859 1762 4.
873 1704 992 1770 Quidam
1010 1706 1126 1777 apostoli
1151 1704 1297 1760 Pontificio
1315 1706 1344 1761 in
1361 1704 1480 1760 comitiis
1498 1706 1774 1777 Norinbergaeanno
1789 1706 1988 1762 1621166666-

285 1788 375 1843 rerba
400 1789 541 1861 accipiunt
558 1791 593 1845 (16
613 1790 661 1859 116,
680 1791 728 1862 qui
747 1797 861 1846 mortem
877 1791 969 1862 potius
987 1797 1125 1863 oppetere,
1151 1791 1196 1859 tis,
1214 1790 1300 1846 linitis
1319 1809 1384 1848 vero
1403 1810 1476 1847 anno
1496 1797 1569 1849 1613,
1588 1792 1749 1863 gravamine
1762 1796 1803 1847 61.
1820 1792 1866 1864 pie
1883 1799 1988 1864 etpru·

288 1890 374 1946 quam
391 1875 530 1946 baptismo
549 1892 644 1932 carere
661 1877 816 1946 voluerunt,
835 1876 888 1933 hoc
908 1894 1004 1933 sensu:
1022 1877 1051 1934 si
1070 1894 1125 1932 non
1152 1876 1250 1932 denter
1277 1877 1312 1933 de
1336 1895 1535 1949 campanarum
1558 1878 1698 1948 baptismo
1717 1883 1926 1950 conqueruntur
1945 1877 1989 1933 his

287 1968 333 2017 ast
358 1962 536 2031 resurrectio,
562 1962 631 2034 quid
653 1961 761 2019 faciunt
784 1963 843 2032 illi,
873 1964 922 2035 qui
949 1963 1127 2036 baptizantur
1151 1964 1256 2019 verbis:
1287 1963 1471 2035 Suffrapanei
1496 1966 1734 2034 emopitaoerant,
1760 1972 1792 2018 ut
1817 1966 1907 2020 solum
1932 1965 1991 2035 ipri

288 2064 375 2118 super
399 2055 536 2115 mortuos,
562 2048 615 2103 hoc
633 2054 676 2103 est
693 2050 742 2120 qni
759 2049 938 2120 baptizantur
958 2051 1039 2106 morti
1054 2051 1124 2121 Jam-
1151 2058 1177 2104 et
1197 2051 1295 2105 661166
1318 2051 1394 2105 atius
1408 2035 1547 2105 ¹sacerdes
1567 2050 1651 2104 iaicis
1668 2069 1824 2121 campanas
1841 2052 1988 2121 baptismi.

288 2132 357 2188 dum
375 2150 393 2189 a
409 2133 635 2205 persecutoribus
653 2134 805 2190 deaurati?
830 2136 985 2203 66111161
1002 2138 1125 2193 referunt
1151 2137 1278 2192 Credunt
1286 2137 1389 2192 deinde
1400 2138 1595 2209 simpliciores,
1607 2138 1650 2192 ita
1661 2138 1873 2205 affirmantibus
1885 2140 1989 2209 suffra·

288 2220 442 2290 apostolica
469 2220 555 2275 rerba
581 2220 618 2275 ad
645 2221 875 2278 consuetudinem
898 2222 1015 2279 ludaeis
1040 2224 1125 2279 usita-
1150 2224 1349 2291 poncia-tales
1367 2241 1523 2294 campanas
1544 2223 1702 2294 baptisatus
1718 2223 1988 2292 peileredaemaneo

288 2309 346 2360 tam
369 2304 503 2360 abluendi
520 2322 637 2377 corpora
656 2306 861 2378 defunctorum,
885 2326 958 2381 quae
977 2310 1014 2364 ad
1032 2310 1125 2381 primi·
1151 2319 1176 2364 et
1207 2318 1391 2379 tempestatem
1439 2309 1619 2378 Quapropter
1655 2309 1795 2362 innumeri
1820 2309 1988 2379 plerumque

289 2389 363 2445 tiras
389 2391 523 2447 eeclesiae
543 2390 714 2446 Christianos
734 2394 922 2464 promanavit,
948 2400 980 2450 nt
997 2402 1076 2467 patet
1092 2414 1125 2452 ex
1151 2396 1319 2451 adhibentur
1347 2403 1517 2467 compatres,
1539 2395 1697 2465 pracipus
1719 2411 1786 2449 cero
1805 2397 1854 2465 qui
1868 2398 1987 2460 fortuna

288 2476 386 2532 actor.
409 2483 441 2542 6,
468 2493 495 2531 r.
520 2482 562 2533 ³7.
587 2482 616 2532 et
638 2476 760 2534 Eusebio
783 2478 831 2535 lib.
859 2488 882 2534 t.
906 2479 1001 2536 histor.
1027 2483 1124 2539 eccles.
1147 2482 1267 2552 pollent,
1287 2491 1448 2548 66616661,
1466 2482 1516 2552 qui
1533 2482 1729 2552 baptisationis
1745 2490 1866 2552 tempore
1880 2481 1987 2552 66166,

287 2579 313 2618 6.
334 2567 378 2618 21.
405 2566 438 2617 ut
458 2561 509 2617 hac
527 2563 669 2619 ablutione
687 2570 820 2620 testatum
837 2566 997 2637 redderent,
1021 2585 1051 2623 se
1067 2586 1125 2624 cre·
1152 2586 1209 2638 qua
1233 2586 1373 2638 campana
1389 2568 1514 2637 reiipata
1532 2576 1587 2636 661,
1613 2574 1733 2637 tanpunt
1753 2584 1787 2621 ac
1806 2568 1987 2638 suffrapansc

289 2648 357 2705 dere
368 2648 597 2704 resurrectionem
608 2665 761 2720 corporum.
791 2656 813 2707 6
827 2651 947 2716 Quidam
964 2653 1127 2726 simpliciter
1148 2656 1329 2725 praecinente
1346 2655 1598 2725 (quemadmodum
1616 2654 1646 2708 in
1659 2654 1847 2725 parrulos-ran
1866 2654 1988 2725 baptisa-

288 2735 326 2790 ad
336 2733 423 2790 tinem
437 2733 569 2806 baptismi
586 2734 661 2790 hunc
678 2735 769 2791 locum
784 2737 917 2808 referunt,
935 2739 1011 2811 qnod
1021 2739 1127 2796 scilicet
1152 2741 1228 2795 tione
1239 2742 1312 2811 fieri
1327 2740 1418 2811 16161)
1435 2756 1530 2795 amnes
1543 2741 1658 2811 pariter
1676 2742 1846 2811 respondent
1861 2757 1897 2794 ac
1914 2758 1988 2795 cam·

287 2838 353 2878 cum
371 2821 481 2878 Christo
499 2823 670 2892 baptizemur
686 2824 718 2877 in
730 2831 855 2890 mortem,
873 2829 905 2881 nt
917 2828 1126 2883 resurrectionis
1147 2844 1246 2896 panae
1263 2844 1362 2882 66666
1380 2828 1552 2896 inpetissent
1568 2835 1694 2897 certeque
1705 2845 1778 2882 nora
1792 2828 1811 2897 (
1810 2830 1989 2897 6166666166·
2009 2822 2016 2831 “

288 2908 351 2979 ejus
370 2907 520 2979 participes
535 2908 628 2979 aimus,
647 2908 727 2967 Rom.
743 2915 767 2979 6,
786 2928 812 2965 v.
823 2917 848 2967 4.
867 2917 895 2967 61
912 2919 936 2968 5.
955 2912 1034 2984 quasi
1052 2912 1127 2968 dicat
1152 2915 1219 2966 dnm
1231 2921 1258 2968 et
1269 2912 1438 2967 Chriatr'rsnis
1447 2913 1512 2979 fieri
1522 2913 1613 2982 rotet)
1621 2930 1763 2983 campana
1773 2914 1911 2985 induitur,
1922 2914 1989 2967 inde

288 2995 445 3067 apostolus:
473 2995 503 3051 si
530 2996 631 3052 mortui
657 3014 713 3053 non
737 3006 900 3070 resurgunt,
927 3016 1013 3071 quare
1035 3000 1125 3072 bapti·
1151 3001 1194 3053 ad
1209 3007 1352 3054 sumtuosa
1366 3006 1544 3069 properatur
1562 3000 1704 3069 concivio,
1724 3001 1823 3070 quibus
1834 3001 1990 3071 praecipue

287 3081 400 3151 ramiui3
411 3087 444 3137 ut
453 3085 533 3137 retus
547 3082 629 3139 homo
642 3083 835 3155 emtiugnatur
846 3091 875 3140 et
887 3103 975 3141 novus
986 3093 1125 3158 exsurgat.
1151 3093 1315 3155 conpatres,
1336 3092 1367 3137 ut
1380 3100 1413 3138 eo
1427 3084 1538 3153 turpius
1547 3101 1665 3138 mnmra
1677 3086 1806 3154 offerant,
1820 3086 1989 3141 adbibentar

289 3165 347 3226 aad
371 3168 401 3222 in
428 3168 556 3224 omnibus
581 3167 658 3225 hisce
685 3168 916 3241 explicationibus
936 3174 1001 3243 jure
1020 3172 1126 3244 aliquid
1151 3189 1201 3226 nec
1220 3189 1277 3227 nan
1295 3171 1471 3242 suffrapanei
1496 3177 1522 3223 et
1541 3186 1636 3224 eorum
1654 3171 1800 3240 capellani
1815 3188 1876 3225 666
1893 3172 1990 3227 maara

288 3252 442 3310 (1661661611
459 3261 557 3325 potest.
582 3254 785 3327 Amplectimur
799 3256 885 3328 igitur
896 3257 1125 3329 simplicissimam
1151 3258 1220 3313 aliia
1242 3257 1380 3312 ministris
1403 3255 1538 3323 repetitor
1558 3264 1723 3325 paterentur.
1764 3257 1825 3310 Nee
1849 3257 1901 3312 boe
1918 3258 1990 3311 satie

288 3336 368 3395 illam
385 3339 583 3410 expositionem
601 3340 637 3396 de
654 3341 710 3397 ritu
729 3339 890 3413 baptizandi
901 3343 1072 3400 Christianos
1090 3345 1126 3400 ad
1151 3353 1200 3414 est,
1219 3346 1272 3398 sed
1289 3351 1315 3397 et
1333 3343 1515 3413 ruffi-apansa
1526 3344 1680 3396 mecedem
1694 3342 1867 3412 persoluere⁴
1879 3358 1989 3397 necare

291 3425 422 3497 sepulcra
447 3432 631 3492 mortuorum,
661 3427 709 3498 qni
738 3428 894 3500 symbolum
926 3428 991 3486 fidei
1016 3430 1070 3486 luit
1098 3437 1127 3487 et
1151 3438 1200 3501 est,
1216 3448 1301 3499 qssam
1316 3429 1364 3483 illi
1374 3427 1566 3482 mummolum
1577 3443 1680 3482 occare
1693 3428 1800 3497 161661,
1816 3428 1883 3482 inde
1892 3429 1989 3497 menet,

289 3511 470 3570 mannonis
492 3513 528 3569 (16
549 3514 750 3570 resurrectione
774 3523 944 3572 monueram
969 3534 1001 3572 ac
1019 3517 1125 3573 (16661-
1150 3525 1182 3571 61
1205 3516 1363 3586 aliquando
1383 3515 1467 3569 61166
1492 3515 1524 3568 in
1544 3513 1647 3583 parcis
1664 3514 1743 3567 siliis
1761 3520 1869 3567 centnm
1883 3515 1990 3584 florsni

287 3597 409 3656 16611616
427 3607 455 3655 61
473 3600 676 3655 consociatione
694 3600 897 3672 baptisatorum
911 3603 1035 3659 vivorum
1048 3604 1126 3675 spiri·
1151 3603 1182 3657 in
1195 3602 1250 3658 tali
1262 3601 1444 3656 absumantur
1461 3607 1488 3654 et
1500 3600 1692 3669 sapendantur
1705 3599 1898 3671 baptisatione,
1916 3616 1988 3670 quoe

288 3685 360 3741 tuali
385 3702 448 3741 cum
471 3686 602 3742 membris
624 3686 707 3740 nnius
729 3688 910 3761 ejusdemque
927 3691 1049 3762 corporis
1066 3708 1126 3761 my·
1151 3707 1197 3744 res
1221 3706 1277 3742 non
1297 3689 1388 3743 solum
1405 3686 1614 3757 superstitiosa,
1633 3685 1789 3739 sedetiam
1809 3684 1989 3741 ibrinianae

289 3771 361 3842 stiei,
381 3772 449 3844 quin
465 3776 494 3828 et
512 3772 625 3844 publica
641 3772 775 3843 professio
797 3774 832 3829 de
850 3781 937 3832 morte
953 3794 1005 3848 pro
1024 3777 1127 3833 Christi
1151 3775 1288 3844 relipioni
1305 3773 1451 3829 contraria
1469 3788 1504 3825 ac
1516 3770 1723 3840 simpliciorum
1733 3773 1860 3826 seductio
1873 3779 1987 3827 616666

290 3858 382 3933 daria
398 3865 428 3915 et
444 3858 562 3914 articulo
574 3860 781 3915 resurrectionis
793 3859 931 3917 obeunda.
963 3863 1127 3920 “Clemens
1152 3868 1193 3915 est
1215 3860 1341 3930 6666116·
1371 3865 1551 3913 6616616666
1571 3857 1712 3926 spacapi,
1737 3866 1768 3911 ut
1790 3860 1987 3929 suffraganeos

289 3943 340 4001 lib.
360 3950 386 4002 6.
406 3945 549 4002 constitut.
568 3949 657 4001 6661
677 3943 894 4016 Conprepamini
907 3948 937 4001 in
949 3951 1126 4019 coemeteriis,
1151 3948 1195 4002 rel
1214 3947 1365 4001 6111161666
1384 3946 1518 3999 obaerurs
1532 3943 1646 4013 possint
1656 3945 1795 4008 mercede,
1813 3944 1886 3998 talia
1898 3946 1986 3999 etad·

290 4030 375 4101 ispite
407 4031 495 4086 libros
524 4049 622 4086 saeros
652 4049 689 4085 ac
726 4034 768 4086 ad
797 4041 970 4088 mortuarios
1007 4036 1128 4091 tumulos
1151 4036 1206 4089 buc
1229 4033 1400 4087 absurdiora
1425 4030 1555 4087 tolerant.
1590 4030 1649 4085 1166
1672 4030 1767 4099 itaque
1784 4038 1841 4083 tam
1858 4031 1987 4099 ufanda

288 4117 470 4190 psalmodias
489 4119 624 4171 cantet*
657 4116 741 4171 Hunc
761 4124 853 4174 antem
873 4136 977 4176 morem
994 4121 1127 4193 inprimi·
1153 4128 1180 4175 et
1205 4119 1311 4175 illicito
1339 4122 1437 4172 merto
1466 4117 1578 4172 aboleri
1602 4118 1685 4171 debet.
1725 4118 1853 4171 Ceterum
1876 4117 1905 4170 si
1924 4133 1988 4171 con·

290 4203 351 4259 tiva
367 4202 486 4258 ecclesia
503 4209 645 4274 receptum
663 4202 749 4259 fuisse
767 4210 886 4260 testetur
904 4206 1023 4277 epistola
1040 4208 1127 4263 eccle·
1153 4209 1255 4261 (166616
1269 4213 1394 4274 occatur,
1415 4211 1446 4257 61
1462 4219 1619 4274 campanae
1637 4209 1831 4258 commentar
1843 4201 1903 4271 (ita
1915 4203 1988 4257 onim

291 4289 351 4350 siae
369 4288 544 4361 smyrnensis
565 4290 641 4361 apud
657 4289 811 4345 Eusebium
829 4290 878 4350 lib.
897 4298 922 4347 4.
949 4292 1013 4347 11161.
1031 4293 1128 4350 eccles.
1152 4292 1330 4365 suffraganei
1346 4290 1559 4360 baptisationem
1576 4289 1739 4359 appellant,
1759 4288 1867 4358 6661166
1883 4307 1902 4343 6
1915 4306 1987 4359 prn-

266 4383 318 4435 16.
339 4382 379 4433 16.
414 4376 590 4446 Augustinus
614 4377 662 4433 lib.
681 4382 722 4433 26.
749 4377 784 4431 (16
807 4377 912 4433 civitat.
931 4377 985 4434 Dei
1002 4397 1025 4435 c.
1045 4384 1069 4435 9.
1100 4386 1128 4435 et
1153 4378 1327 4436 (1666611666
1354 4379 1390 4431 de
1418 4377 1473 4431 bac
1497 4393 1529 4430 re
1554 4375 1801 4445 interpellantur),
1825 4376 1989 4431 conveniens

291 4460 433 4520 lantherus
461 4462 491 4516 iu
515 4461 615 4532 explic.
643 4462 727 4533 thus
752 4462 815 4518 loci.
858 4463 939 4519 Hanc
965 4465 1128 4538 interpreta-
1154 4468 1219 4535 erit,
1242 4472 1273 4518 ut
1291 4463 1359 4518 talia
1376 4462 1548 4518 consecratio
1568 4478 1623 4532 per
1639 4478 1858 4533 unumquemque
1874 4465 1927 4528 fiat
1943 4480 1989 4519 aa·

290 4549 397 4606 tionem
416 4554 570 4618 aquantur
587 4546 718 4604 Bucanus
736 4547 766 4603 in
786 4548 846 4604 loco
863 4549 898 4624 de
909 4548 1010 4622 baptis.
1026 4568 1054 4622 p.
1069 4557 1126 4608 646.
1155 4553 1308 4618 cerdonem,
1326 4549 1560 4620 mamodmodam
1577 4565 1640 4602 cnm
1654 4566 1732 4618 apua
1750 4550 1904 4615 benedicta,
1920 4550 1989 4613 sats,

291 4634 420 4693 Piscator
437 4634 467 4689 iu
484 4632 595 4690 scholiis
612 4642 642 4690 et
661 4635 717 4689 alii.
1155 4638 1249 4693 herbis
1272 4642 1298 4689 st
1320 4634 1459 4689 tinnitibus
1476 4633 1548 4704 fieri
1565 4633 1649 4702 colet,
1673 4634 1760 4704 idque
1779 4635 1881 4707 666666
1895 4636 1989 4706 pretio

266 4746 282 4777 i·
330 4726 389 4778 166.
426 4724 451 4776 2.
471 4719 632 4790 Baptismus
655 4735 851 4791 campanarum
876 4720 906 4774 in
921 4727 1028 4793 papatu
1044 4719 1129 4776 usita-
1155 4731 1181 4778 et
1197 4739 1319 4793 expensa
1338 4720 1492 4789 laicorum,
1516 4736 1552 4774 ne
1571 4719 1694 4790 populus
1711 4720 1831 4790 simplas
1847 4721 1889 4774 ita
1906 4721 1988 4775 sedu-

266 4800 340 4883 [aas
359 4813 403 4863 661
419 4804 502 4862 ”De
520 4821 575 4876 quo
593 4805 650 4861 vid.
667 4804 778 4861 Martia.
797 4806 833 4860 (16
851 4804 934 4861 Arles
952 4805 982 4861 in
996 4811 1076 4862 tract.
1094 4807 1129 4863 de
1154 4817 1236 4863 catur
1260 4816 1286 4862 et
1308 4808 1412 4862 damno
1438 4805 1601 4874 aspiciatur,
1628 4822 1679 4861 nec
1702 4823 1759 4861 non
1784 4806 1923 4865 66611666
1941 4807 1988 4860 eie-

292 4893 434 4965 mpersat.
452 4909 526 4948 unm.
547 4898 571 4947 9.
589 4897 618 4946 et
638 4897 677 4947 14.
695 4891 800 4949 Concil.
815 4892 910 4948 Colon.
921 4898 992 4963 part.
1011 4899 1129 4951 6614.
1154 4895 1302 4950 testandae
1322 4893 1499 4962 praesumo
1518 4893 1641 4950 66116161.
1676 4889 1756 4949 Η666
1773 4893 1877 4949 Caesar
1893 4895 1923 4947 et
1938 4891 1988 4946 im·

291 4977 409 5037 Petrum
439 4977 569 5034 Messium
592 4976 785 5047 Hispalensem
816 4977 864 5033 lib.
891 4983 931 5035 11.
957 4978 1012 5034 div.
1036 4979 1129 5036 lectio-
1154 4980 1225 5051 perii
1244 4978 1362 5035 ordines.
1396 4978 1442 5033 De
1459 4977 1556 5034 eodem
1573 4977 1712 5049 baptismo
1729 4993 1929 5050 campanarum
1948 4977 1988 5034 sic

291 5079 362 5122 unm
383 5081 407 5120 a
430 5068 454 5119 6.
498 5062 704 5119 centuriatores
732 5068 804 5118 cent.
830 5069 875 5128 16,
902 5079 926 5119 6.
945 5067 970 5118 6.
997 5063 1128 5121 661264.
1154 5065 1252 5122 scribit
1269 5064 1382 5121 Wiorus
1400 5064 1449 5119 lib.
1469 5070 1491 5120 1.
1509 5064 1545 5120 (16
1563 5065 1694 5138 praestig.
1714 5065 1802 5121 daem
1819 5080 1843 5119 c.
1865 5069 1888 5120 6.
1907 5069 1937 5120 61
1953 5079 1987 5120 ex

292 5148 455 5222 emigrem
471 5148 501 5203 in
520 5148 568 5205 lib.
585 5154 623 5206 11.
658 5147 824 5204 Franciscus
841 5148 890 5204 lib.
910 5154 935 5204 4.
954 5165 978 5205 c.
998 5156 1040 5205 47.
1059 5151 1128 5207 reci-
1153 5166 1187 5206 eo
1213 5150 1357 5207 iohannes
1380 5148 1499 5206 Wolfius
1521 5149 1631 5207 lection
1650 5149 1797 5207 memorab.
1815 5155 1924 5207 centem
1945 5156 1985 5207 16.

291 5240 357 5293 tans
378 5233 603 5290 constitutionem
627 5232 720 5288 Caroli
739 5233 848 5305 Magni,
873 5234 1007 5307 Episcopi
1032 5236 1127 5307 glocas
1152 5252 1225 5292 auno
1244 5242 1318 5292 1656.
1337 5252 1402 5308 pag.
1423 5240 1488 5291 593:
1516 5235 1582 5290 Huc
1602 5236 1744 5307 pertinent
1759 5235 1901 5307 ludibria,
1926 5235 1985 5306 qui·

290 5337 350 5379 uau
372 5315 523 5391 baptizent.
558 5318 742 5375 Bellarminus
760 5319 807 5375 libr
826 5326 850 5376 4.
870 5320 906 5375 de
925 5319 1040 5376 Romen
1059 5338 1127 5393 pon·
1153 5322 1202 5376 bus
1229 5322 1355 5377 Satanas
1380 5330 1491 5377 nemrot
1514 5322 1639 5377 homines
1663 5322 1747 5377 etiam
1769 5338 1801 5376 co
1820 5323 1929 5391 666661,
1954 5329 1986 5375 61

287 5404 335 5463 fii.
353 5423 378 5464 c.
398 5410 442 5462 12:
467 5405 614 5459 Haeretici
638 5412 688 5459 aut
711 5423 771 5460 rem
789 5408 882 5475 ipsam
900 5408 944 5462 ost
962 5423 1063 5462 nomen
1080 5409 1128 5463 ba
1152 5426 1208 5463 non
1218 5424 1301 5461 saera
1314 5406 1452 5478 baptismo
1462 5408 1684 5477 reponeretionis
1697 5406 1814 5462 lamera
1825 5410 1867 5462 ad
1879 5406 1987 5462 Christi
1997 5421 2035 5465 tx
2047 5421 2088 5466 nt

284 5492 389 5565 ptismi
412 5508 615 5562 campanorum
636 5492 852 5560 reprebendunt.
891 5494 926 5548 Si
944 5509 1011 5564 rem,
1030 5503 1127 5566 operte
1152 5494 1327 5549 solummodo
1350 5494 1474 5548 membra
1495 5494 1653 5565 pertinente
1681 5500 1707 5547 st
1733 5494 1895 5548 macana
1923 5501 1985 5549 tan·

291 5579 473 5650 decipiuntur
488 5578 532 5631 cel
549 5577 727 5647 mentiuntur,
746 5596 803 5633 non
822 5557 1069 5651 enim-campanae
1084 5601 1127 5638 re·
1153 5587 1225 5644 tam,
1252 5579 1299 5633 ubi
1324 5593 1339 5632 e
1363 5581 1502 5635 66666616
1528 5580 1719 5635 detrsrbandus
1736 5588 1777 5635 est
1793 5581 1925 5650 (1666666,
1950 5579 1986 5634 ab

289 5680 360 5721 rara
382 5663 572 5734 baptirantur,
595 5664 648 5718 red
670 5664 761 5717 solum
786 5665 987 5720 benedicuntur
1005 5675 1031 5722 et
1049 5669 1128 5722 desii·
1152 5666 1222 5731 silis,
1240 5664 1291 5735 qui
1306 5664 1368 5734 ejus
1380 5664 1512 5735 pellendi
1527 5665 1672 5735 rinpuiare
1690 5667 1794 5721 donum
1809 5666 1918 5731 babent,
1936 5681 1987 5736 ap·

291 5756 395 5807 eantur
412 5749 508 5803 diuino
526 5749 616 5803 cultui
632 5766 664 5803 eo
681 5751 778 5821 modo,
801 5768 856 5821 pua
873 5751 993 5822 tempta,
1011 5753 1127 5820 6116161,
1149 5751 1311 5824 plicandis,
1337 5768 1491 5822 campanae
1516 5760 1543 5806 et
1565 5752 1754 5808 6666666616
1773 5751 1919 5824 eapientur
1940 5768 1988 5806 aa·

292 5835 398 5897 colim
422 5841 449 5890 et
471 5833 532 5891 aiio
556 5852 743 5903 sacramen,
769 5844 800 5892 ut
813 5844 895 5908 patet
912 5854 945 5892 ec
959 5837 1127 5910 pontificali,
1153 5838 1365 5907 emicenturous
1387 5837 1568 5908 oponrorubas
1587 5844 1615 5893 et
1636 5838 1752 5895 teratur
1769 5838 1800 5894 in
1818 5837 1990 5908 6666166661
