4800 6659
971 784 1023 839 DE
1041 782 1316 842 SAORAMENTIS.
1932 796 1994 852 215

291 940 412 996 salutem
438 941 467 996 in
492 941 573 996 nobis
593 948 745 1012 operatur,
774 946 866 995 tamen
886 938 967 995 aliter
984 939 1129 995 nobiseum
1141 943 1145 1000 1
1158 953 1220 994 esse
1238 937 1365 1007 dicimus,
1384 939 1513 993 nimirum
1531 937 1554 992 si
1573 938 1618 993 vel
1636 938 1664 993 in
1681 938 1744 1006 tide,
1763 938 1868 1011 pietate
1882 945 1994 994 etnovs

291 1026 353 1098 egit
370 1027 448 1082 Deus
467 1027 665 1098 perverbum,
688 1027 769 1082 aliter
788 1043 838 1097 per
857 1026 1039 1097 baptismum3
1058 1024 1129 1078 illud
1155 1023 1315 1079 obedientia
1343 1031 1500 1080 constanter
1517 1041 1737 1096 perseveremus,
1765 1025 1810 1080 vel
1829 1025 1859 1080 in
1875 1031 1993 1097 peccata

292 1112 418 1183 quotidie
442 1113 530 1167 voluit
553 1114 642 1184 repeti
665 1119 694 1167 et
717 1111 862 1180 inculcari,
886 1118 918 1166 ut
941 1110 1010 1165 fides
1030 1108 1128 1165 confir·
1155 1110 1275 1181 prolapsi
1299 1128 1349 1181 per
1374 1128 1468 1165 veram
1492 1110 1699 1166 conversionem
1722 1111 1760 1165 ad
1778 1110 1870 1165 Deum
1893 1113 1990 1168 redca-

291 1206 399 1268 metur,
429 1204 566 1270 augeatur
589 1206 617 1253 et
640 1198 796 1266 nutriatur3
820 1198 870 1252 sed
892 1214 943 1267 per
959 1196 1128 1266 baptismum
1154 1213 1228 1265 mus,
1246 1214 1301 1268 quo
1319 1197 1440 1267 pertinet
1457 1196 1657 1266 pulcherrimus
1677 1197 1753 1253 locus
1765 1197 1867 1253 Jerem.
1885 1202 1945 1265 3,v.
1963 1204 1990 1254 1:

290 1283 390 1340 foedus
414 1290 557 1339 aeternum
582 1283 727 1339 nobiscum
750 1284 816 1353 init,
841 1284 913 1338 sicut
939 1300 987 1354 per
1010 1283 1127 1337 circum·
1159 1281 1247 1349 Vuipe
1265 1284 1389 1336 dicitur.-
1419 1284 1452 1335 Si
1477 1284 1617 1336 dimiserit
1642 1283 1686 1337 sir
1713 1300 1827 1337 acorem
1842 1301 1937 1351 mam,
1965 1290 1991 1337 ιι

291 1370 424 1425 cisioncm
443 1387 506 1425 cum
533 1370 668 1425 Isrsblitis
691 1370 755 1425 olim
780 1369 855 1437 iniit,
882 1386 915 1424 ae
939 1369 1056 1440 proinde
1079 1367 1127 1422 bu·
1153 1370 1285 1422 recedens
1302 1370 1337 1422 ab
1356 1386 1387 1422 eo
1406 1368 1518 1423 demerit
1536 1369 1627 1421 uirum
1645 1370 1773 1436 atterum,
1792 1372 1928 1438 numquid
1946 1370 2064 1424 re·V1¹1·
2078 1368 2124 1412 ⁸²&

290 1456 410 1528 ptismus
433 1455 521 1527 repeti
546 1472 601 1509 non
624 1456 716 1511 debet.
756 1460 781 1509 t.
800 1454 985 1510 Eucharistia
1003 1472 1059 1508 non
1076 1454 1127 1506 mi·
1152 1461 1276 1507 certetur
1295 1457 1336 1509 od
1357 1472 1418 1508 eam
1435 1455 1535 1508 ultra!
1561 1462 1590 1508 tu
1608 1464 1699 1509 autem
1713 1456 1866 1523 fornicata
1884 1473 1912 1508 cs
1930 1473 1991 1509 curn

289 1548 343 1597 nus
370 1544 492 1597 continet
512 1552 631 1612 pactum
651 1543 709 1596 Dei
723 1559 806 1611 quam
824 1542 977 1611 baptismus
991 1548 1017 1594 et
1034 1548 1126 1593 tamen
1153 1540 1324 1594 amatoribus
1346 1541 1455 1608 multis,
1485 1548 1577 1595 tamen
1605 1550 1742 1595 revertere
1768 1544 1810 1595 ad
1835 1559 1892 1610 me,
1921 1543 1999 1602 dicit¹

289 1630 382 1698 repeti
398 1636 501 1697 potest.
543 1629 768 1699 Respondemus:
793 1628 830 1683 de
846 1627 1010 1698 repetitione
1029 1625 1126 1680 eucha·
1155 1625 1313 1695 Dominus,·
1343 1644 1369 1683 v.
1389 1633 1419 1681 t:
1440 1628 1620 1697 erpoaattcm
1634 1628 1736 1680 amodo
1752 1646 1823 1681 voca
1834 1645 1885 1696 me,
1903 1630 2013 1683 Pater·

289 1713 386 1769 medae
403 1715 637 1769 exstatdisertum
651 1714 753 1769 Christi
770 1713 944 1768 mandatum:
963 1711 1127 1778 bocfacite,
1153 1728 1238 1776 meses,
1265 1713 1323 1765 ιιιιιι
1351 1713 1526 1781 airpinitotr‘s
1556 1730 1634 1766 meae
1658 1722 1689 1766 ιιι
1710 1730 1740 1766 ιι
1763 1719 1817 1771 ιιι.
1854 1713 1990 1778 Quemad-

290 1800 505 1869 quotiescunque
515 1802 651 1869 feceritis
668 1806 721 1856 etc.
749 1799 934 1870 Nequaquam
946 1813 1012 1851 vero
1025 1812 1126 1850 novum
1154 1797 1266 1851 modum
1293 1799 1379 1869 igitur
1408 1799 1525 1853 maritus
1552 1816 1679 1869 uxorem,
1705 1816 1788 1871 quam
1807 1800 1836 1853 in
1853 1800 1991 1855 adulterio

289 1892 404 1957 pactum
422 1886 566 1941 uobiscum
587 1886 616 1940 in
636 1902 723 1942 coena
732 1885 811 1939 Deus
830 1884 920 1956 erigit,
939 1883 989 1938 sed
1007 1882 1127 1951 primum
1155 1882 1355 1953 deprehensam
1378 1885 1451 1940 bono
1471 1887 1534 1956 jure
1552 1886 1700 1955 repudiare
1718 1892 1842 1956 poterat,
1868 1886 1991 1940 retinens

289 1971 375 2040 illud,
399 1972 473 2043 quod
500 1972 530 2025 in
553 1972 691 2043 baptismo
714 1970 858 2027 nobiscum
878 1970 953 2038 iniit,
978 1986 1028 2038 per
1046 1985 1127 2022 usum
1153 1987 1209 2024 non
1233 1970 1270 2023 ad
1295 1970 1371 2024 alind
1389 1988 1472 2042 quam
1492 1970 1615 2041 conjugii
1635 1970 1720 2025 semel
1738 1973 1873 2027 contracti
1891 1971 1990 2027 foedus

289 2073 387 2113 merae
410 2075 512 2114 coense
538 2058 730 2126 confirmatur,
756 2063 806 2112 aut
829 2057 854 2111 si
882 2062 1013 2126 exparte
1032 2061 1128 2109 nostru
1152 2062 1278 2124 revocut;
1300 2056 1340 2110 ita
1362 2057 1439 2112 Deus
1466 2072 1595 2126 sponsam
1623 2056 1778 2111 adulteram
1808 2057 1991 2114 fornicantem
2081 2070 2089 2088 ‘

288 2161 340 2215 per
364 2150 481 2215 peccata
506 2145 635 2215 grsvima
658 2151 756 2198 contra
779 2142 976 2197 conscientiam
1004 2141 1127 2196 admissu
1153 2158 1216 2195 cum
1244 2142 1413 2197 amatoribus
1437 2142 1530 2195 multis
1552 2160 1609 2196 non
1637 2143 1673 2195 ad
1698 2142 1775 2197 aliud
1801 2161 1885 2214 quam
1905 2145 1990 2200 semel

288 2229 424 2284 violatum
442 2229 534 2297 fuerit,
553 2230 758 2302 redintegratur
777 2246 810 2283 ac
832 2234 990 2284 renovatur.
1025 2226 1126 2282 Refero
1152 2226 1251 2282 initum
1283 2228 1434 2298 spiritualis
1470 2228 1593 2299 conjugii
1632 2235 1746 2298 pactum
1773 2229 1873 2284 reverti
1898 2231 1989 2299 jubet

288 2314 344 2371 bue
368 2315 506 2386 insignem
531 2316 624 2372 locum
646 2333 679 2370 ex
701 2314 738 2371 D.
757 2314 917 2371 Chemnicio
944 2314 974 2367 in
991 2319 1071 2369 meet.
1091 2313 1126 2367 de
1152 2313 1236 2368 Hanc
1267 2329 1388 2384 namque
1418 2314 1633 2369 consolationem
1663 2313 1700 2368 ad
1730 2314 1828 2368 foedus
1857 2314 1989 2384 baptismi

287 2416 377 2455 coena
396 2401 509 2457 Domini
532 2419 555 2456 c.
579 2407 617 2457 11.
640 2420 667 2471 p.
687 2407 753 2457 472:
789 2402 900 2455 Nouum
922 2401 1126 2453 Testamentum
1152 2407 1227 2455 recte
1257 2399 1459 2454 accommodari
1488 2399 1610 2455 ostendit
1635 2400 1791 2470 exemplum
1821 2400 1989 2473 aconjugio

288 2487 401 2557 (inquit)
425 2496 466 2541 est
488 2490 595 2553 foedus
618 2489 695 2542 illud
713 2488 838 2558 gratiae,
863 2488 941 2555 quod
957 2486 1126 2539 describitur
1152 2492 1274 2540 sumtum
1293 2485 1393 2556 Ephes.
1414 2493 1437 2553 5,
1457 2504 1482 2540 v.
1498 2491 1541 2542 20.
1576 2486 1611 2540 In
1631 2486 1770 2541 obstinata
1787 2486 1941 2557 pertinacia
1959 2493 1989 2543 et

287 2573 396 2629 Jerem.
416 2577 469 2627 31.-
503 2574 649 2642 Propitius
680 2590 728 2628 ero
758 2573 954 2642 iniquitatibus
978 2589 1074 2625 eorum
1099 2580 1125 2625 ιι
1152 2571 1229 2626 finali
1245 2571 1454 2642 impoenitentia
1469 2588 1671 2643 nonnegamus
1685 2571 1776 2627 locum
1789 2572 1985 2644 babere,quod

283 2666 469 2728 peecatorum
503 2675 600 2712 eorum
627 2677 684 2714 non
711 2660 896 2714 memorabor.
942 2660 1004 2711 Ero
1030 2658 1071 2711 cis
1096 2658 1126 2710 in
1152 2656 1236 2713 Zacb.
1259 2664 1303 2725 ll,
1330 2675 1355 2710 v.
1378 2663 1418 2714 to.
1444 2658 1562 2712 dicitur:
1595 2658 1649 2710 tuli
1665 2658 1776 2728 uirpam
1795 2676 1898 2725 meam,
1917 2677 1988 2728 quae

288 2745 384 2798 Deum
404 2752 431 2798 ιι
454 2745 512 2814 spei
527 2746 598 2798 mibi
616 2752 697 2798 erunt
715 2745 745 2798 in
756 2746 904 2814 poputum.
939 2745 1004 2797 Hoc
1021 2745 1126 2808 foedus
1152 2744 1304 2796 vocabatur
1335 2744 1468 2797 amabilis
1497 2751 1524 2798 ιι
1553 2744 1685 2812 conf-repi
1714 2762 1789 2814 eam,
1820 2751 1850 2797 ut
1876 2745 1989 2799 irritum
2031 2780 2035 2787 -

288 2846 360 2899 erpa
383 2831 477 2884 Deum
503 2831 620 2885 Patrem
645 2832 784 2885 sancitum
809 2838 835 2885 ιι
857 2832 1051 2900 confirmatum
1075 2838 1125 2893 est,
1151 2832 1278 2894 facerem
1304 2830 1410 2893 foedus
1438 2846 1529 2883 meum
1557 2835 1624 2899 etc,
1657 2830 1707 2885 sed
1736 2847 1788 2901 per
1809 2839 1926 2901 peccata
1948 2832 1989 2886 in·

288 2917 424 2987 effusione
447 2918 593 2987 sanguinis
619 2916 727 2971 Christi
752 2919 782 2970 in
810 2934 907 2987 cruca·
934 2918 987 2969 sed
1016 2923 1127 2984 oportet
1152 2914 1290 2969 firmitatis
1322 2920 1350 2968 ct
1380 2914 1474 2985 lapsus
1505 2915 1680 2986 quotidianos
1713 2916 1753 2971 ita
1781 2935 1832 2971 nos
1863 2917 1989 2973 excidere

287 3002 417 3071 sisspulos
439 3003 594 3057 salvandos
615 3003 646 3056 in
669 3004 720 3057 boc
738 3004 863 3072 foedere
887 3001 1086 3071 comprehendi
1100 3009 1127 3054 ιι
1152 3001 1284 3073 baptismi
1308 3000 1435 3066 foedere,
1461 3006 1493 3055 ut
1521 3018 1571 3073 per
1597 3019 1692 3057 veram
1717 3002 1915 3073 poenitentiam
1932 3022 1989 3058 non

288 3088 319 3143 in
332 3105 366 3143 ιο
378 3105 554 3159 permanere.
581 3089 622 3142 Et
638 3089 748 3158 Spiritu
765 3090 877 3158 quidem
892 3106 947 3158 per
960 3089 1125 3158 baptismum
1151 3092 1248 3157 pateat
1278 3086 1378 3140 iterum
1402 3086 1508 3141 reditus
1531 3087 1568 3141 ad
1591 3091 1706 3157 pactum
1731 3087 1817 3143 semel
1842 3087 1989 3144 nobiscum

288 3176 319 3229 in
336 3177 443 3239 foedus
460 3175 537 3230 illud
552 3176 706 3244 recipimur
722 3182 748 3229 et
764 3192 819 3244 per
833 3175 945 3229 oubam
962 3176 993 3228 in
1011 3192 1041 3228 eo
1061 3193 1125 3229 eon-
1152 3172 1259 3237 initum,
1275 3172 1306 3227 id
1323 3189 1389 3227 vcro
1408 3189 1551 3244 negamus.
1586 3172 1762 3244 Augustinus
1782 3172 1832 3229 lib.
1853 3173 1888 3229 de
1907 3179 1988 3245 nupt.

288 3278 451 3330 sanamur5
476 3262 529 3314 sed
548 3262 674 3330 pavidae
700 3269 804 3315 mentes
829 3262 957 3315 solicitas
982 3269 1059 3328 sunt,
1087 3280 1125 3314 an
1152 3266 1180 3314 et
1202 3258 1428 3329 concupiscentia
1450 3258 1487 3312 ad
1508 3257 1603 3315 Vuler.
1623 3275 1684 3328 cap.
1708 3264 1755 3313 33:
1781 3259 1830 3313 Sic
1848 3261 1988 3331 crespien-

288 3354 365 3401 certo
384 3353 410 3399 et
426 3347 544 3411 firmiter
560 3346 617 3399 siat
634 3347 663 3399 in
674 3347 726 3400 boc
741 3348 866 3415 foedere,
886 3347 938 3400 boc
951 3348 1126 3417 desiderant,
1152 3348 1220 3399 dum
1237 3355 1285 3413 est,
1304 3347 1382 3415 quod
1397 3346 1440 3398 ait
1457 3345 1620 3416 apostolup:
1639 3345 1765 3400 Christus
1783 3346 1884 3399 uitreis
1902 3347 1987 3401 eccie-

288 3432 338 3487 boe
355 3440 468 3501 optant,
486 3440 517 3485 ut
534 3432 604 3485 certi
619 3449 678 3485 esse
690 3432 821 3501 possint,
838 3449 868 3486 tc
887 3434 918 3487 in
936 3433 988 3486 boc
1005 3435 1123 3497 foedere
1150 3434 1224 3486 siam
1259 3439 1310 3487 etc.
1353 3440 1385 3485 ιιι
1427 3433 1525 3484 codem
1559 3432 1674 3486 lauaem
1706 3433 1925 3501 regenerationis
1961 3441 1988 3489 ιι

287 3519 399 3588 gratiae
416 3525 555 3586 perpetuo
580 3535 728 3571 mauceuos
755 3526 782 3572 ιι
803 3527 1040 3588 perseveraturos.
1074 3518 1124 3572 bi·
1150 3519 1233 3572 uerbo
1251 3518 1485 3583 sanctificationis
1504 3519 1599 3571 omnia
1613 3537 1736 3589 prorsus
1755 3520 1833 3573 mala
1844 3520 1986 3575 bominum

288 3604 343 3659 tius
363 3604 424 3657 Dei
439 3603 527 3672 ipitur
546 3611 622 3656 certo
636 3604 757 3673 pipnore
774 3612 801 3657 ct
819 3604 976 3658 arrhabone
995 3605 1025 3658 in
1037 3621 1123 3658 coena
1149 3614 1378 3674 repereratorum
1399 3606 1569 3659 mundentur
1588 3613 1671 3675 atque
1693 3594 1841 3675 sanentur,
1867 3625 1923 3661 non
1942 3624 1985 3659 so·

287 3708 339 3745 ιιιιι
354 3690 415 3744 uult
438 3691 523 3754 fidem
546 3697 671 3744 nostram
690 3692 871 3761 confirmare,
894 3699 924 3744 ut
942 3691 1013 3745 certi
1028 3692 1123 3757 umus,
1149 3693 1208 3746 lum
1229 3699 1362 3760 peccata,
1390 3709 1462 3760 pesae
1488 3693 1581 3745 omnia
1603 3711 1677 3746 nunc
1692 3692 1870 3746 remittuntur
1889 3693 1919 3745 in
1937 3692 1985 3745 ba·

287 3793 337 3831 nos
356 3777 387 3830 in
402 3777 520 3841 foedere
531 3792 591 3829 esse
603 3784 629 3829 ιι
642 3777 849 3845 comprehendi,
868 3785 952 3846 atque
963 3778 1036 3832 adeo
1047 3778 1123 3831 testi·
1145 3777 1259 3848 ptismo,
1278 3780 1332 3831 scd
1348 3776 1430 3831 ctiam
1447 3795 1520 3846 puae
1527 3779 1670 3846 posterius
1684 3779 1807 3831 bumana
1821 3779 1987 3846 ipnerontia

285 3864 398 3930 icatur,
416 3878 446 3915 se
464 3878 516 3914 nos
528 3868 659 3931 potenter
676 3862 747 3916 velle
764 3862 793 3915 in
807 3865 930 3929 foedere
947 3863 1000 3918 illo
1015 3880 1124 3917 conser-
1149 3865 1193 3918 oel
1213 3865 1375 3929 infimitate
1394 3865 1611 3929 contrabuntur,
1635 3882 1691 3917 non
1714 3872 1744 3917 ut
1762 3865 1901 3934 baptisma
1919 3882 1985 3933 quo·

286 3966 354 4003 aare
370 3954 426 4005 ete.
462 3950 521 4002 Nos
538 3948 635 4001 miseri
643 3950 753 4015 foedus
770 3949 847 4002 illud
862 3951 983 4016 pratiee,
1000 3951 1029 4003 in
1047 3953 1124 4019 quod
1149 3953 1200 4005 ties
1217 3958 1370 4019 peccatur,
1396 3951 1477 4004 toties
1496 3958 1652 4019 repetatur,
1678 3952 1729 4003 sed
1746 3952 1813 4019 quia
1829 3950 1891 4018 epse
1908 3953 1986 4020 quod
2079 3951 2082 3956 ’

282 4052 337 4105 per
353 4035 522 4103 baptismum
537 4035 643 4104 recepti
656 4052 758 4099 sumus,
776 4051 861 4103 saepe
873 4035 1020 4100 uiolamus,
1038 4053 1123 4105 saepe
1148 4037 1233 4090 semel
1252 4039 1351 4101 datur,
1377 4037 1422 4102 fic,
1440 4044 1470 4089 ut
1486 4054 1543 4090 non
1560 4036 1652 4089 solum
1669 4043 1768 4103 autea,
1791 4036 1985 4089 verumetiam

286 4122 511 4188 trauspredimur
536 4128 561 4175 ιι
587 4122 767 4190 franpimue,·
797 4128 823 4173 ιι
836 4137 891 4188 per
900 4122 991 4188 fidem
1009 4123 1122 4190 quidem
1144 4131 1246 4193 postea
1275 4122 1460 4192 quarumlibet
1483 4130 1662 4190 peccatorum
1684 4122 1767 4175 uenia
1780 4122 1916 4191 fidelibus
1934 4122 1983 4175 im-

286 4208 316 4262 in
338 4224 408 4262 uera
426 4207 601 4277 poenitentia
624 4209 665 4260 ad
681 4208 791 4273 foedus
813 4207 889 4260 illud
907 4208 1032 4261 redimus
1050 4216 1075 4261 ιι
1092 4210 1122 4262 in
1143 4217 1279 4279 petretur.
1316 4207 1455 4263 Lutherus
1483 4209 1512 4262 in
1537 4208 1585 4263 lib.
1610 4209 1644 4263 de
1669 4207 1770 4279 captiv.
1793 4208 1895 4279 Babyl.
1921 4225 1983 4281 cap.

286 4294 363 4349 iilud
378 4293 540 4364 recipimur,
558 4300 588 4346 ut
607 4301 699 4347 tamen
714 4294 790 4362 fides
803 4310 835 4347 eo
849 4293 1009 4362 pleniorem
1021 4295 1122 4349 lrabeat
1149 4296 1185 4350 de
1202 4295 1279 4366 bapt
1297 4300 1362 4352 tom.
1380 4300 1404 4350 2.
1429 4294 1493 4350 den.
1510 4294 1573 4350 Lat.
1593 4294 1640 4350 fol.
1660 4299 1723 4350 nu:
1754 4294 1788 4348 Si
1811 4295 1870 4361 filii
1888 4297 1984 4351 Israe'l

285 4383 498 4451 πληροφορίαν,
528 4396 578 4433 nos
600 4386 666 4449 post
694 4380 792 4446 lapsus
810 4395 892 4448 vere,
920 4388 994 4434 certo
1012 4388 1038 4435 ιι
1057 4399 1121 4435 cou-
1148 4384 1189 4436 ad
1202 4382 1406 4450 poenitentiam
1423 4382 1566 4435 reversuri
1577 4382 1674 4450 primo
1692 4382 1814 4434 omnium
1831 4383 1934 4435 ιιίιιιιη
1948 4384 1983 4435 ιιι

284 4472 392 4519 stanter
406 4465 438 4518 in
454 4466 559 4527 foedus
577 4464 653 4518 illud
670 4464 761 4532 recipi
777 4472 803 4517 et
816 4465 935 4530 restitui,
955 4466 1121 4534 rpseFilius
1148 4471 1277 4539 Aepppto
1306 4469 1497 4522 memorabant
1527 4476 1553 4521 et
1582 4469 1635 4521 bac
1657 4468 1792 4522 memoria
1816 4471 1858 4521 ad
1881 4470 1982 4537 Deum,

284 4552 345 4606 Dei
360 4552 477 4621 praebet
498 4551 579 4605 nobis
596 4569 628 4605 eu
647 4551 751 4620 pocrdo
771 4551 971 4605 benedictionis
990 4553 1120 4606 baurien-
1148 4556 1197 4624 qui
1221 4556 1358 4608 edneerat
1379 4572 1438 4621 eos,
1462 4556 1685 4618 revertebantur,
1708 4571 1780 4624 puae
1803 4555 1938 4608 memoria
1956 4562 1983 4609 ιι

285 4639 352 4691 dum
370 4638 453 4692 iilum
470 4655 550 4692 suum
568 4638 739 4706 sanpuinem,
759 4638 809 4705 qui
827 4644 867 4689 est
886 4638 924 4693 N.
944 4640 977 4695 Τ.
996 4640 1121 4713 sanpuis,
1147 4642 1198 4694 boc
1223 4641 1316 4709 ipsum
1333 4640 1513 4709 praesidium
1541 4641 1581 4694 cie
1606 4639 1686 4694 toties
1704 4658 1722 4693 a
1740 4643 1841 4709 Moyse
1859 4640 1983 4694 inculca·

285 4731 368 4793 atque
392 4723 434 4777 ita
453 4724 617 4793 praebendo
642 4724 721 4776 nobis
744 4724 909 4790 sanquinem
927 4725 1009 4778 iilum
1029 4727 1120 4779 sancit
1146 4735 1193 4779 tur
1206 4727 1554 4796 etaDaoidcrepctitur,·
1574 4734 1679 4796 qrcanto
1692 4729 1783 4795 mapis
1793 4735 1982 4781 nosnostrum

284 4817 311 4866 et
333 4812 483 4880 coufirmat
503 4811 584 4864 nobie
607 4817 807 4864 testamentum.
849 4808 928 4865 Haec
947 4810 1040 4865 omniu
1060 4812 1120 4866 dul-
1147 4814 1182 4866 ιιι
1210 4812 1337 4882 Aepypto
1362 4819 1459 4866 nostra
1491 4814 1592 4865 ercitum
1622 4813 1752 4866 ιιιιιιηιιι
1777 4829 1932 4867 memorare
1956 4821 1983 4867 et

283 4895 400 4951 cissimis
433 4894 525 4951 verbis
553 4893 738 4951 Cbemnicius.
782 4897 868 4950 Porro
892 4898 1044 4967 repetenda
1067 4898 1120 4953 boc
1146 4901 1208 4968 ejus
1229 4900 1366 4954 memorm
1388 4899 1484 4952 redire
1509 4901 1551 4952 ad
1574 4916 1650 4969 eum,
1677 4902 1727 4970 qui
1747 4918 1798 4955 nos
1816 4902 1912 4955 educit
1927 4918 1983 4971 per

247 5054 252 5064 ι
284 4982 343 5039 loco
361 4986 528 5053 arguments
546 4981 596 5036 illa
608 4982 707 5050 omnia,
726 4999 797 5053 quae
808 4986 954 5052 testantur,
966 4982 1119 5039 efficaciam
1147 4986 1293 5040 lavacrum
1318 4984 1541 5054 repererationis
1568 5004 1670 5055 ηουαι,
1697 4989 1778 5057 eujus
1797 4988 1933 5042 memoria
1951 4989 1982 5043 in

283 5066 415 5139 baptismi
433 5084 463 5122 se
480 5084 530 5139 per
547 5084 656 5123 omnem
670 5068 754 5122 vitum
773 5068 930 5137 extendere,
950 5070 1024 5124 unde
1044 5070 1120 5125 colli·
1145 5072 1197 5125 boc
1220 5073 1312 5141 speum
1336 5072 1416 5126 nobis
1438 5074 1631 5126 commendata
1657 5080 1705 5131 est.
1750 5071 1880 5128 Ceterum
1906 5073 1982 5144 quod

283 5154 360 5227 gitur
377 5171 434 5209 non
453 5169 523 5209 novo
541 5159 606 5224 post
623 5159 745 5209 nostram
765 5153 904 5210 ἔκπτωσιν
921 5172 971 5209 nos
994 5155 1120 5225 indigere
1144 5157 1330 5212 Bellarminus
1364 5157 1469 5212 dietum
1500 5158 1683 5229 apostolicum
1716 5159 1796 5215 Rom
1828 5166 1860 5228 3,
1894 5176 1919 5215 v.
1950 5166 1980 5215 ιι

283 5238 403 5306 foedere,
421 5239 472 5295 sed
490 5238 600 5310 pristini
618 5240 807 5295 tanturmmodo
826 5241 1014 5297 renovatione.
1046 5242 1119 5298 Vide
1145 5246 1293 5314 Numquid
1316 5245 1506 5299 incredulitas
1525 5246 1666 5300 bominum
1683 5247 1767 5310 fidem
1786 5247 1846 5299 Dei
1862 5262 1979 5300 euacua-

283 5330 362 5381 tsuct.
388 5324 483 5380 Germ.
503 5324 537 5380 de
556 5325 632 5395 bapt.
651 5342 675 5381 c.
697 5330 736 5379 17.
755 5342 805 5395 per
823 5332 920 5384 totum.
957 5332 983 5382 ι.
1000 5328 1119 5382 Falsum
1146 5332 1205 5384 bit.t
1227 5331 1264 5385 ud
1283 5330 1477 5401 promissiones
1496 5331 1653 5401 absolutas,
1677 5332 1766 5402 qualis
1786 5337 1847 5386 erat
1864 5332 1899 5387 de
1918 5333 1980 5388 mit·

285 5420 331 5477 ιιι,
346 5418 464 5482 paetum
482 5412 542 5466 Dei
558 5427 618 5465 esre
633 5418 801 5480 perpetuum
813 5412 868 5481 itti,
882 5414 932 5481 qui
939 5415 1025 5478 fidem
1035 5416 1119 5479 fron·
1144 5417 1230 5472 tendo
1248 5416 1359 5486 Mensis,
1378 5418 1529 5490 restringit,
1547 5420 1577 5474 id
1596 5437 1652 5475 non
1669 5418 1799 5474 convenit
1817 5435 1880 5473 cum
1895 5437 1981 5491 scopo

283 5499 337 5569 pit,
363 5499 407 5552 ita
429 5506 461 5552 ut
478 5498 632 5569 pemissio
657 5500 798 5552 remando
821 5499 871 5563 sit,
900 5500 1119 5570 qualemcunque
1145 5503 1278 5574 apostoli,
1307 5504 1354 5574 qui
1378 5506 1546 5575 generaliter
1567 5505 1742 5561 commendat
1763 5507 1908 5562 veritatem
1925 5507 1980 5565 Dei

282 5602 313 5640 ιι
325 5585 466 5655 praebeat
483 5585 521 5649 is,
541 5585 590 5639 cui
605 5584 757 5654 promissio
769 5587 856 5651 sacta
876 5593 924 5643 cet.
960 5587 1036 5640 Nam
1049 5605 1119 5656 pro·
1146 5590 1174 5644 in
1192 5590 1250 5643 suis
1269 5590 1423 5661 promissis,
1450 5608 1535 5662 quum
1561 5597 1646 5662 negat
1664 5609 1715 5663 per
1732 5592 1874 5648 hominum
1893 5595 1979 5651 incre·

283 5672 430 5727 musianus
449 5671 510 5726 Dei
526 5678 589 5725 sunt
607 5672 823 5734 conditionatos,
837 5672 979 5740 promittit
991 5674 1071 5737 enim,
1088 5690 1118 5727 ιι
1144 5676 1290 5731 dulitatcm
1321 5659 1417 5744 er'r'erti,
1445 5685 1474 5734 et
1502 5678 1640 5748 pertinent
1669 5677 1724 5732 huc
1755 5678 1818 5734 loca
1835 5681 1978 5750 perallels.

282 5759 346 5822 fore
361 5766 477 5829 patrem
494 5766 520 5811 ιι
536 5775 669 5829 sponsum
686 5759 717 5811 iu
735 5757 888 5827 baptismo,
913 5760 941 5812 ci
957 5777 1008 5813 nos
1023 5777 1118 5828 peree-
1143 5761 1248 5819 Psalm.
1265 5768 1322 5831 116,
1334 5781 1360 5818 v.
1376 5771 1420 5820 ll:
1439 5766 1536 5819 Omnis
1549 5766 1630 5819 bomo
1643 5768 1764 5821 mendac
1785 5765 1874 5833 (Deus
1885 5775 1979 5823 autem

282 5861 407 5901 oersnues
431 5860 491 5898 esse
506 5845 569 5915 filii
590 5853 618 5898 ιι
634 5861 763 5914 sponsae.
797 5844 1021 5915 Respondemus:
1046 5845 1118 5902 bene
1143 5852 1247 5916 vuar).
1282 5849 1362 5905 Rom.
1386 5854 1432 5918 11,
1452 5867 1478 5905 v.
1496 5856 1542 5907 29:
1565 5852 1653 5908 Dona
1671 5859 1697 5907 ιι
1714 5855 1822 5908 sermio
1839 5854 1901 5908 Dei
1916 5861 1986 5905 eant

282 5936 340 5999 est,
371 5928 583 6003 promissionem
616 5930 786 5987 iocdesulem
813 5931 1030 5988 conditionatum
1057 5949 1117 5989 esse
1142 5933 1344 6008 ἀμεταμέλητα.
1381 5940 1404 5990 2.
1423 5934 1499 5991 Tim.
1522 5942 1562 6008 1.,
1579 5955 1612 5992 u.
1632 5944 1687 5994 tex
1714 5939 1753 5995 δί
1769 5955 1833 5990 non
1849 5934 2018 5989 credimus

282 6032 338 6073 uon
362 6032 518 6089 mgamus,
544 6016 594 6073 sed
622 6017 808 6074 conditionem
834 6016 911 6075 illam
932 6017 1116 6078 bimembrem
1143 6022 1196 6080 itte
1214 6024 1311 6091 ridetis
1328 6030 1499 6096 paraenet,
1514 6040 1547 6080 ιι
1563 6025 1665 6095 ipsum
1680 6036 1797 6091 neuere
1811 6033 1877 6071 mou
1894 6012 2008 6076 em·-
