4800 6659
918 628 971 686 or
991 627 1113 687 sacua
1130 627 1334 719 asrrrsrra.
1477 648 1481 656 .
1909 638 1975 698 000

283 782 475 840 adumbratio:
501 789 522 839 1.
543 784 699 856 Spiritualis
719 784 900 857 captivitatis,
925 803 980 858 qua
999 784 1118 840 infantes
1129 799 1133 870 J
1146 786 1290 842 diabolica
1308 786 1483 842 exercitatur
1501 786 1695 858 (1000000110,
1715 791 1744 842 et
1763 791 1874 858 pastea:
1904 787 1980 851 Quid

283 868 313 922 in
339 888 455 941 regnum
485 869 604 928 Satanae
635 877 749 944 propter
778 878 924 943 peceatum
951 874 1118 928 detinentur.
1145 890 1211 941 erpo
1235 883 1276 928 est
1297 876 1328 928 1ο
1353 875 1407 939 010,
1426 891 1481 944 per
1506 876 1584 943 00οά
1605 875 1635 927 10
1655 882 1794 944 potestate
1812 876 1924 929 (1100011
1942 882 1978 930 10-

285 961 309 1009 2.
329 955 454 1012 Exhibiti
475 957 593 1014 Messias
616 965 644 1013 et
669 958 795 1029 praestiti
824 957 861 1013 ab
887 975 920 1015 οο
944 960 1035 1029 operis
1058 959 1117 1014 red·
1145 970 1275 1025 reantur,
1294 964 1383 1015 danea
1402 968 1536 1014 00000100·
1553 962 1620 1014 inde
1635 978 1688 1029 per·
1705 970 1910 1015 sacamentum
1929 964 1977 1016 ba·

284 1042 427 1105 emtionis,
464 1045 540 1115 quod
575 1045 655 1100 sartis
687 1052 808 1100 muratus
832 1052 1006 1117 expugnatus
1032 1045 1069 1099 sit
1092 1051 1120 1099 et
1144 1048 1285 1115 ptrsmotis
1308 1047 1426 1106 Christi,
1453 1048 1525 1116 quid
1547 1054 1588 1101 est
1605 1046 1663 1099 nisi
1676 1050 1843 1116 peceatum!
1869 1047 1977 1114 (tribuit

285 1129 377 1198 spolia
396 1147 446 1200 per
463 1131 646 1186 ministerium
662 1132 748 1187 Verbi
766 1139 794 1187 et
808 1137 1046 1187 ,sacramentorum
1065 1131 1118 1184 dis·
1145 1133 1231 1204 igitur
1260 1134 1389 1188 virtutem
1413 1132 1591 1188 liberandis
1613 1138 1749 1202 potestate
1775 1133 1877 1187 diaboli
1900 1148 1976 1188 exar-

284 1214 451 1270 tribuantur.
487 1222 511 1275 3.
530 1216 681 1273 Efficaciae
707 1218 815 1273 divinae
834 1218 965 1289 baptismi
982 1217 1118 1289 propriae,
1146 1218 1247 1289 cismo,
1288 1226 1424 1290 quatenus
1463 1219 1510 1274 ille
1544 1219 1657 1289 respicit
1692 1226 1893 1275 sacramentum
1927 1218 1977 1273 ba·

284 1319 340 1371 qua
371 1302 492 1358 infantes
521 1321 553 1358 ex
582 1310 719 1376 potestate
744 1305 920 1359 tenebrarum
946 1305 975 1357 iu
1002 1321 1117 1374 regnum
1144 1305 1299 1375 ptismi.)**

283 1386 334 1441 filii
353 1388 408 1443 Dei
431 1390 642 1448 transferuntur.
689 1399 713 1447 4.
735 1390 882 1462 Praecipui
909 1390 985 1460 scopi
1009 1390 1119 1444 0111010
1179 1397 1238 1448 203.
1274 1391 1435 1447 Cauendum
1453 1391 1538 1461 igitur
1558 1397 1580 1446 1.
1597 1408 1633 1446 nc
1651 1392 1720 1448 haec
1738 1392 1893 1449 ceremonia
1909 1395 2082 1462 peremit·

284 1474 370 1528 totius
390 1476 535 1533 ministerii
554 1477 740 1546 ecclesiastici,
758 1478 807 1548 qui
825 1477 949 1533 consistit
965 1494 1019 1531 uon
1039 1477 1119 1531 mado
1145 1476 1276 1547 baptismi
1301 1477 1456 1533 essentialis
1479 1494 1512 1532 ac
1534 1479 1692 1533 0000000010
1715 1485 1867 1548 statuatur3
1895 1485 1920 1533 2.
1939 1495 1975 1534 00

284 1560 314 1614 in
341 1561 528 1632 applicatione
558 1563 752 1621 beneficiorum
779 1564 881 1619 Christi
906 1565 943 1618 ad
966 1564 1119 1630 credentes,
1146 1565 1180 1619 de
1205 1564 1364 1619 obsessione
1387 1565 1507 1635 quadam
1533 1564 1668 1635 corporali
1694 1565 1808 1621 infantie
1828 1545 1974 1637 cogitatum,

285 1647 335 1702 scd
373 1648 456 1703 etiam
497 1650 526 1704 in
560 1658 696 1721 perpetua
732 1669 829 1723 pugna
855 1658 952 1706 canna
980 1650 1118 1707 Satanam.
1144 1668 1209 1705 cum
1234 1650 1405 1721 spiritualem
1428 1651 1552 1722 ejusdem
1570 1651 1599 1705 in
1618 1667 1705 1723 regno
1724 1649 1977 1721 8010000000ύο1-

286 1740 310 1788 0.
330 1733 382 1789 Est
400 1736 536 1792 confessio
555 1738 668 1807 publica
685 1738 818 1793 ecclcsiae
836 1743 933 1793 cantra
950 1753 1055 1793 errores
1067 1736 1119 1790 Pe·
1146 1742 1231 1790 tatem
1251 1738 1421 1793 solummodo
1437 1738 1613 1793 demonstret.
1645 1738 1756 1792 Scirum
1769 1739 1869 1809 (inquit
1880 1737 1977 1793 Chem-

283 1820 466 1891 laginnarum‚
485 1823 741 1894 Anabnptisturum,
759 1824 977 1896 Cinglienorum.
1002 1829 1026 1879 6.
1041 1823 1119 1878 Cam·
1145 1823 1235 1877 nicius
1255 1832 1325 1894 part.
1346 1830 1368 1881 3.
1388 1824 1513 1880 locorum
1533 1842 1560 1895 p.
1579 1826 1805 1894 302110100100
1823 1826 1882 1879 Dei
1899 1826 1977 1879 tene·

284 1906 420 1977 probatur
434 1910 597 1964 testimoniis
615 1910 771 1980 primitivae
790 1912 930 1967 ecclesiae.
961 1909 1119 1982 Cyprianus
1140 1911 1210 1979 ficio
1235 1929 1292 1965 nou
1311 1928 1370 1965 esse
1391 1913 1580 1981 0000000111ον
1598 1914 1740 1983 00000000,·
1764 1913 1868 1966 samue
1886 1920 1978 1965 001000

283 1992 332 2048 lib.
351 2001 375 2048 4.
407 1996 487 2066 epist.
512 2002 536 2052 7.
574 1995 766 2053 Nazianzenus
801 2001 869 2054 arat.
899 1997 927 2051 in
958 2001 1119 2051 sacrament.
1147 1998 1268 2051 0101001000
1286 2014 1319 2052 eu
1337 2000 1417 2051 uerba
1431 1999 1497 2066 Dei,
1514 1999 1601 2051 000110
1621 2000 1728 2052 10101100
1748 2007 1775 2053 01
1788 1999 1978 2068 periculosius

283 2078 383 2136 lavacr.
418 2082 593 2153 Augustinus
618 2083 652 2138 de
675 2092 754 2155 nupt.
778 2092 806 2139 et
824 2101 899 2138 canc.
921 2084 967 2137 lib.
989 2090 1011 2153 1,
1034 2101 1057 2138 c.
1078 2088 1119 2138 20.
1147 2100 1219 2146 esse,
1240 2087 1318 2153 quad
1335 2093 1455 2154 propter
1467 2094 1614 2156 peccatum
1630 2087 1713 2154 requi
1730 2087 1870 2140 coelorum
1889 2094 1978 2141 estar-

284 2166 333 2222 lib.
353 2174 383 2237 2,
408 2185 432 2225 c.
457 2175 497 2225 18.
522 2170 558 2223 (10
581 2176 687 2240 peccat.
707 2170 788 2226 merit
806 2177 834 2226 et
854 2170 1005 2225 remissian.
1025 2169 1074 2225 lib.
1096 2176 1120 2237 1,
1145 2188 1191 2224 res
1217 2172 1408 2239 spiritualiter
1431 2172 1538 2241 captiui
1561 2173 1721 2225 detineatur
1743 2171 1793 2224 sub
1816 2188 1902 2241 repra
1923 2170 1979 2226 aa·

283 2270 307 2308 0.
328 2258 370 2308 34.
395 2254 430 2310 (10
455 2256 526 2309 civit
552 2256 605 2311 Dei
628 2256 677 2311 lib.
700 2263 743 2322 10,
761 2275 784 2313 c.
805 2262 844 2311 224
866 2262 918 2311 etc.
956 2255 1119 2310 Ambrosius
1144 2266 1230 2310 tanae
1245 2265 1383 2325 potestate
1400 2259 1586 2326 tenebrarum,
1614 2259 1689 2310 unde
1706 2257 1815 2310 nullius
1831 2266 1979 2311 0000100000

283 2338 331 2393 lib.
352 2347 374 2395 1.
395 2341 430 2397 (10
449 2359 563 2396 sacram.
582 2360 606 2397 c.
627 2351 649 2399 5.
686 2342 804 2413 Optatus
818 2342 910 2397 Milev.
924 2342 972 2396 lib.
984 2348 1008 2397 4.
1023 2348 1119 2397 canna
1143 2344 1271 2412 potentia
1289 2344 1366 2413 eropi
1380 2351 1511 2413 possunt,
1529 2346 1581 2398 sed
1600 2346 1679 2397 Deus
1698 2345 1790 2397 Pater
1808 2345 1907 2398 divina
1925 2362 1979 2399 000

283 2425 413 2482 Parmen.
447 2428 525 2492 Quae
556 2430 700 2484 exorcismi
726 2429 908 2484 fundamenta
932 2427 1044 2498 profert.
1082 2427 1116 2483 D.
1141 2430 1271 2498 potentia
1294 2438 1414 2500 propter
1431 2430 1539 2483 Filium
1562 2447 1617 2499 per
1637 2429 1775 2498 Spiritum
1798 2438 1925 2484 sanatum
1947 2430 1979 2483 1ο

284 2510 435 2567 Schilterus
474 2514 503 2569 in
544 2514 651 2570 catech.
686 2534 712 2585 p.
743 2521 800 2570 530.
850 2514 996 2569 itiDiiiert
1024 2519 1117 2569 autem
1145 2516 1281 2584 baptisma
1302 2534 1348 2570 eos
1366 2516 1477 2573 1100001.
1514 2515 1690 2572 ”Lutherus
1709 2516 1738 2569 in
1757 2515 1874 2586 praefat
1892 2516 1978 2571 actia·

285 2604 378 2653 noster
396 2601 562 2655 exorcismus
582 2619 599 2654 a
618 2600 778 2656 Pontificio:
800 2608 821 2656 1.
841 2609 936 2657 noster
954 2602 1119 2656 auctoritate
1145 2603 1186 2657 nis
1210 2602 1352 2674 baptism:
1382 2603 1515 2657 Ecclesia
1534 2601 1697 2656 Cirrs'stiuna
1714 2603 1978 2666 1100000011οάοΜ-

286 2685 407 2741 humana
426 2688 530 2754 nititur,
551 2694 592 2741 est
610 2704 661 2741 sua
680 2693 780 2741 natura
797 2688 952 2759 ἀδιάφορος
968 2688 1119 2741 acliberuc
1144 2690 1212 2743 tatis
1235 2690 1326 2744 uerbis
1351 2709 1447 2744 caram
1466 2692 1530 2743 Dea
1555 2691 1714 2756 confitetur,
1734 2705 1856 2758 puerum
1876 2706 1935 2743 esse
1959 2706 1979 2742 ο

286 2771 493 2829 observationis.
537 2772 745 2828 Pontificiarum
780 2774 947 2829 exorcismus
981 2790 1036 2827 nau
1068 2773 1118 2826 hu·
1145 2777 1261 2830 diabolo
1289 2776 1480 2847 (spiritualiter
1498 2776 1614 2848 scilicet)
1633 2777 1785 2841 obsessum,
1812 2776 1832 2833 i.
1851 2793 1872 2830 e.
1884 2776 1979 2846 filium

285 2876 380 2924 mana,
400 2860 448 2915 scd
469 2859 622 2930 apostolica
642 2860 805 2914 auctoritate
822 2859 873 2913 niti
891 2859 1020 2929 fingitur,
1056 2858 1117 2913 Bel·
1145 2879 1204 2916 0000
1219 2864 1334 2931 pcccati
1350 2872 1376 2917 et
1393 2865 1454 2916 irae
1471 2864 1581 2919 Dei.**
1617 2868 1641 2919 3.
1659 2861 1738 2918 Neve
1756 2880 1822 2917 usus
1834 2861 1978 2917 exorcismi

285 2946 417 3000 larminus
440 2947 487 3001 lib.
515 2953 537 3003 1.
564 2947 598 3001 (10
616 2947 746 3017 baptism.
771 2963 786 3001 e
813 2952 854 3002 25.
872 2945 936 2999 hinc
956 2946 984 2998 in
1003 2943 1119 2999 ecclesia
1144 2954 1282 3003 statuatur
1308 2948 1467 3013 effectivus,
1495 2948 1622 3019 quesivi
1640 2949 1786 3005 verborum
1806 2949 1920 3004 istarum
1937 2948 1979 3004 iu·

285 3032 432 3087 Pontificia
452 3051 507 3088 nan
525 3017 698 3104 indifferens,
724 3033 773 3087 sed
791 3032 961 3088 necessarius
979 3031 1118 3099 statuitur,
1143 3036 1206 3090 fans
1233 3053 1266 3092 ex
1289 3052 1376 3106 reguo
1401 3034 1521 3114 Satanae
1541 3034 1690 3100 liberetur,
1719 3053 1783 3091 cum
1805 3040 1978 3092 sacramento

285 3119 388 3174 Cancil.
422 3120 578 3176 Tridentin.
609 3140 676 3175 sess.
710 3127 734 3176 1.
771 3136 868 3175 canon.
899 3124 937 3175 13.
975 3125 999 3175 2.
1026 3125 1120 3172 noster
1143 3122 1274 3194 baptismi
1293 3121 1346 3176 boc
1366 3121 1449 3175 sitin
1468 3119 1587 3177 solidum
1606 3120 1792 3187 tribuendum,
1811 3122 1860 3178 sed
1878 3122 1977 3178 saltem

285 3213 327 3260 est
361 3206 541 3280 σημαντικὰς,
587 3205 745 3279 significans
793 3213 939 3277 peccatum
984 3205 1118 3276 originale
1144 3208 1352 3281 significativus.
1388 3207 1493 3280 Negari
1518 3207 1630 3279 quidem
1658 3209 1768 3280 nequit,
1792 3208 1853 3278 pios
1870 3216 1977 3265 veteres

284 3308 317 3347 ac
345 3293 536 3349 liberationem
568 3294 605 3348 ab
637 3312 671 3349 ea
695 3311 744 3365 per
770 3291 924 3362 Christum3
950 3291 1000 3346 sed
1024 3290 1117 3345 Ponti
1144 3294 1281 3369 interdum
1308 3294 1348 3349 ita
1374 3294 1463 3365 loqui,
1489 3310 1522 3348 ac
1549 3293 1572 3347 si
1598 3310 1647 3363 per
1674 3294 1855 3349 exorcismum
1881 3300 1910 3350 et
1932 3313 1977 3352 ex·

284 3378 409 3434 liciarum
436 3379 586 3436 exorcisma
613 3380 674 3450 ipsa
702 3381 825 3450 ἐνέργεια
851 3396 900 3433 000
913 3454 915 3457 Α
928 3377 1026 3432 efficax
1054 3395 1117 3449 ape·
1144 3381 1330 3437 sufflationem
1348 3380 1468 3436 infantes
1488 3397 1506 3434 0
1523 3386 1661 3450 potestate
1678 3379 1797 3436 Satanae
1815 3381 1975 3452 liberentur,
2003 3395 2008 3406 ⁸

285 3468 355 3522 ratio
392 3467 530 3522 tribuitur.
583 3467 707 3523 Verbum
738 3468 884 3540 ἐξορκίζειν
916 3465 1045 3536 generale
1077 3473 1119 3520 cst
1143 3468 1218 3524 unde
1243 3466 1386 3523 exorcismi
1411 3485 1491 3521 usum
1510 3465 1667 3522 effectivum
1684 3484 1744 3523 csse
1763 3469 1862 3524 statuit
1879 3466 1975 3539 Comp.

284 3552 443 3625 significans
473 3553 535 3608 Deo
571 3552 660 3608 ultore
697 3558 726 3608 ct
761 3551 870 3608 vindice
901 3569 950 3623 per
978 3554 1118 3623 jurameu-
1143 3555 1227 3611 theol.
1250 3555 1358 3610 veritat.
1383 3552 1430 3609 lib.
1454 3559 1478 3607 6.
1508 3570 1531 3608 ο.
1559 3559 1599 3610 10.
1623 3572 1651 3625 p.
1672 3560 1730 3610 138.
1766 3553 1918 3628 Gregorius
1942 3555 1977 3610 de

284 3645 344 3694 tum
378 3639 507 3695 invocata
542 3637 648 3711 aliquid
687 3639 830 3709 imperare,
864 3654 916 3693 nec
947 3654 1055 3710 semper
1084 3639 1118 3693 (10
1144 3641 1254 3697 Valent.
1283 3640 1414 3713 disputat.
1441 3646 1465 3694 4.
1487 3658 1513 3712 q.
1534 3645 1558 3694 6.
1585 3640 1619 3696 (10
1639 3641 1694 3696 ritu
1714 3641 1843 3713 baptism.
1861 3649 1932 3714 part
1952 3647 1976 3697 2.

285 3729 464 3798 corporaliter
498 3727 616 3782 obsessis
653 3732 811 3794 usurpatur.
863 3725 948 3780 Marc.
977 3732 1008 3789 5,
1040 3743 1065 3781 0.
1094 3732 1118 3781 1.
1144 3734 1210 3783 tom.
1229 3734 1254 3783 4.
1279 3728 1307 3781 10
1332 3744 1397 3783 vera
1417 3727 1501 3797 juxta
1524 3726 1681 3798 analogiam
1698 3726 1764 3783 fidei
1781 3729 1821 3783 110
1839 3729 1976 3800 aecipien-

285 3813 375 3886 inquit
404 3816 478 3888 legia
508 3815 544 3868 ad
576 3814 732 3869 Christum:
767 3813 883 3883 Adiuro
907 3823 934 3866 te
952 3829 1008 3882 per
1025 3814 1119 3867 Deum
1145 3815 1224 3883 dum,
1251 3814 1325 3886 quad
1347 3813 1499 3868 efficaciam
1523 3814 1600 3868 verbi
1620 3821 1648 3869 01
1665 3814 1795 3886 baptismi
1814 3822 1910 3871 cantra
1928 3815 1976 3871 Sa·

285 3901 320 3952 iel
343 3910 383 3954 est
410 3900 463 3955 Dei
490 3899 599 3955 nomine
631 3906 659 3956 et
684 3900 800 3971 imperio
827 3898 905 3971 quasi
932 3900 962 3953 in
986 3899 1118 3954 auxilium
1146 3908 1240 3956 tanam
1263 3900 1405 3956 rhetoricis
1424 3899 1479 3953 illis
1497 3900 1780 3955 commendationibus
1799 3901 1882 3973 hujus
1902 3919 1977 3958 cere·

285 3994 383 4043 vacato
404 3988 552 4060 praecipio.
602 3992 624 4042 1.
643 3986 739 4042 Thess.
759 3994 788 4055 5,
807 4005 833 4040 0.
852 3993 900 4042 27:
937 3987 1051 4055 Adjuro
1071 4006 1119 4041 eos
1144 3988 1253 4042 maniae
1270 3987 1457 4042 demonstrare
1474 3986 1620 4041 voluerint.
1656 3986 1827 4042 Caelestinus
1843 3987 1875 4043 P.
1893 3986 1926 4044 R.
1945 3987 1976 4043 C.

281 4089 336 4143 per
360 4079 466 4139 Deum,
499 4076 532 4128 iel
558 4082 596 4127 est
625 4073 716 4128 Deum
743 4073 860 4128 ultorem
892 4090 975 4144 super
1002 4090 1052 4127 vas
1076 4072 1118 4127 in·
1145 4075 1201 4129 sive
1221 4074 1342 4130 distinct.
1362 4080 1386 4129 4.
1407 4072 1441 4128 (10
1460 4079 1613 4128 consecrat.
1631 4071 1764 4143 decernit,
1782 4092 1875 4128 omnes
1893 4094 1912 4128 a
1930 4076 1977 4128 la·

284 4178 359 4218 vaco.
395 4161 493 4217 Matth.
515 4167 562 4231 20,
585 4180 609 4218 0.
629 4167 676 4220 63;
703 4163 827 4237 tropario
847 4177 877 4215 σε
896 4158 964 4214 κατὰ
982 4161 1053 4214 troi
1069 4165 1119 4213 τοῦ
1139 4162 1275 4231 plantate
1290 4153 1292 4157 ’
1307 4162 1459 4229 arcendos,
1488 4177 1508 4212 o
1525 4161 1633 4230 ’001000
1652 4176 1708 4230 per
1730 4162 1926 4230 adjurationes
1952 4169 1978 4216 et

284 4251 394 4313 ζῶντος,
418 4249 446 4302 id
471 4252 513 4303 est
538 4250 631 4304 Deum
654 4248 745 4303 einum
767 4264 852 4317 super
874 4256 901 4300 10
920 4247 1058 4301 medicem
1076 4248 1118 4300 in·
1144 4248 1356 4318 exsufflationes
1393 4246 1526 4301 diabolus
1554 4266 1618 4305 non¹
1634 4246 1730 4314 fuerit
1762 4249 1902 4320 esperlsus.
1937 4247 1977 4304 ibi

283 4354 357 4389 0000.
396 4335 496 4389 Phraei
520 4335 603 4390 etiam
633 4336 754 4390 00000011
778 4334 812 4388 (10
839 4333 931 4389 saluta
958 4333 1118 4389 obsessione
1143 4334 1341 4407 glossaaddit,
1360 4333 1976 4405 100000000001001101010101119000000,

284 4422 420 4493 spirituali
443 4418 531 4477 utitur
553 4422 673 4477 salvator
690 4420 788 4478 Matth.
812 4427 857 4488 12,
879 4440 904 4477 0.
924 4426 965 4477 43.
1000 4420 1118 4474 isauri
1144 4422 1211 4491 quia
1240 4424 1360 4475 daemon
1389 4428 1453 4475 aute
1488 4421 1654 4492 baptismum
1680 4439 1735 4475 non
1761 4421 1886 4491 ejicitur,
1916 4440 1977 4476 cerm

285 4508 444 4583 (100ἵοορ000
463 4510 571 4582 πνεῦμα
590 4509 701 4583 lestap,
722 4526 755 4564 ae
772 4508 807 4563 (10
829 4507 1011 4579 spiritualiter
1031 4508 1117 4579 capti·
1143 4524 1230 4577 00000
1254 4510 1295 4561 001
1320 4509 1480 4563 tinctionem
1501 4507 1613 4561 diaboli
1629 4507 1747 4573 familia
1764 4507 1852 4562 simus
1871 4518 1898 4563 et
1916 4510 1978 4579 ejus

283 4596 325 4649 010
351 4613 367 4650 0
395 4595 498 4651 Satana
524 4593 591 4651 dicit
615 4596 756 4667 apostolus
782 4601 806 4651 2.
824 4594 943 4649 Timoth.
965 4600 995 4659 2,
1020 4611 1046 4647 0.
1067 4601 1118 4651 201
1143 4596 1274 4664 membra,
1293 4596 1392 4649 statuit
1411 4613 1485 4666 erpo,
1504 4594 1648 4649 diabolum
1666 4595 1818 4650 000001οο00
1830 4614 1887 4650 nau
1903 4596 1977 4666 01101,

288 4682 370 4744 Quod
386 4684 415 4736 iu
434 4684 545 4736 diaboli
562 4682 670 4752 laqueis
682 4683 767 4752 quasi
776 4682 834 4736 viai
844 4682 942 4735 abillo
955 4682 985 4734 iu
998 4671 1196 4736 uinculisisccl
1213 4681 1381 4750 ejiciendum
1399 4680 1564 4749 0100110001.
1594 4678 1729 4736 ”Graeci
1747 4682 1912 4738 recentiores
1928 4698 1977 4736 no·

285 4770 390 4822 detenti
405 4769 470 4824 sint.
499 4767 601 4838 Ephes.
620 4774 643 4832 2,
662 4786 687 4822 v.
706 4774 736 4823 2:
754 4768 785 4821 τὸ
805 4770 916 4839 πνεῦμα
935 4769 1069 4837 ἐνεργοῦν
1088 4765 1251 4822 lefminant
1274 4769 1366 4839 potius
1386 4764 1566 4841 ἆφορκιομόν
1584 4783 1667 4839 quam
1690 4768 1869 4843 ἐξορκισμόν,
1893 4776 1924 4824 ut
1943 4786 1977 4824 ex

285 4862 340 4914 sofr
360 4857 429 4915 υἱοῖς
446 4857 492 4921 τῆς
511 4853 667 4922 inretitus,
685 4852 824 4925 significat
841 4859 934 4908 autem
955 4854 1056 4927 ivrpyui
1077 4847 1238 4924 inicorum
1266 4859 1375 4908 constat
1404 4850 1576 4924 euchologio.
1610 4852 1648 4907 Et
1673 4853 1725 4926 ipsi
1750 4873 1805 4911 nan
1826 4855 1915 4911 salum
1933 4853 1977 4909 his

283 4947 363 4997 terna
381 4940 508 4995 efficacia
524 4939 609 4993 insite
628 4939 704 5009 agito
717 4945 745 4992 ot
756 4939 876 5011 impello,
888 4938 987 4996 Matth.
1004 4945 1042 5008 14,
1055 4956 1081 4995 v.
1092 4944 1114 4993 2.
1128 4927 1258 5017 {utuntur
1282 4939 1420 4995 formulis:
1452 4941 1566 5013 10(οιμᾷ
1592 4954 1638 4993 σοι
1665 4940 1774 5014 κύριος,
1804 4942 1930 5013 tripoli,
1961 4940 1977 4997 ὃ

284 5027 362 5084 Rom.
382 5034 412 5096 7,
436 5044 462 5083 0.
483 5033 507 5082 5.
524 5025 589 5081 iude
608 5024 804 5098 ἐνεργούμενα
819 5026 949 5080 dicuntur
968 5042 985 5079 a
1003 5025 1114 5080 diabolo
1142 5024 1368 5100 παραγενόμενος
1393 5030 1432 5087 εἰς
1454 5025 1503 5080 τὸν
1521 5025 1630 5102 κόσμον
1647 5032 1693 5083 eal
1714 5026 1927 5097 κατασκηνῶσας
1947 5027 1978 5083 ἔν

285 5115 403 5185 obsessi,
430 5132 448 5168 a
472 5115 553 5184 cujus
576 5112 701 5184 patentia
722 5112 798 5166 intus
818 5118 950 5183 operante
969 5112 1114 5184 impellun-
1142 5111 1310 5185 ἀνθρώποις,
1332 5113 1445 5181 1000ὴο
1465 5113 1517 5180 σὴν
1535 5117 1665 5169 καθελεῖν
1683 5115 1835 5188 τυραννίδα
1855 5115 1977 5177 καὶτοὺς

284 5208 329 5256 tur
347 5208 375 5257 et
391 5202 540 5274 agitantum
569 5199 617 5254 Ad
637 5205 748 5270 patrum
766 5198 850 5269 dicta,
868 5198 970 5271 quibus
987 5200 1116 5254 ridentur
1142 5195 1310 5269 ἀνθρώπους
1334 5200 1472 5265 ἐξέληται,
1494 5199 1617 5270 increpat
1633 5209 1658 5255 te
1679 5202 1834 5272 Dominus,
1853 5202 1975 5272 01101010,

284 5288 427 5345 exorcismi
445 5287 537 5343 verbis
554 5285 706 5341 efficaciam
721 5285 842 5358 aliquam
855 5286 986 5353 tribuere,
1004 5302 1116 5356 respou-
1142 5285 1192 5355 qui
1216 5287 1245 5339 1ο
1270 5287 1403 5340 mundum
1426 5284 1502 5341 osuit
1523 5295 1549 5341 et
1569 5288 1641 5342 inter
1658 5289 1783 5344 tamisae
1799 5299 1977 5346 conversatus

284 5377 389 5445 demus,
409 5376 600 5430 accommode
619 5389 678 5427 esee
698 5373 876 5443 explicando,
895 5374 976 5427 illam
993 5389 1058 5428 vera
1072 5390 1117 5428 ex·
1143 5381 1198 5442 001,
1222 5381 1253 5425 01
1275 5382 1353 5427 tuam
1377 5376 1505 5427 00010001
1525 5375 1702 5443 speroiden
1726 5385 1753 5431 et
1775 5376 1899 5432 homines
1921 5377 1976 5433 eri-

284 5463 463 5533 plieatianem
492 5466 627 5517 0000001
644 5460 818 5532 Augustinus
843 5459 905 5517 libr.
928 5466 951 5515 1.
978 5461 1014 5517 (10
1036 5466 1115 5531 nupt.
1138 5461 1219 5529 piat·
1236 5459 1408 5531 ephorcisma
1426 5460 1563 5517 secundo:
1581 5458 1596 5514 ὁ
1614 5461 1677 5523 θεὸς
1695 5460 1809 5534 ὁᾶγιος,
1827 5461 1976 5537 ὁφοβερός

286 5555 313 5605 01
331 5565 446 5621 concup.
460 5565 521 5620 cap.
536 5554 580 5605 20:
600 5548 779 5618 apotastare
792 5548 976 5616 1000000000,
997 5566 1116 5617 parum
1142 5550 1189 5600 sat
1213 5546 1339 5613 ἔνδοξος,
1366 5545 1381 5601 ὁ
1407 5548 1453 5602 inl
1478 5551 1548 5601 πᾶσι
1572 5554 1630 5610 τοῖς
1649 5549 1739 5624 ἔργοις
1762 5553 1809 5603 καὶ
1833 5552 1866 5623 τῇ
1884 5550 1975 5621 tapies

286 5636 416 5691 diabolus
436 5639 572 5707 princeps
598 5642 656 5705 est,
677 5635 697 5688 1.
714 5650 738 5691 0.
761 5650 780 5686 0
798 5641 938 5703 potestate
958 5635 1069 5689 diaboli
1092 5643 1118 5689 01
1142 5632 1228 5688 αὐτοῦ
1245 5631 1436 5701 inordinatos
1454 5637 1500 5687 sul
1514 5630 1871 5709 ἀνεξιχνίασιοςὺπᾶρχον,
1892 5637 1975 5700 αὐτὸς

285 5724 530 5795 00ρο100000]αο
548 5729 682 5777 00000100
696 5706 905 5791 pertulissem
924 5722 1117 5796 laptispntur,·
1141 5720 1155 5775 ri
1175 5726 1325 5797 προορίσας
1342 5735 1402 5790 σοι,
1422 5719 1547 5789 tripete,
1568 5724 1615 5788 τῆς
1632 5726 1749 5776 elautae
1766 5722 1905 5785 0001010000
1921 5725 1972 5795 τὴν

284 5815 313 5866 01
330 5826 406 5865 mox:
423 5808 460 5864 In
476 5809 704 5879 00011010101100,
720 5824 777 5862 000
796 5807 970 5875 insulsitate
982 5815 1114 5879 potestus
1141 5813 1277 5884 τιμωρίαν
1295 5808 1325 5861 a
1344 5808 1423 5881 ημῶν
1441 5811 1496 5861 retu
1514 5805 1633 5881 ἀχρείων
1644 5807 1969 5869 astutissimam
