4800 6659
423 623 490 680 ¹344
1109 606 1233 666 Locus
1248 606 1454 667 wettelmus

432 765 610 839 plicieaimam
629 764 765 836 approbat
781 763 957 821 Murlorutue.
993 762 1050 818 Sed
1066 778 1169 817 mamm
1185 760 1264 815 illum
1293 760 1447 817 ἀνάστασιν
1468 763 1515 815 καὶ
1541 758 1605 822 τοὺς
1629 761 1744 835 νεκροὺς
1761 758 1981 826 ἀναστήσεσθαι,
2001 761 2133 815 irinum

431 852 603 924 temporibus
630 851 818 923 apostolorum
850 850 983 904 usitatum
1015 848 1100 904 fuicm
1129 848 1265 903 incertum
1293 849 1425 917 intellipit
1450 864 1512 912 ear,
1535 849 1572 901 de
1594 849 1693 918 quibua
1717 855 1781 901 tuna
1800 855 1910 902 tantum
1926 847 2026 916 renti,
2040 855 2131 918 patre,

430 946 488 1005 eet,
513 947 541 994 et
559 940 650 994 denuo
673 938 841 1010 repetimus,
858 937 1012 1007 apostolum
1029 950 1206 1006 nequaquam
1225 933 1264 987 di·
1292 943 1396 1005 matre,
1413 950 1519 990 rorare.
1554 935 1687 1004 Adjeatia
1706 935 1822 989 articuli
1839 937 1915 1003 (τῶν)
1934 931 2076 1006 lupercal,
2094 942 2133 988 eet

425 1043 506 1089 cere,
531 1026 599 1097 quid
618 1025 737 1092 fuciunt,
761 1024 809 1095 qui
829 1023 974 1093 baptizent
991 1028 1127 1089 mortuae,
1150 1020 1199 1075 ced
1218 1018 1265 1092 qui
1293 1025 1338 1075 rai
1363 1018 1497 1094 ὁριστιαῆ,
1517 1028 1562 1075 aet
1580 1022 1709 1075 absentia
1727 1022 1844 1076 artiudi
1861 1030 1902 1076 eet
1922 1020 2059 1095 ἀόριστος.
2096 1022 2134 1075 Et

431 1112 704 1184 baptizantureuper
717 1118 847 1166 mortuae.
873 1115 896 1164 2.
910 1109 1028 1174 Quidum
1041 1108 1145 1171 dieunt,
1159 1122 1215 1162 non
1227 1105 1267 1159 fa·
1293 1107 1353 1161 cine
1374 1108 1496 1162 oracula
1522 1124 1615 1161 amaea
1641 1110 1734 1178 νεκροὶ
1758 1108 2045 1177 comprehenduntur,
2073 1125 2134 1162 aum

431 1206 520 1263 ctum,
546 1200 596 1255 red
618 1198 701 1253 finem
723 1198 804 1267 facti,
830 1200 883 1252 hoc
908 1202 1023 1250 estnon
1045 1196 1133 1266 ipsum
1152 1209 1266 1249 consue·
1295 1195 1416 1249 articula
1442 1195 1490 1248 illi
1512 1202 1538 1247 et
1562 1194 1612 1249 illi
1632 1201 1740 1249 tantum
1765 1196 1792 1248 al
1817 1194 1898 1250 δεῖνα
1926 1198 1973 1249 ael
1997 1197 2026 1249 al
2046 1196 2133 1249 δεῖνα

337 1282 341 1292 “
430 1285 556 1340 tudinem
582 1284 745 1355 baptizandi
770 1288 906 1351 mortuae,
929 1281 979 1337 red
1000 1279 1082 1336 tinem
1106 1287 1134 1337 et
1152 1296 1267 1351 scopum
1295 1282 1375 1350 Erpa
1400 1282 1429 1335 at
1450 1278 1645 1354 βαπτιζόμενοι
1670 1278 1739 1355 ὑπὲρ
1755 1282 1811 1335 τῶν
1833 1286 1951 1355 νεαρῶν,
1975 1281 2028 1336 boc
2048 1289 2090 1335 ert
2106 1284 2134 1336 at

431 1370 507 1426 illiue
525 1370 656 1441 baptismi
675 1370 711 1424 ub
723 1369 849 1440 apostolo
860 1368 982 1440 probari,
1000 1366 1185 1422 adhibebatur
1195 1366 1268 1421 euim
1295 1366 1488 1440 βαπτιζόμενοι
1514 1366 1584 1440 ὑπὲρ
1603 1369 1659 1422 τῶν
1675 1368 1756 1422 δεῖνα
1775 1369 1893 1438 νεκρῶν,
1917 1384 2004 1438 τειραν
2023 1369 2133 1449 palae

432 1458 463 1513 iu
478 1458 665 1514 testimouium
685 1458 794 1511 articuli
820 1457 856 1511 de
876 1455 1128 1511 rerurrectione*
1162 1452 1269 1509 Bellur·
1297 1455 1364 1507 dam
1380 1455 1507 1507 martuie.
1542 1455 1658 1508 Deinde
1675 1471 1730 1508 non
1750 1455 1824 1508 dicit
1843 1452 2007 1523 apaetalur:
2023 1460 2053 1508 rt
2068 1453 2133 1522 ποή-

423 1544 524 1598 ¹minua
544 1543 593 1599 lib.
613 1551 636 1599 1.
655 1543 690 1599 de
708 1548 819 1615 purgat.
838 1560 861 1599 a.
875 1547 905 1596 t:
926 1543 991 1596 Non
1011 1541 1079 1595 dari
1092 1546 1187 1611 pateat
1204 1539 1270 1593 buia
1296 1555 1384 1608 σομεν
1406 1545 1486 1612 ἡμεῖς
1512 1541 1540 1594 at
1565 1537 1757 1614 βαπτιζόμενοι
1774 1539 1845 1614 ὑπὲρ
1863 1541 1920 1596 τοῖν
1937 1541 2060 1615 νεαρῶν,
2085 1542 2135 1595 ced

433 1632 496 1685 laaa
511 1635 536 1683 1.
550 1628 614 1684 Gor.
633 1634 676 1684 15.
707 1627 781 1692 Quid
798 1627 903 1683 facient
921 1626 1269 1697 aptr'oreaparitia,quam
1297 1632 1325 1679 τί
1341 1624 1500 1695 ποιήσουσι.
1536 1628 1602 1680 Non
1619 1642 1685 1695 erpa
1705 1626 1832 1696 Paulae,
1855 1642 1943 1696 neque
1960 1641 2068 1692 omnen,
2084 1628 2135 1681 aad

433 1719 461 1772 ei
478 1734 535 1786 per
560 1716 726 1784 baptiemum
754 1715 944 1783 intellipamue
970 1731 1057 1784 opera
1078 1712 1271 1783 paenitentiae
1297 1713 1414 1782 quidam
1434 1728 1493 1780 pro
1518 1712 1684 1780 auibrardam
1704 1713 1821 1767 martuu
1840 1712 2065 1782 baptizabantur.
2102 1711 2136 1766 sl

434 1812 462 1858 et
482 1804 670 1873 afflictiones,
691 1818 763 1871 quae
780 1802 901 1855 uiuentes
919 1801 1074 1870 cuempiunt
1087 1817 1144 1870 pra
1161 1800 1270 1853 anima·
1296 1816 1352 1852 non
1370 1798 1494 1865 Paulue,
1520 1814 1608 1867 neque
1626 1815 1727 1853 amnee.
1764 1800 1843 1867 Erpa
1862 1816 1918 1854 nan
1937 1800 2004 1854 bene
2024 1798 2134 1870 φάλον

434 1891 485 1946 brac
506 1891 712 1956 defunctorum.
753 1888 888 1942 Alfoueuc
913 1888 948 1943 de
972 1887 1069 1942 Castro
1091 1885 1140 1942 lib.
1163 1892 1187 1942 3.
1208 1884 1269 1939 adv.
1291 1884 1446 1953 faciebant.
1496 1884 1579 1940 Salac
1602 1886 1705 1956 ipitur,
1732 1887 1782 1955 qui
1804 1887 1856 1940 boc
1872 1886 2033 1952 faciebant,
2055 1893 2133 1940 natat

432 1975 539 2032 haeres.
562 1975 647 2049 verbo
673 1974 827 2046 baptismus
853 1973 958 2029 haara.
980 1978 1010 2028 3:
1045 1972 1270 2041 Tbeopbplactue
1298 1980 1324 2025 et
1345 1972 1382 2026 de
1402 1971 1464 2026 illie
1482 1971 1576 2041 paula
1597 1980 1663 2042 poet
1685 1973 1758 2026 drai't
1776 1991 1800 2028 ο.
1818 1976 1873 2027 bt.-
1902 1971 2048 2044 ἀγνωσίαν
2065 1974 2133 2028 θεοῦ

432 2063 525 2118 locam
543 2063 625 2117 illum
644 2078 779 2131 eapaneue
800 2060 857 2114 ait:
884 2061 978 2115 Parra
997 2060 1047 2130 qui
1065 2067 1147 2113 erant
1165 2058 1270 2128 baptic·
1298 2076 1368 2120 τινες
1389 2057 1512 2128 ἔχουσιν.
1548 2059 1590 2113 Et
1615 2076 1650 2113 ne
1674 2059 1747 2113 alibi
1762 2060 1920 2128 meandi
1937 2068 2028 2114 ment
2051 2076 2134 2130 ςαοαι

432 2168 507 2206 mum
526 2148 678 2219 accepturi,
691 2148 800 2217 intapra
816 2147 1040 2217 pronuntiabant
1051 2145 1270 2214 iderymbalum
1297 2147 1327 2200 in
1344 2148 1409 2216 ipra
1423 2144 1634 2200 Corinthiorum
1647 2146 1775 2216 coeletia,
1791 2146 1861 2218 πρὸς
1874 2146 2019 2221 ἐντροπὴν,
2036 2146 2132 2217 inquil,

432 2252 549 2306 maeque
570 2242 596 2287 et
614 2234 703 2287 illud:
724 2232 814 2288 Credo
834 2238 957 2287 mortuae
975 2237 1185 2288 resurrecturos.
1221 2232 1270 2283 In·
1298 2232 1365 2301 ὑμῖν
1382 2235 1463 2303 λέγω.
1500 2232 1655 2302 Ejucmodi
1673 2233 1761 2302 ipitur
1771 2234 1866 2300 suerit
1884 2242 1910 2289 et
1926 2236 2003 2289 unde
2021 2248 2131 2288 conrue-

433 2323 494 2392 quit
511 2322 607 2391 itaque
615 2320 735 2385 Paulae,
754 2320 805 2388 qui
816 2320 949 2386 futuram
966 2320 1271 2373 aredtmtmartuorum
1297 2322 1365 2374 tudo
1396 2319 1453 2372 icta
1485 2318 1670 2373 vindicamur.
1719 2321 1820 2374 Omna
1846 2327 1952 2375 ueteres
1979 2319 2133 2374 Obridiani

433 2425 584 2478 carporum
602 2405 833 2460 remeationem
851 2405 901 2458 cub
918 2403 1270 2480 spequebujuemadicunt
1298 2404 1382 2459 etiam
1407 2405 1488 2473 infra
1515 2411 1634 2460 aetatem
1660 2406 1816 2472 Aupiaetini
1840 2407 1994 2475 putabant,
2025 2407 2133 2461 animae

434 2494 570 2564 baptizati
586 2493 723 2562 quidnam
741 2492 810 2559 tint,
830 2509 892 2544 cum
911 2492 952 2545 eie
973 2489 1102 2544 Gloriatur
1121 2490 1159 2544 ait
1177 2508 1271 2545 acaur-
1297 2500 1356 2545 tam
1373 2491 1490 2561 pionem
1511 2509 1596 2561 meam
1619 2491 1769 2561 impiarum
1790 2493 1821 2545 in
1843 2500 1937 2546 centra
1961 2500 2057 2547 terrae
2075 2500 2133 2548 tan·

433 2599 526 2650 curru,
546 2579 661 2634 acturi?
682 2576 757 2640 Quid
769 2586 923 2647 praeterea
942 2577 1157 2631 rerurrectianie
1176 2575 1272 2645 pratia
1298 2595 1381 2647 paam
1403 2578 1434 2632 in
1459 2580 1583 2647 quodam
1601 2579 1799 2647 conceptaculo
1819 2586 1979 2649 wapentare
1999 2580 2077 2633 diem
2087 2579 2134 2649 ju·

429 2683 553 2738 prorum
579 2666 702 2719 laminae
734 2664 927 2733 baptizantur,
955 2662 1008 2717 boa
1033 2669 1075 2717 eet
1095 2680 1153 2733 pra
1179 2678 1272 2715 reuer-
1298 2665 1383 2729 dicii,
1408 2666 1486 2734 autad
1510 2665 1627 2719 candid.
1668 2665 1863 2720 Tertullianus
1887 2665 2032 2734 elepanter
2056 2666 2134 2735 dui,

313 2771 321 2780 ⁸
433 2754 567 2808 rectionia
589 2750 808 2820 eacpeatatianc,
836 2750 865 2802 ei
892 2750 999 2803 mortui
1027 2766 1083 2803 nan
1101 2749 1274 2819 rumpunt?
1297 2752 1328 2805 in
1355 2752 1484 2806 ceadda
1510 2760 1667 2821 eaapeatare
1689 2752 1765 2807 diem
1782 2752 1905 2823 judicii,
1931 2758 1964 2804 ut
1986 2752 2137 2808 candidati

319 2873 326 2888 ·
434 2840 515 2896 Haec
536 2837 776 2908 Tbcoplplactua,
791 2836 879 2905 jacta
903 2852 984 2905 quem
1003 2843 1110 2889 tantum
1127 2836 1202 2890 ualet
1214 2852 1272 2905 pra
1298 2840 1494 2908 mapietratum
1521 2839 1673 2893 ambientes
1699 2839 1893 2909 exspectabant
1917 2839 2063 2910 euffrapia
2087 2838 2134 2893 tri·

329 2985 332 2994 ,
435 2928 553 2983 mortuis
572 2925 763 2993 baptizantur,
782 2940 816 2976 ac
834 2923 861 2976 ei
880 2922 998 2989 diceet,
1016 2940 1070 2992 pra
1089 2922 1272 2977 rerurrectio·
1300 2927 1381 2979 buum
1412 2933 1463 2979 aut
1487 2924 1676 2979 centuriarum
1701 2931 1754 2981 etc.
1779 2925 2015 2996 praerapatiuam
2046 2934 2135 2980 tamen

435 3014 481 3068 nie
501 3011 701 3081 exspectatione
720 3010 905 3086 baptiaantur.
943 3010 1045 3064 Verum
1062 3009 1273 3079 quoniambaec
1300 3014 1371 3078 datu
1386 3012 1566 3081 martyrium,
1584 3029 1653 3081 artae
1671 3029 1727 3066 una
1741 3012 1818 3066 cultu
1835 3020 1912 3066 recta
1927 3012 2135 3081 inparadieum

438 3100 574 3171 concutio
599 3097 682 3152 nimir
709 3104 807 3151 abacta
827 3104 867 3150 αἱ
884 3096 1056 3166 multumque
1079 3114 1098 3150 a
1122 3096 1208 3150 littra
1231 3112 1273 3149 rt·
1300 3100 1412 3164 deferri
1426 3100 1521 3154 uolunt
1542 3104 1594 3154 eta.
1633 3098 1724 3161 Quum
1743 3099 1831 3169 ipitur
1848 3099 1892 3153 ita
1910 3098 2033 3152 animati
2049 3104 2136 3154 errent

437 3189 551 3256 aedem,
594 3186 659 3240 ideo
696 3185 780 3239 aliter
812 3184 899 3253 juata
932 3184 1096 3237 sententiam
1129 3182 1275 3237 Ambracii
1300 3189 1336 3240 de
1349 3201 1461 3240 earcere
1480 3185 1639 3239 animarum
1652 3185 1779 3255 piarum,
1797 3185 1958 3254 impiarum,
1977 3187 2136 3256 mapnaa'n·

435 3275 637 3343 recpandctum
679 3271 729 3340 qui
766 3286 825 3323 ntea
857 3269 967 3337 judicia
997 3269 1085 3324 multo
1117 3268 1218 3323 metim
1249 3275 1274 3322 et
1300 3273 1424 3327 carebat
1448 3289 1495 3326 coe
1523 3270 1653 3330 hominen
1670 3271 1835 3326 sollicitudo
1859 3289 1992 3325 cararum
2014 3289 2137 3341 mmm,

437 3362 538 3417 literae
577 3358 739 3429 proximiue
782 3356 901 3425 exponit.
964 3354 1012 3409 Sic
1053 3356 1124 3408 enim
1161 3354 1274 3427 repant
1299 3360 1349 3429 qui
1368 3359 1434 3429 jam
1462 3356 1593 3421 defuncti
1615 3357 1645 3410 in
1669 3372 1705 3410 ea
1731 3357 1795 3411 loca
1813 3365 2033 3427 penetraverant
2054 3374 2137 3429 uapor

435 3446 556 3516 Alioqui
579 3444 649 3515 quid
670 3442 777 3508 facient
803 3442 853 3511 qai
872 3458 930 3510 pra
949 3442 1067 3496 martula
1086 3442 1273 3512 baptizantur,
1299 3445 1432 3514 saepiririr
1453 3451 1479 3497 et
1495 3442 1581 3497 anaia
1598 3441 1754 3510 mario,
1779 3460 1833 3512 quo
1848 3443 1989 3513 putabant
2006 3460 2056 3499 eac
2075 3461 2136 3500 can·

435 3532 464 3585 ti
488 3532 599 3584 omnino
622 3528 728 3583 mortui
749 3545 806 3581 nan
832 3529 1001 3595 reeurpuntl
1038 3527 1114 3591 Quid
1138 3536 1164 3582 et
1182 3528 1273 3598 bapti·
1294 3532 1419 3600 flictari,
1445 3534 1634 3600 macunen
1659 3530 1689 3583 in
1716 3529 1844 3582 candida
1869 3529 1943 3582 diem
1961 3529 2084 3600 judicii,
2106 3537 2136 3584 ut

435 3623 535 3669 nantia
555 3633 613 3686 pra
629 3616 711 3669 illici
744 3613 914 3669 Ambracium.
956 3614 993 3667 In
1008 3620 1115 3667 tantum
1133 3620 1228 3667 ratam
1247 3621 1274 3667 et
1302 3618 1494 3673 Ternallianne
1522 3616 1655 3686 loquitur.
1702 3615 1751 3668 Ita
1780 3616 1968 3685 ununquieque
1992 3615 2137 3686 eutapebet

435 3702 564 3756 etabilem
587 3701 646 3755 uult
671 3701 818 3754 attendere
845 3706 1015 3754 mantuanam
1031 3700 1273 3765 remanentiam,
1295 3722 1352 3774 pra
1367 3706 1476 3773 fratre,
1498 3710 1600 3773 patre,
1627 3718 1725 3756 earore
1753 3702 1896 3768 &functio
1922 3710 1957 3756 et‘
1975 3720 2073 3757 annua
2092 3702 2135 3757 die

436 3796 467 3842 ut
495 3788 649 3855 exemplum
676 3787 723 3839 det
750 3802 858 3855 emuna,
885 3786 1010 3855 auitam
1028 3786 1219 3841 eecurierant
1237 3788 1273 3840 dc
1299 3791 1435 3863 afferebat
1449 3805 1506 3859 pro
1523 3789 1603 3856 illie,·
1626 3795 1652 3841 et
1668 3795 1700 3841 ut
1715 3787 1758 3841 ait
1776 3786 1985 3858 Tertullianue,
2004 3791 2135 3860 caparae

435 3874 538 3939 futura
555 3871 771 3937 resurrectione,
790 3880 820 3925 ut
837 3871 922 3925 etiam
936 3889 995 3941 pra
1014 3873 1132 3927 martuie
1151 3873 1273 3943 tapetia
1300 3877 1378 3931 labat
1401 3876 1521 3945 atienae
1537 3873 1720 3942 resriperium
1736 3874 1766 3927 in
1784 3873 1832 3928 die
1851 3875 2069 3930 rerurrectianie
2087 3880 2134 3931 ebt.

436 3967 544 4016 rentur.
582 3958 616 4013 st
632 3976 712 4028 quem
731 3959 807 4022 forte
826 3976 902 4012 mare
914 3959 1120 4027 praecantant,
1139 3960 1272 4028 timentes,
1299 3962 1444 4018 Putabant
1467 3962 1554 4031 ipitur
1578 3978 1673 4014 annua
1691 3960 1738 4013 die
1756 3962 1896 4015 arandum
1914 3960 2038 4031 aliquod
2051 3960 2135 4029 refri-

436 4064 471 4102 ne
487 4053 537 4099 cat
556 4045 640 4113 male,
657 4050 706 4098 aut
721 4061 776 4098 nan
794 4052 960 4115 rcaurperet,
979 4052 1029 4099 aut
1049 4046 1100 4115 qui
1117 4045 1273 4115 baptiaatue
1299 4050 1408 4118 perium
1431 4049 1490 4101 auis
1512 4048 1648 4117 quamdiu
1672 4044 1868 4116 exapeetabant
1893 4044 1967 4099 diem
1982 4045 2093 4114 judieii
2107 4047 2135 4100 in

436 4148 493 4186 nan
517 4132 629 4195 furerat,
652 4132 731 4185 ciuus
756 4130 866 4184 nomine
882 4132 986 4184 mortui
1003 4131 1173 4201 tinpebatur,
1197 4133 1274 4185 unde
1300 4136 1362 4191 illie
1389 4134 1531 4205 epeluncie
1554 4141 1649 4188 tetrae
1673 4130 1873 4200 abditissimie,
1901 4147 1936 4183 ac
1957 4148 2016 4201 pra
2044 4132 2136 4186 eadem

436 4218 573 4287 etabjceit:
592 4216 666 4283 Quid
684 4221 712 4271 et
730 4216 907 4289 baptizantur
922 4235 973 4288 pro
991 4217 1066 4272 illie?
1085 4218 1209 4289 exempla
1221 4218 1273 4273 bac
1302 4224 1454 4277 emundem
1470 4220 1624 4289 refriperia
1636 4218 1860 4289 baptizabantur,
1876 4217 1962 4287 idque
1975 4236 2074 4272 annua
2085 4219 2137 4288 die,

437 4306 614 4373 transactum
628 4304 742 4360 illorum
753 4305 865 4375 probat,
882 4306 935 4358 aad
941 4307 1031 4375 βιαιο
1042 4306 1126 4371 tidem
1140 4306 1168 4358 in
1180 4322 1274 4359 raur-
1303 4308 1439 4363 Calendic
1450 4306 1558 4361 ecilicet
1568 4304 1730 4369 Februarii
1747 4311 1778 4358 ut
1791 4310 1900 4359 condat
1914 4319 1947 4355 ea
1960 4304 2138 4359 Ter-tulliana

435 4391 560 4447 rectione
568 4391 695 4445 attendit.
716 4390 794 4453 Quid
801 4400 828 4445 ct
835 4409 887 4446 nae
893 4392 1092 4461 periclitamur
1102 4393 1275 4447 amniborai
1302 4396 1350 4452 lib.
1367 4399 1392 4449 t.
1417 4401 1505 4449 cantr.
1530 4393 1624 4447 Marc.
1647 4390 1697 4443 ubi
1715 4389 1845 4444 calendie
1862 4388 2032 4444 Februariie
2049 4398 2075 4445 et
2094 4391 2137 4445 be·

437 4478 564 4549 quotidie
576 4477 684 4531 morior
696 4483 749 4532 etc.
774 4477 921 4532 Dicenda:
938 4477 1011 4544 Quid
1030 4483 1057 4533 et
1070 4494 1119 4533 noe
1133 4478 1274 4549 periclita-
1298 4482 1407 4551 ptiaari
1428 4480 1528 4535 uolitat
1550 4478 1582 4531 in
1601 4493 1679 4545 rpem
1697 4474 1912 4529 rerurrectianie
1929 4482 1956 4528 et
1973 4477 2138 4532 munuscula

438 4560 520 4619 mur?
546 4564 679 4617 aaaron
690 4580 832 4633 perronae
853 4566 1014 4634 attendent,
1039 4584 1095 4619 non
1114 4563 1274 4622 Catholicae
1299 4586 1355 4640 pra
1372 4566 1449 4622 carie
1462 4565 1524 4636 peti
1539 4563 1624 4618 calita
1644 4562 1725 4630 dicit,
1743 4561 1902 4630 apaatalum
1919 4577 1986 4615 uera
2004 4561 2087 4617 ilbue
2099 4563 2138 4616 in·

440 4666 507 4718 ecce,
526 4648 576 4716 qui
589 4665 645 4718 pro
663 4650 780 4703 martaie
793 4650 1014 4720 baptiaabantur.
1040 4653 1172 4721 Denique
1184 4671 1274 4723 cupra
1301 4654 1401 4709 nanim
1436 4659 1578 4706 auctarum
1608 4655 1658 4702 aut
1689 4646 1927 4716 adstipulatorem
1956 4655 2051 4716 nepot.
2094 4647 2139 4725 lia

424 4735 521 4809 ,αἰτία
542 4732 659 4804 utquid
678 4733 994 4806 baptizanturproillie.
1030 4738 1177 4808 Numquid
1193 4740 1274 4805 auu,
1302 4742 1355 4797 illo
1372 4739 1460 4810 ipitur
1478 4742 1555 4793 mire
1572 4740 1764 4805 arpumcntum
1783 4734 1863 4787 ducit
1879 4732 2036 4802 apostalae.
2064 4734 2139 4790 Nam

439 4831 465 4878 et
483 4821 658 4891 baptizamur
671 4837 729 4889 pra
747 4821 816 4878 illie.
848 4822 912 4876 Huc
929 4840 1015 4893 neque
1030 4825 1201 4881 Ambraciae.
1227 4825 1274 4881 Ea
1302 4826 1429 4898 peamau
1439 4840 1499 4880 mat
1516 4824 1567 4879 ille
1584 4822 1785 4892 improbandae
1802 4826 1881 4890 meet,
1900 4826 1993 4874 tamen
2009 4820 2039 4874 ei
2050 4819 2138 4892 bapti·

438 4910 523 4979 lujat
540 4908 635 4976 εἰοφιο
650 4907 807 4976 praeclara
827 4909 998 4990 expositione
1012 4919 1106 4980 patet,
1130 4920 1274 4967 contuetu-
1302 4922 1401 4969 rentur
1421 4930 1480 4982 pra
1498 4911 1629 4979 martula,
1652 4917 1683 4963 ut
1700 4906 1884 4975 refriperium
1900 4905 2022 4961 babeant
2040 4906 2072 4960 in
2093 4907 2139 4961 die

438 4996 532 5049 dinem
552 4993 649 5061 illam
675 5008 759 5061 mmm
784 4994 1007 5064 Tbeoplplactue
1031 4999 1168 5051 adecribit
1191 4998 1274 5052 Mar·
1302 4997 1525 5065 renarrectionic,
1544 4994 1684 5064 monada
1702 5009 1768 5061 erpa
1787 4992 1834 5046 rai
1850 4990 1932 5047 obliti
1947 5008 1966 5045 a
1983 5007 2014 5045 ee
2032 4993 2138 5047 dicam·

438 5082 565 5147 cimilia,
582 5086 614 5132 ut
629 5079 705 5132 uiuae
718 5095 776 5148 pra
794 5089 902 5135 mortua
922 5083 1125 5153 baptizaretur,
1151 5091 1274 5153 tempora
1303 5087 1374 5140 tiunt
1401 5093 1427 5141 et
1454 5080 1688 5139 mancationem
1715 5080 1842 5148 nepantt
1880 5076 1953 5131 Idea
1976 5085 2072 5133 autem
2094 5095 2138 5134 ca-

439 5166 530 5221 Pauli
549 5181 608 5219 eece
624 5166 689 5233 jam
706 5165 741 5217 ab
760 5164 901 5234 aliquibus
918 5170 1122 5238 introductam,
1147 5170 1275 5237 quamuie
1302 5171 1404 5226 landae
1426 5164 1581 5224 Februarii
1605 5164 1669 5218 buia
1692 5164 1832 5232 baptiema
1856 5163 2047 5235 dettinarunt,
2073 5164 2139 5235 auia

438 5271 495 5309 nan
512 5252 706 5322 approbatam.
734 5249 860 5323 Scaliger
877 5252 907 5307 iu
927 5254 1001 5311 notia
1019 5255 1056 5310 ed
1068 5254 1102 5312 N.
1114 5253 1162 5311 Te
1181 5256 1275 5310 Aliud
1297 5257 1451 5327 putabant,
1479 5250 1620 5307 Olmbtum
1651 5265 1682 5304 aa
1708 5250 1754 5303 die
1773 5249 1941 5319 baptismum
1964 5267 1983 5304 a
2007 5249 2139 5304 Jalanne

439 5347 480 5392 eat
497 5336 567 5410 into
587 5341 692 5411 νεκρῶν
709 5343 896 5408 βαπτίζεσθαι,
913 5340 941 5393 ei
959 5342 1001 5394 ita
1020 5341 1170 5407 diceretur,
1191 5342 1275 5396 aliud
1302 5340 1512 5412 euecepieeffl
1552 5335 1608 5392 Sed
1631 5335 1683 5391 hot
1707 5335 1804 5392 itidem
1821 5335 1932 5390 videtur
1950 5340 2094 5402 emotum,
2116 5330 2195 5387 aiut

439 5424 510 5498 ὑπὲρ
535 5427 591 5479 τῶν
619 5428 735 5499 νεαρῶν,
760 5432 792 5479 ut
815 5413 898 5480 aliud
918 5425 1069 5487 ἀνάστασις
1087 5432 1143 5483 τῶν
1161 5410 1377 5502 conprimlenim
1413 5428 1449 5482 de
1480 5422 1679 5480 consuetudine
1710 5422 1832 5495 quadum
1866 5421 1967 5476 vitione
1997 5421 2138 5493 eportalue

439 5512 523 5565 aliud
540 5510 689 5573 ἀνάστασις
705 5514 824 5586 νεαρῶν,
851 5514 990 5581 qrmmoda
1010 5515 1039 5565 in
1058 5514 1189 5569 articulie
1206 5516 1277 5580 fidei
1303 5519 1412 5585 ageret,
1446 5512 1563 5568 eundem
1589 5510 1618 5565 in
1646 5508 1796 5564 Corinthiis
1825 5506 1935 5563 omnino
1961 5507 2139 5578 improbaret

433 5598 661 5667 pronuntiamur.
705 5599 781 5653 Nam
804 5599 834 5652 in
857 5614 963 5652 amicae
976 5600 1052 5667 fidei
1069 5600 1202 5671 dicimur,
1233 5624 1274 5657 m·
1303 5606 1329 5658 3.
1338 5598 1459 5664 Quidum
1472 5600 1508 5656 de
1519 5599 1580 5671 ipro
1588 5594 1795 5653 resurrectionis
1804 5593 1920 5649 articulo
1928 5592 2014 5649 verbu
2023 5591 2139 5665 apostoli

438 5683 526 5738 arria
549 5687 656 5759 νεαρῶν
675 5683 845 5753 ἀνάστασιν,
871 5683 938 5755 quia
957 5685 1097 5739 credimur
1122 5703 1216 5741 omnee
1232 5705 1274 5742 ra
1301 5686 1443 5759 accipiunt
1459 5686 1514 5743 hoc
1534 5702 1628 5753 eeueu,
1646 5682 1721 5756 quod
1739 5686 1933 5754 argumentum
1955 5677 2138 5735 confirmatio·

438 5778 623 5828 tumeam-ae.
644 5770 704 5825 Sed
715 5771 1274 5844 quilapaiturdarecurrectionapatrie,
1301 5773 1344 5828 uia
1372 5772 1456 5845 hujue
1485 5772 1599 5830 aticuli
1624 5774 1703 5843 petet
1728 5768 1869 5838 apostalae
1897 5784 1931 5823 ex
1959 5764 2089 5838 generali
2113 5767 2139 5818 et

439 5856 539 5910 matria
567 5864 593 5910 et
617 5857 741 5926 εονονίτ,
765 5857 816 5914 ille
839 5857 925 5928 dicit,
950 5852 1069 5912 πιστεύω
1092 5857 1147 5914 τῶν
1166 5860 1274 5932 νεαρῶν
1300 5858 1429 5917 omuibus
1445 5861 1567 5932 molleta
1582 5874 1615 5915 et
1633 5854 1825 5911 commendate
1837 5852 2043 5911 nmunudine
2057 5849 2138 5910 eccle
