4800 6659
993 551 1046 609 DE
1064 548 1340 610 secuniacus.
1952 558 2010 618 189

323 705 404 763 inerit
419 708 595 776 sipunculum
606 709 739 778 justitiae
752 709 832 779 fidei.
867 705 1151 781 animarentur·
1180 723 1243 760 eam
1266 716 1547 779 repraesentaretur5
1573 707 1602 762 id
1622 706 1729 780 colligit
1748 722 1783 764 ex
1802 669 2022 762 comminatione.

323 794 425 863 minus,
444 795 472 847 si
490 795 664 850 circumcisio
681 796 874 866 ιιιιιιιιιιιιι,
900 796 1011 849 Judnei
1027 795 1153 865 pentibus
1179 794 1277 849 addita
1300 800 1328 850 et
1347 794 1505 867 subjungit:
1537 794 1633 857 Quare
1656 794 1830 849 circumcisio
1849 793 1880 847 in
1893 792 2013 864 posteri·

320 882 524 951 praestitissent
547 882 678 951 justitia,
709 885 787 951 quod
811 884 956 953 apostolus
983 884 1086 937 ibidem
1110 899 1152 935 re·
1179 889 1236 936 tate
1254 883 1389 937 Abrabae
1405 884 1464 947 fuit
1482 883 1596 953 efficax,
1622 882 1673 937 boc
1691 889 1732 935 est
1750 881 1847 935 attulit
1859 882 2012 950 justitiam,

322 970 404 1031 futat.
439 967 664 1037 Respondemus:
685 968 747 1024 Non
765 968 926 1040 simpliciter
942 974 1028 1041 negat
1044 974 1152 1039 aposto·
1178 986 1235 1022 non
1253 970 1364 1024 ratione
1379 970 1474 1039 operis
1485 976 1599 1033 tantum,
1617 970 1693 1037 prod
1707 984 1781 1021 mere
1789 969 1936 1037 passivum
1947 967 2012 1035 suit,

323 1053 373 1122 lus,
389 1052 514 1109 iudaeos
529 1055 700 1125 praestitisse
718 1054 849 1127 gentibus
864 1054 976 1125 justitia
994 1054 1073 1123 (alias
1089 1071 1152 1109 con·
1179 1057 1232 1110 sed
1244 1057 1443 1125 promissionis
1463 1058 1534 1125 Dei,
1553 1072 1624 1125 quae
1646 1073 1708 1109 cum
1727 1055 1778 1108 boc
1793 1054 1911 1123 passivo
1930 1070 2014 1123 opere

322 1155 438 1209 sequeus
456 1139 536 1209 foret,
554 1142 644 1196 nullos
663 1141 692 1195 in
710 1141 813 1212 populo
832 1140 988 1196 Israblitico
1000 1147 1065 1196 ante
1076 1139 1152 1195 Chri-
1179 1144 1331 1212 conjuncta
1347 1145 1415 1209 suit.
1455 1144 1564 1206 Quodsi
1584 1140 1781 1213 promissionis
1798 1142 1908 1196 ratione
1925 1141 2014 1195 caluit

323 1231 392 1279 stum
416 1225 502 1281 fuisse
523 1226 714 1297 justificatos),
741 1227 790 1283 sed
808 1244 842 1282 ex
860 1226 989 1298 operibus
1007 1226 1152 1297 legistam
1179 1230 1353 1283 circumcisio
1372 1237 1399 1285 et
1413 1230 1569 1299 promissio
1588 1248 1644 1283 non
1662 1230 1719 1283 nisi
1728 1228 1798 1296 fide
1809 1228 1903 1297 accipi
1913 1234 2014 1297 potest,

322 1312 444 1367 Judasm
468 1329 551 1385 quam
574 1321 672 1385 gentes
692 1330 785 1369 coram
803 1313 865 1369 Deo
880 1313 1047 1385 justificatos
1064 1312 1150 1368 fuisse
1179 1332 1236 1369 non
1262 1316 1353 1371 sotum
1376 1318 1428 1371 troc
1454 1317 1594 1385 sequitur,
1626 1318 1703 1385 qnod
1722 1315 1841 1385 parsuli
1857 1313 2016 1367 circumcisi

322 1404 413 1469 negat,
432 1416 495 1453 cum
509 1400 631 1470 perfecta
644 1400 714 1472 legis
728 1400 852 1472 impletio
864 1408 921 1456 tam
932 1401 1057 1471 iudaeis,
1069 1417 1153 1472 quam
1178 1404 1286 1473 recepti
1302 1404 1332 1457 in
1344 1404 1453 1474 populo
1464 1404 1526 1457 Dcs'
1536 1403 1698 1471 justificati
1708 1410 1780 1469 nint,
1797 1403 1848 1455 sed
1859 1403 1936 1470 cuod
1942 1419 2013 1471 pnr-

322 1484 450 1556 gentibus
475 1486 512 1540 sit
536 1487 721 1559 impossibilis.
758 1491 812 1553 As,
843 1488 934 1560 inquit
957 1486 1151 1555 Bellarminus‚
1179 1491 1240 1543 cuii
1264 1498 1428 1560 cooperante
1457 1489 1567 1558 Spiritu
1594 1496 1691 1543 sancto
1714 1489 1833 1542 habeant
1850 1488 1942 1552 fidem
1959 1492 2010 1541 etc

323 1590 358 1624 an
381 1590 439 1627 non
464 1572 638 1629 circumcisio
661 1575 719 1640 suit
743 1592 813 1644 opus
832 1575 923 1644 lepis?
959 1574 994 1628 Si
1013 1592 1080 1643 erpo
1099 1574 1153 1627 cir·
1180 1575 1268 1644 Quid,
1292 1594 1359 1631 num
1384 1576 1569 1632 Bellarminus
1595 1574 1667 1630 feret
1691 1574 1730 1628 sic
1753 1570 2013 1645 argumentantem?

322 1658 452 1712 cumcssio
487 1659 679 1728 justificasset,
717 1662 827 1715 sumn
855 1678 888 1714 en
920 1661 1051 1730 operibus
1083 1660 1153 1728 lepis
1181 1662 1305 1718 Verbum
1329 1664 1521 1734 praedicatum
1546 1679 1601 1717 non
1625 1667 1668 1717 est
1685 1660 1806 1715 medium
1825 1659 1952 1730 primitus
1968 1674 2013 1713 ac·

318 1744 478 1812 imsiftcan
487 1746 623 1813 fuissent.
658 1745 882 1818 Respondemus:
903 1746 1034 1802 Abrahae
1052 1752 1152 1802 etsan·
1180 1749 1341 1805 condendae
1360 1747 1427 1805 fidei
1453 1749 1483 1803 in
1506 1747 1575 1811 illis,
1601 1746 1648 1819 qni
1671 1749 1730 1817 jam
1754 1746 1810 1800 fide
1827 1750 1893 1800 sunt
1911 1741 2013 1800 donati.

322 1830 372 1885 ctis
390 1831 555 1902 patriarchis
575 1849 631 1888 non
647 1832 735 1888 solum
754 1834 846 1905 legem
861 1832 982 1887 divinam
1001 1832 1088 1887 fuisse
1105 1849 1152 1886 no·
1179 1836 1255 1907 Ergo
1275 1836 1359 1890 etiam
1379 1834 1408 1888 in
1421 1834 1535 1906 reliquis
1552 1833 1747 1890 convertendis
1766 1850 1822 1887 non
1840 1830 2013 1892 estmedium

321 1923 390 1987 tam,
417 1919 467 1974 sed
489 1919 572 1974 ιιιιιιι
596 1920 690 1975 datam
716 1920 770 1976 illis
788 1920 996 1991 promissionem
1014 1919 1153 1992 evangeli·
1178 1922 1245 1977 fidei
1264 1920 1480 1977 accendendas?
1512 1920 1576 1991 Ipse
1595 1920 1780 1974 Bellarminus
1792 1937 1816 1975 ι.
1832 1923 1869 1975 13.
1884 1916 2011 1990 praeced

322 2022 380 2060 cam
404 2006 441 2061 de
465 2012 581 2061 venturo
604 2009 720 2076 semine,
745 2008 775 2061 in
796 2024 849 2076 guo
868 2007 1072 2062 benedicendae
1090 2014 1154 2059 sunt
1180 2005 1208 2082 ξ.
1230 2013 1253 2063 2,
1272 2007 1379 2062 scribit:
1403 2007 1509 2061 Adults'
1535 2007 1564 2059 in
1583 2007 1620 2060 N.
1644 2008 1676 2063 Τ.
1688 2023 1745 2075 per
1762 2005 1853 2069 fidem
1870 2013 1896 2059 et
1912 2005 2014 2058 contri·

322 2108 414 2146 omnes
435 2100 543 2160 pentes,
568 2091 634 2147 huic
655 2092 829 2164 promissioni
848 2094 918 2148 ritus
938 2092 1153 2149 circumcisionis
1179 2097 1282 2150 tionem
1297 2111 1392 2159 reram
1403 2094 1615 2166 justificantur,
1635 2100 1784 2162 amquam
1801 2092 2013 2161 reipsaadsa·

320 2179 373 2233 init
406 2177 520 2233 additus
553 2185 686 2250 tanquam
715 2180 836 2235 salutare
863 2179 984 2235 medium
1011 2187 1039 2235 et
1064 2196 1152 2235 sacra·
1179 2189 1351 2235 crumentum
1373 2182 1516 2234 occaicnt.
1560 2178 1589 2235 Si
1609 2179 1671 2250 quis
1688 2196 1721 2234 ex
1740 2196 1773 2234 eo
1791 2177 1922 2249 colligere
1938 2175 2014 2245 velit,

321 2268 456 2334 mentum,
481 2281 533 2336 per
555 2266 629 2337 quod
653 2265 706 2336 ipsi
729 2273 758 2322 et
774 2266 877 2337 posteri
896 2279 989 2321 eorum
1008 2283 1097 2338 usque
1116 2266 1152 2320 ad
1180 2266 1403 2322 sacramentali.
1423 2266 1455 2321 Τ.
1475 2282 1531 2320 non
1549 2266 1717 2336 justificare,
1741 2281 1882 2336 nunquam
1901 2262 1930 2316 id
1949 2277 2013 2318 con·

321 2349 422 2405 cuncti
446 2351 594 2407 adventum
617 2352 807 2422 reciperentur
829 2353 858 2408 in
880 2352 979 2408 foedus
1003 2352 1070 2419 Dei;
1100 2351 1153 2408 boc
1179 2353 1261 2409 cedet
1276 2351 1476 2421 Bellarminus,
1500 2368 1549 2407 cur
1573 2368 1640 2422 ergo
1666 2350 1718 2406 sibi
1741 2350 1795 2422 ipsi
1813 2348 2012 2413 contradicens,

320 2436 406 2509 igitur
429 2455 511 2493 sensu
536 2446 564 2493 et
591 2444 721 2509 respectu
747 2439 918 2495 circumcisio
946 2457 1003 2495 non
1021 2439 1154 2510 pertinuit
1180 2458 1214 2496 ex
1235 2459 1280 2507 eo,
1307 2441 1383 2513 qued
1408 2439 1584 2494 Abrahamus
1608 2439 1720 2494 adultsrs
1744 2441 1810 2493 ante
1830 2435 2012 2491 circumcisio

319 2524 356 2579 ad
383 2524 490 2596 legem,
518 2526 750 2596 quemadmodum
783 2533 812 2581 et
839 2526 987 2592 sacnficia,
1018 2531 1154 2598 quatenus
1179 2544 1242 2583 nem
1261 2526 1431 2597 justificatus
1454 2525 1555 2592 fuerit,
1581 2525 1712 2596 colligere
1737 2528 1868 2590 conatur,
1894 2521 2009 2576 ιιιιιιιιι-

321 2610 434 2666 inerunt
453 2610 516 2681 typi
544 2616 572 2666 et
600 2611 714 2668 umbrae
744 2612 819 2667 unici
847 2612 974 2668 sacrificii
1004 2611 1153 2668 aChristo
1178 2613 1310 2670 cisionem
1323 2630 1379 2668 non
1388 2630 1451 2677 esse
1465 2612 1566 2680 (ιιιιιιι,
1579 2618 1612 2667 ut
1620 2608 1805 2681 justificaret?
1825 2611 1852 2662 3.
1866 2611 1890 2661 1.
1902 2606 2011 2662 Comi.-
2004 2610 2139 2706 '¹n⁰⁰'„⁷²

322 2696 463 2769 praestiti,
487 2712 542 2751 non
566 2697 601 2750 ed
625 2698 730 2768 legem,
753 2697 803 2752 sed
821 2697 858 2752 ad
876 2699 1051 2770 evangelium
1069 2697 1152 2770 perti·
1181 2700 1363 2756 Oircumcssio
1389 2699 1461 2754 nimi
1488 2706 1528 2753 en
1553 2706 1578 2751 et
1590 2697 1772 2767 praeputium
1791 2694 1863 2747 nihil
1883 2701 1939 2758 ιιι,·
1964 2664 2040 2748 ubic
2025 2676 2152 2757 .ι“.ι“..ιίιι

322 2789 456 2847 nuerunt,
488 2798 543 2854 qua
573 2783 608 2838 de
639 2801 669 2838 re
698 2784 780 2854 plura
812 2801 863 2840 suo
889 2785 959 2841 ιοιο.
998 2785 1154 2842 Foemellas
1178 2788 1219 2841 ita
1244 2788 1353 2842 Paulus
1370 2786 1606 2842 circumcisionem
1622 2792 1653 2837 ut
1666 2783 1863 2853 praeputium,
1881 2780 2038 2850 despicit,
2026 2772 2067 2809 ἰ

321 2868 491 2925 Israeliticas
517 2870 592 2942 quod
616 2870 727 2940 attinet,
752 2872 804 2925 etsi
823 2870 928 2926 illae'
907 2889 1016 2943 signum
1033 2872 1153 2928 foederis
1179 2892 1241 2927 cum
1268 2875 1363 2942 oprtur
1388 2875 1424 2927 ιιι
1444 2871 1677 2941 justificatione!
1711 2874 1735 2924 4
1769 2867 1867 2924 Galat.
1885 2871 1912 2920 4·
1940 2864 2012 2928 Quo
2026 2871 2140 2912 thttt·

321 2957 350 3012 in
375 2974 460 3012 carue
479 2972 535 3010 non
557 2956 726 3027 reciperent,
749 2962 843 3013 tamen
862 2957 978 3029 abipso
997 2958 1108 3015 foedere
1126 2964 1154 3015 et
1180 2963 1262 3015 modo
1290 2962 1392 3014 uterum
1409 2957 1602 3013 convertimini
1617 2957 1658 3008 nd
1674 2956 1788 3024 infirmo
1807 2961 1833 3008 et
1851 2970 1939 3022 epona
1959 2954 2012 3008 eis·
2026 2923 2145 3015 iiiiii-⁶⁰

320 3044 414 3116 gratia
430 3041 485 3098 Dei
502 3059 557 3097 non
575 3048 654 3098 erant
674 3043 810 3112 exclusae,
830 3044 896 3115 quia
915 3044 1051 3116 originem
1071 3045 1153 3101 duce·
1179 3055 1280 3114 menta,
1300 3047 1399 3117 quibus
1411 3041 1745 3100 iterumseroirscultist
1761 3040 2012 3095 ubiekmentorum
2025 3027 2140 3128 {22:¹⁸¹ss

320 3130 391 3186 bant
408 3129 604 3185 nemcumcisis
617 3135 840 3185 sterantscmen
852 3130 1003 3186 circumcisi
996 3131 1154 3202 'Abrahae
1178 3136 1290 3189 nomine
1314 3132 1483 3201 intellipitur
1505 3129 1681 3185 circumcisio
1701 3136 1726 3182 et
1746 3128 1823 3182 atine
1837 3127 1958 3195 fipurae
1975 3126 2013 3181 le-
2026 3131 2146 3171 cremona.

320 3216 366 3272 cui
383 3215 460 3271 iacta
478 3222 520 3270 est
537 3215 585 3268 illa
601 3214 763 3286 promissio:
784 3217 845 3269 Ero
860 3218 938 3271 Deus
954 3226 1018 3272 tuus
1035 3226 1062 3273 et
1074 3222 1153 3273 Deus
1179 3224 1265 3291 poles.
1301 3225 1326 3274 5.
1355 3218 1421 3273 Gal.
1440 3221 1474 3273 6.·
1504 3218 1565 3271 Nec
1592 3213 1766 3269 circumcisio
1793 3214 1905 3282 aliquid
1930 3214 2012 3280 natet,
2025 3205 2139 3298 ⁰¹¹⁸&st

319 3304 435 3357 semins’s
451 3303 502 3371 tui,
521 3302 583 3357 ideo
595 3318 628 3357 ex
640 3301 693 3358 hoc
705 3300 815 3357 foedere
827 3320 858 3358 se
869 3302 1005 3359 consolari
1015 3311 1153 3375 poterant,
1179 3325 1231 3362 nec
1244 3306 1440 3377 praeputium,
1457 3306 1508 3358 sed
1525 3320 1598 3356 noca
1616 3309 1763 3364 crentura;
1780 3302 1829 3353 uti
1846 3317 1918 3354 noua
1935 3316 2052 3354 ιιια-ιι
2054 3310 2135 3350 monto

244 3396 307 3441 itta
320 3396 354 3446 ut
376 3393 494 3460 apparet
514 3388 638 3459 exemplo
662 3387 810 3456 Judithae,
827 3406 849 3445 ι.
869 3394 901 3457 9,
918 3407 943 3446 ι.
964 3397 1003 3447 15.
1022 3397 1050 3446 et
1068 3391 1152 3447 habe·
1179 3405 1247 3450 turn
1271 3394 1421 3464 opponitur
1439 3400 1496 3445 tam
1515 3389 1732 3453 circumcisioni,
1751 3405 1836 3456 quam
1850 3388 2012 3456 praeputio,
2024 3362 2111 3459 :md

244 3484 296 3528 at:
319 3476 422 3532 bantur
437 3492 486 3547 pro
504 3475 673 3531 circumcisis
692 3476 778 3530 Exod.
801 3482 845 3541 12,
863 3494 889 3532 v.
908 3481 950 3532 te
984 3479 1104 3535 2.Rom
1120 3484 1153 3533 4.·
1180 3484 1258 3553 quad
1280 3488 1351 3535 esset
1373 3481 1512 3548 ineptum,
1538 3478 1566 3530 si
1588 3474 1764 3529 circumcisio
1780 3475 1894 3541 faceret
1910 3490 2010 3527 nocam
2024 3474 2138 3514 mim·

2024 3518 2118 3565 ιιιιιιιιι.

244 3588 301 3629 ιι...
244 3537 475 3632 mmApostolus
499 3578 532 3615 ec
552 3564 684 3631 professo
699 3564 817 3631 probat,
838 3564 1031 3618 Abrainmnm
1049 3584 1105 3620 non
1122 3567 1152 3620 tn
1179 3576 1347 3623 creaturam
1384 3569 1409 3619 6.
1427 3565 1502 3619 Ptin
1515 3567 1550 3616 3.·
1565 3562 1750 3633 Repudiatus
1762 3560 1920 3627 justitiare
1939 3528 2038 3630 ispe,
2023 3574 2120 3669 gppptp:

244 3639 290 3741 a
320 3649 542 3716 csrcumoisione,
566 3648 647 3701 sed'
635 3666 664 3701 sn
679 3650 830 3718 praeputio
841 3650 938 3716 fuisse
955 3651 1150 3721 justificatum,
1179 3665 1205 3711 et
1235 3653 1409 3710 circumcisio
1440 3667 1496 3721 per
1533 3656 1696 3703 contemtum
1732 3654 1848 3701 uocatur
1877 3647 2007 3703 conscisio.
2024 3678 2139 3719 consisto

244 3768 252 3812 g
320 3735 434 3789 atinde
451 3736 615 3802 admoneat,
641 3734 880 3792 circumcisionem
896 3754 953 3789 non
970 3753 1029 3790 esse
1047 3740 1153 3802 datam,
1178 3742 1402 3815 Respondemus:
1426 3739 1497 3793 baec
1521 3741 1551 3793 et
1573 3734 1674 3790 similia
1690 3734 1767 3790 dicta
1785 3750 1841 3788 non
1861 3733 2011 3789 detrahunt
2024 3741 2084 3773 '¹⁸¹²

320 3822 546 3891 atjustificcret.
581 3819 804 3891 Respondemus:
829 3821 960 3887 Quamvis
977 3823 1153 3881 Abrahamus
1179 3828 1381 3887 circumcisioni
1404 3824 1571 3893 efficaciam,
1597 3822 1653 3877 rim
1677 3825 1705 3878 et
1723 3821 1901 3893 dignitatem,
1928 3838 2011 3892 quam

321 3914 384 3965 ants
407 3907 642 3963 circumcisionem
670 3907 753 3963 tuerit
770 3908 956 3978 justificatus,
981 3915 1021 3965 ita
1046 3917 1078 3967 ut
1100 3913 1153 3967 cir-
1179 3916 1245 3971 clim
1271 3913 1369 3969 babuit
1387 3920 1451 3968 ante
1469 3910 1570 3967 Christi
1589 3909 1755 3976 adventum,
1772 3907 1822 3963 sed
1841 3924 1915 3975 ιιιιι,
1941 3923 2013 3978 quae

322 3994 451 4051 cumcisio
478 3994 531 4066 ipsi
556 4011 612 4049 non
632 3993 718 4049 fuerit
736 3994 856 4049 medium
872 3993 999 4065 justitiae
1015 3995 1081 4052 fidei
1099 3999 1153 4071 pri·
1178 4007 1242 4073 post
1267 3998 1370 4054 Christi
1393 3998 1551 4070 passionem
1572 4000 1603 4050 et
1624 4000 1740 4049 mortem
1764 4008 1797 4046 ac
1823 3991 1954 4063 baptismi
1971 3992 2011 4048 in·

321 4100 394 4137 mum
424 4080 623 4150 conferendae,
650 4080 699 4134 sed
724 4079 927 4152 obsignandas,
954 4088 987 4136 ut
1011 4084 1152 4154 apostolus
1178 4086 1348 4143 stitutionem
1380 4090 1457 4139 exus
1493 4087 1521 4138 et
1555 4087 1665 4153 praeter
1694 4079 1748 4135 Dei
1776 4077 1891 4134 verbum
1921 4078 2011 4134 eidem

323 4167 425 4224 ibidem
441 4166 579 4238 loquitur3
600 4182 633 4221 ex
651 4183 684 4222 eo
702 4172 863 4220 tamennon
879 4174 984 4237 potest,
1003 4186 1053 4223 uec
1071 4170 1154 4226 debet
1177 4172 1380 4245 attingebatur,
1419 4177 1451 4225 ut
1489 4166 1711 4223 circumstantiae
1743 4170 1835 4220 textus
1865 4164 2011 4221 manifeste

324 4253 431 4321 inferri,
456 4254 531 4321 quod
559 4253 711 4308 infantibus
733 4252 895 4308 Israiiliticis
916 4271 972 4308 non
995 4254 1080 4311 fuerit
1098 4275 1153 4313 me·
1178 4261 1341 4328 ostendunt,
1367 4261 1495 4312 notanter
1520 4255 1593 4311 enim
1618 4253 1686 4307 dicit
1710 4251 1851 4324 apostolus
1871 4249 1964 4308 Galat.
1984 4256 2008 4317 6,

325 4341 397 4397 dnm
423 4340 607 4409 ordinarium,
633 4357 682 4410 per
707 4340 782 4411 quod
807 4339 863 4394 fide
888 4340 983 4394 donati
1007 4341 1037 4396 in
1055 4342 1154 4399 foedus
1178 4367 1205 4404 v.
1233 4354 1277 4403 ιιι
1308 4345 1345 4398 In
1375 4345 1485 4400 Christo
1514 4343 1586 4396 Jesu
1612 4357 1662 4394 nec
1693 4338 1868 4394 circumcisio
1898 4337 2012 4407 aliquid

324 4425 374 4484 Dei
392 4426 512 4496 recepti,
531 4425 695 4497 regenerati,
711 4423 859 4495 justificati
880 4431 908 4480 et
923 4427 1023 4481 salvati
1040 4427 1151 4485 ιιιιιίιιι.
1179 4434 1262 4501 ιαιιι,
1279 4450 1329 4486 ιιι
1345 4430 1534 4501 praeputium,
1554 4426 1622 4500 quin
1638 4427 1693 4481 imo
1707 4442 1762 4481 non
1774 4426 1863 4480 solum
1876 4424 2011 4494 inutilem,

322 4513 464 4569 Abraham
499 4519 563 4566 ante
589 4519 730 4582 acceptam
760 4511 997 4567 circumcisionem
1025 4515 1152 4584 jamdum
1179 4519 1229 4575 sed
1252 4524 1280 4574 et
1302 4517 1412 4572 noxiam
1433 4532 1492 4571 esse
1510 4513 1609 4569 statuit
1625 4511 1861 4568 circumcisionem
1882 4510 1934 4566 sub
1952 4509 2010 4581 opi·
2119 4499 2128 4515 ⁹

323 4608 379 4656 erat
400 4597 586 4671 justificatus,
612 4604 792 4669 regeneratus
815 4604 843 4654 et
867 4598 972 4669 Spiritu
990 4606 1085 4656 sancto
1104 4602 1151 4658 do·
1179 4606 1261 4660 nionc
1278 4603 1459 4669 necessitatis,
1477 4601 1570 4656 cultus
1583 4606 1611 4656 et
1624 4597 1831 4671 justificationis
1846 4603 2010 4667 susceptam.

323 4694 410 4758 natus,
428 4686 492 4742 ideo
511 4686 580 4740 haec
594 4684 728 4741 beneficia
746 4702 796 4756 per
815 4685 1049 4741 circumcisionem
1065 4688 1090 4743 ei
1105 4689 1151 4745 ob·
1180 4692 1243 4749 Gal.
1259 4699 1282 4758 5,
1300 4710 1326 4749 v.
1341 4697 1373 4746 2:
1393 4692 1468 4744 Ecce
1487 4705 1537 4758 epo
1556 4687 1666 4741 Paulus
1682 4686 1747 4740 dieo
1759 4686 1851 4753 cobis,
1869 4685 2009 4754 quoniam,

321 4773 510 4847 signabantur,
528 4771 596 4842 quin
613 4776 642 4827 et
660 4770 729 4826 fides
745 4770 967 4842 confirmabatur,
986 4773 1151 4845 doneSpiri·
1178 4781 1205 4833 si
1222 4776 1476 4840 circumcidamini,
1497 4774 1625 4830 Christus
1641 4773 1716 4826 robis
1733 4772 1806 4826 nisit
1818 4773 1937 4841 prodest
1957 4777 2009 4827 etc.

321 4867 364 4916 tus
387 4859 563 4931 augebantur
581 4866 631 4916 etc.
668 4858 723 4914 Sed
742 4859 920 4930 parvulorum
937 4859 993 4915 elis
1014 4866 1056 4915 est
1072 4862 1150 4931 ratio,
1178 4866 1252 4920 Hinc
1273 4855 1364 4919 ortum
1382 4860 1496 4915 mahunt
1514 4857 1714 4929 disputationes
1727 4857 1957 4914 scholasticorum
1975 4857 2009 4912 de
2022 4860 2083 4906 vm.
2096 4859 2143 4903 ιιι.

320 4948 368 5020 qui
399 4953 465 5001 ante
488 4950 649 5016 perceptam
675 4943 910 5002 circumcisionem
935 4946 1071 5002 ordinarie
1096 4964 1151 5003 nou
1179 4947 1431 5008 circumcisionem
1445 4946 1480 5001 N.
1502 4944 1536 5001 Τ.
1556 4944 1692 5013 Thomas,
1711 4943 1882 5009 Richardns,
1899 4944 2009 4999 Duran-

319 5039 398 5092 eraut
411 5030 559 5104 justificati
577 5037 605 5087 et
622 5031 795 5103 regenerati,
813 5031 869 5085 illis
887 5032 972 5103 igitur
989 5034 1081 5104 gratia
1098 5033 1152 5089 Dei
1179 5039 1239 5101 dus,
1257 5037 1356 5091 Petrus
1376 5035 1412 5090 de
1423 5031 1592 5088 Paludeetc.
1621 5030 1804 5102 Distinguunt
1816 5029 1871 5085 tria
1885 5035 2010 5101 tempora

320 5130 350 5177 et
364 5118 475 5191 justitia
492 5117 557 5172 fidei
577 5118 611 5173 de
631 5135 703 5173 novo
721 5118 805 5189 plane
826 5118 1020 5174 conferebatur
1039 5119 1151 5190 percir-
1177 5120 1407 5190 circumcisionis,
1431 5137 1516 5173 unum
1539 5134 1627 5187 usque
1646 5118 1689 5171 cd
1702 5115 1864 5187 passionem
1883 5118 2009 5186 Domini,

320 5204 497 5263 cumcisionis
523 5211 725 5259 sacramentum
755 5211 783 5260 et
811 5204 913 5260 collata
942 5204 1150 5275 obsignabatur.
1177 5211 1298 5264 alterum
1321 5226 1340 5262 a
1360 5206 1495 5276 passione
1520 5220 1607 5273 usque
1632 5205 1674 5256 ad
1692 5202 1910 5272 publicationem
1928 5220 2008 5258 ιιιιιι-

320 5290 420 5349 Reiero
432 5292 486 5348 huc
499 5290 712 5362 pulcherrimum
728 5290 817 5345 locum
832 5308 866 5347 ex
879 5290 1001 5347 Lutliero
1020 5292 1049 5345 iu
1066 5309 1088 5347 c.
1111 5298 1150 5349 l't.
1176 5296 1259 5364 petii,
1297 5294 1409 5347 tertium
1438 5299 1505 5362 post
1531 5289 1753 5361 publicationem
1783 5289 1928 5357 erianpetii.
1975 5288 2009 5345 In

321 5377 420 5435 Genes.
438 5395 466 5449 p.
488 5382 550 5433 195:
568 5378 604 5430 ln
616 5377 779 5430 Abrahamo
792 5378 967 5432 circumcisio
985 5387 1026 5431 est
1046 5397 1150 5432 merum
1176 5382 1273 5454 primo,
1294 5379 1399 5447 dicunt,
1417 5382 1541 5449 tempore
1558 5375 1613 5431 fuit
1633 5376 1712 5429 utilis
1724 5374 1909 5439 circumcisios
1927 5376 1957 5429 in
1969 5393 2009 5431 se

320 5467 429 5536 sianum
444 5466 505 5518 sine
522 5464 788 5533 repraesentatione,
805 5465 838 5517 id
857 5473 897 5518 est
915 5466 956 5519 sic
975 5473 1015 5519 est
1032 5466 1150 5536 sipnum,
1176 5468 1268 5523 cundo
1285 5466 1339 5520 tuit
1359 5466 1453 5535 licita,
1471 5464 1521 5520 sed
1538 5480 1590 5520 nec
1611 5461 1701 5530 utilis,
1724 5478 1776 5515 nec
1794 5462 1962 5527 necessaria;
1980 5464 2009 5517 in

321 5561 426 5607 sitnon
445 5552 550 5615 facim,
577 5551 653 5619 quod
670 5548 824 5617 sipniticct;
849 5552 900 5604 sed
917 5559 1025 5605 tontum
1044 5552 1150 5621 sipnifi·
1176 5553 1258 5609 tertio
1279 5552 1334 5607 fuit
1358 5551 1516 5619 mortifero.
1559 5548 1658 5605 Scotus
1682 5552 1711 5603 et
1727 5546 1789 5601 Biel
1806 5553 1925 5618 quatuor
1941 5557 2008 5604 tem·

322 5646 360 5693 cet
377 5645 431 5695 etc.
475 5637 534 5692 Sed
558 5636 622 5690 otia
642 5637 717 5689 ratio
741 5637 801 5702 fuit
816 5637 990 5705 posteritatis
1009 5639 1150 5696 Abrahae.
1177 5656 1246 5711 pora
1266 5642 1373 5710 ponunt
1398 5645 1450 5694 etc.
1491 5636 1573 5702 Quod
1596 5634 1620 5688 si
1641 5632 1825 5689 Bellnrminus
1849 5634 1917 5691 haec
1934 5635 2009 5690 dicta

322 5725 394 5780 Eam
406 5725 581 5779 circumcisio
593 5741 648 5777 non
660 5723 888 5792 incenitjuncn,
907 5732 938 5776 at
951 5724 1150 5782 Abrabamum.
1178 5724 1337 5796 Scripturas
1355 5724 1383 5778 in
1404 5723 1526 5780 medium
1546 5721 1668 5775 adducta
1679 5719 1714 5774 de
1727 5718 1934 5777 circumcisione
1944 5729 2008 5776 aute

322 5810 418 5883 itaque
437 5813 478 5866 sic
488 5812 553 5878 fuit
566 5810 741 5880 sipnacuium
751 5811 898 5879 justitiae,
923 5818 953 5865 ut
967 5812 1084 5881 justitia
1096 5830 1152 5882 per
1180 5811 1320 5868 Christum
1336 5810 1440 5882 populo
1457 5805 1609 5865 Israilitico
1628 5811 1779 5879 praecepta
1795 5807 1921 5879 accipere
1932 5807 2009 5875 velit,
