4800 6659
454 578 491 636 16
1041 566 1165 626 Locus
1182 560 1354 622 necinus
1374 562 1563 625 SEPI'IMUS

451 723 554 782 librum
573 724 608 780 ds
626 723 726 795 spirim
746 730 776 781 et
793 725 892 798 gratia,
911 724 947 781 ds
964 728 1066 779 natura
1082 722 1118 780 N.
1137 722 1188 787 Τ.,
1204 719 1291 776 libros
1319 720 1446 789 ponimns
1481 721 1654 779 auditoribus
1692 724 1793 779 nostris
1830 740 1930 779 causas
1966 724 2050 795 longe
2090 742 2154 797 gra·

453 811 638 868 contradens
658 810 1119 883 epistolasPelsgianorumatque
1136 808 1192 863 alia
1209 807 1289 863 Pelo
1316 808 1455 872 ursimus,
1484 816 1599 880 propter
1628 827 1697 881 quas
1725 811 1847 865 studium
1878 811 2013 866 bonorum
2043 811 2079 866 sit
2105 828 2155 867 ne·

452 897 542 969 gianis
561 897 696 968 opposita.
741 897 808 952 Alia
830 914 897 969 ergo
920 897 1047 969 quaestio
1064 902 1118 961 est,
1145 912 1182 949 an
1199 894 1289 965 perfe-
1317 894 1474 951 cessarium.
1524 896 1709 952 ”Wellerus
1740 897 1770 951 in
1799 897 1907 968 epistol.
1937 904 2089 968 nuncupat.
2117 898 2155 952 ad

452 988 498 1040 cta
518 984 588 1055 legis
607 983 731 1057 impletio
748 983 784 1037 ad
798 983 1026 1055 justificationem
1043 988 1071 1040 et
1088 982 1207 1038 salutem
1231 997 1289 1036 are·
1316 981 1464 1037 Albsrtum
1493 983 1592 1038 ducem
1620 982 1774 1055 Megepol.:
1804 985 1909 1038 Malim
1940 986 2155 1039 concionatores

453 1069 584 1126 dentibus
609 1070 647 1125 sit
673 1070 844 1140 necessaria,
871 1070 920 1125 ubi
948 1070 1070 1126 ostendit
1105 1068 1231 1125 doctrina
1254 1067 1289 1122 de
1311 1084 1406 1137 prope
1433 1070 1502 1140 ptus
1534 1087 1637 1140 operae
1667 1072 1697 1124 in
1724 1071 1912 1125 admonendis
1942 1088 1976 1125 ac
2002 1071 2152 1140 reprelien-

451 1156 580 1212 libertate
604 1155 771 1224 Christiana,
793 1174 843 1212 nos
860 1172 912 1228 per
934 1155 1076 1213 Christum
1099 1172 1117 1210 a
1141 1153 1289 1210 maledicto
1316 1156 1419 1209 dandis
1438 1157 1545 1210 semeis
1563 1176 1648 1227 pam
1665 1159 1696 1212 in
1708 1158 1892 1211 consolandis
1903 1158 2024 1227 afflictis
2035 1174 2154 1211 summe.

452 1243 522 1316 legis
555 1243 686 1299 liberatos
707 1260 781 1313 esse3
815 1243 873 1298 alia
900 1261 996 1298 rursus
1025 1242 1150 1314 quaestio
1168 1248 1227 1308 est,
1252 1258 1288 1296 au
1318 1241 1434 1311 Semper
1455 1244 1528 1296 enim
1551 1244 1645 1312 major
1666 1262 1739 1313 pars
1766 1245 1928 1298 auditorum
1945 1252 2010 1297 sunt
2028 1245 2156 1298 homines

377 1369 380 1374 -
451 1329 540 1386 renati
563 1347 581 1385 a
608 1329 754 1385 maledieto
773 1331 844 1401 legis
863 1329 975 1385 liberati
992 1330 1052 1385 Deo
1066 1330 1149 1399 juxta
1165 1344 1288 1383 normam
1315 1328 1409 1380 securi
1425 1336 1452 1381 et
1468 1329 1596 1397 profani,
1614 1331 1730 1384 illorum
1747 1348 1820 1394 vero,
1842 1332 1892 1402 qui
1905 1348 1989 1383 sensu
1998 1332 2115 1399 peccati
2127 1339 2156 1384 ct

451 1415 521 1487 legis
548 1415 661 1472 obedire
686 1432 719 1470 ac
742 1415 844 1470 servire
869 1420 1025 1470 teneantur.
1076 1412 1206 1468 Vicissim
1233 1413 1290 1467 alia
1315 1414 1378 1467 iras
1396 1415 1457 1468 Dei
1479 1433 1514 1468 ac
1538 1417 1694 1470 terroribus
1718 1418 1829 1485 inferni
1856 1425 1883 1470 et
1902 1417 2000 1471 mortis
2018 1426 2156 1470 venantur

452 1502 578 1573 quaestio
604 1508 660 1572 est,
692 1502 830 1573 quomodo
856 1501 916 1557 ficri
944 1500 1066 1556 debeant
1092 1500 1166 1554 bona
1196 1516 1288 1569 opera,
1315 1501 1430 1567 aoipnm
1448 1508 1488 1554 est
1508 1504 1648 1557 coetus.**
1689 1502 1883 1573 Magistratum
1910 1502 1995 1558 officii
2015 1503 2058 1556 sui
2079 1518 2156 1556 com·

450 1587 581 1642 videlicet
597 1604 654 1641 non
674 1596 783 1656 coacte,
808 1604 864 1641 non
881 1587 967 1642 inrito
988 1586 1094 1653 animo,
1117 1603 1173 1641 non
1190 1587 1289 1641 timore
1314 1604 1457 1642 monemus
1473 1587 1503 1642 in
1521 1587 1668 1657 puniendis
1687 1588 1796 1643 delictis
1815 1596 1911 1643 contra
1924 1589 2014 1661 legem
2027 1589 2155 1643 divinam

450 1690 566 1745 poenae,
585 1674 635 1730 sed
654 1674 741 1730 libero
761 1678 791 1729 et
808 1680 961 1744 spontaneo
979 1673 1092 1744 spiritu;
1121 1673 1177 1727 alia
1193 1690 1289 1727 rursus
1315 1674 1466 1728 commissis
1488 1680 1539 1730 etc.
1576 1678 1602 1728 3.
1622 1675 1701 1744 Ipsis
1718 1677 1879 1729 auctoribus
1896 1676 1981 1744 liujus
1992 1676 2155 1729 calumniae

451 1760 577 1832 quaestio
600 1765 654 1829 est,
680 1777 716 1815 an
740 1760 796 1814 sint
820 1759 950 1815 facienda
977 1758 1052 1814 bona
1074 1775 1171 1829 opere,
1193 1776 1229 1813 an
1252 1758 1290 1812 sit
1314 1761 1473 1823 sabbatam
1491 1779 1547 1815 non
1565 1778 1623 1814 esse
1642 1762 1774 1830 ipnotam.
1822 1761 1963 1831 Quicquid
1979 1762 2031 1830 sit,
2055 1761 2156 1815 scribit

451 1846 632 1917 adiaphorum
665 1854 750 1918 atque
781 1845 957 1901 arbitrarium
995 1845 1069 1900 bona
1106 1861 1190 1915 opera
1217 1843 1287 1900 fieri.
1315 1845 1367 1899 hoc
1385 1845 1447 1900 loco
1465 1846 1663 1914 Bellarminus,
1684 1848 1719 1900 de
1744 1848 1837 1901 modis
1855 1848 1990 1918 loqrmndi
2008 1847 2157 1914 (Lethen,

451 1931 580 2004 Denique
609 1932 666 1986 alia
696 1932 822 2003 quaestio
851 1934 886 1987 de
916 1932 1045 1987 libertate
1074 1938 1232 1987 renatorum
1259 1932 1288 1985 in
1315 1931 1464 2002 Philippo,
1482 1931 1610 2001 Brentio,
1630 1931 1800 2000 Cbemnicio)
1818 1935 1945 2002 usitatis,
1971 1951 2033 1986 essm
2051 1934 2158 1986 meuti-

437 2019 626 2090 adiaphoris,
644 2035 717 2091 quae
736 2036 791 2073 non
810 2018 915 2075 babent
940 2035 1099 2089 expressum
1118 2017 1288 2085 mandatum,
1315 2025 1400 2071 untur
1416 2018 1543 2088 ipsorum
1561 2016 1707 2087 principia
1725 2027 1750 2071 et
1768 2019 1905 2088 pleraque
1918 2020 1995 2072 diem
2008 2027 2033 2072 et
2045 2020 2158 2089 scripta

453 2103 571 2176 ideoque
593 2105 667 2160 bona
690 2104 858 2160 conscientia
884 2111 961 2160 extra
977 2121 1072 2159 casum
1088 2103 1212 2158 scandali
1229 2103 1289 2159 fieri
1317 2104 1442 2172 Lutberi,
1461 2105 1592 2159 sidentur
1609 2105 1720 2157 omnino
1733 2105 1901 2170 adamare,
1916 2121 2000 2175 posse
2013 2105 2157 2159 bominem

454 2190 499 2245 vel
518 2190 608 2245 omitti
626 2195 755 2261 possunt3
778 2190 835 2245 alia
851 2208 946 2245 rursus
964 2189 1089 2261 quaestio
1108 2190 1143 2244 de
1160 2189 1289 2245 libertate
1315 2191 1426 2243 salvari
1432 2230 1439 2255 ‚
1477 2190 1590 2244 etiamsi
1625 2191 1707 2243 nulia
1746 2191 1819 2243 bona
1849 2208 1937 2259 opera
1958 2192 2072 2260 saciat,
2103 2209 2157 2245 nec

453 2274 482 2349 in
502 2276 633 2347 operibus
649 2276 800 2331 moralibus
817 2276 950 2331 divinitus
968 2275 1115 2330 mandatis.
1317 2280 1454 2330 mandata
1467 2278 1563 2330 divina
1579 2277 1730 2332 cssstodiat.
1742 2277 1881 2333 Videntur
1892 2278 2011 2349 (inquit),
2022 2278 2157 2333 nimirum

1315 2361 1377 2428 illis,
1397 2363 1445 2434 qui
1464 2368 1540 2418 recte
1560 2363 1637 2417 dieta
1654 2363 1790 2419 malitiose
1810 2369 1984 2432 pervertunt,
2002 2363 2056 2434 ipsi
2078 2364 2155 2419 enim

324 2454 359 2497 An
372 2457 414 2496 bo·
489 2452 530 2505 31.
566 2446 652 2504 Hisce
671 2448 766 2504 ordine
785 2448 916 2519 expositis
933 2448 1089 2513 videamus,
1108 2447 1176 2519 quid
1194 2448 1229 2504 de
1242 2465 1289 2503 ne·
1316 2447 1486 2504 Bellarmino
1521 2455 1642 2514 constat,
1685 2449 1760 2521 quod
1801 2451 1994 2504 necessitatem
2037 2467 2155 2520 operum

324 2518 417 2611 {322⁰ss
455 2535 584 2590 cessitate
604 2534 737 2591 bonorum
764 2552 878 2607 operum
897 2533 1081 2589 Bellarminus
1109 2540 1221 2588 statuat
1260 2533 1289 2587 Is
1316 2551 1479 2606 urgeamus3
1510 2537 1689 2589 dissentimus
1717 2535 1824 2603 (scribit
1849 2535 1896 2588 lib.
1928 2542 1950 2590 l.
1976 2536 2010 2591 de
2034 2536 2156 2605 justitio.

324 2612 426 2651 ΜΨ·
454 2621 503 2677 lib.
524 2627 547 2675 t.
567 2621 601 2675 dc
616 2620 705 2691 justif.
725 2637 749 2678 c.
770 2626 791 2677 l.
810 2621 927 2691 probare
945 2633 1077 2684 conatur,
1101 2638 1152 2675 nos
1175 2637 1289 2690 operum
1315 2639 1339 2675 o.
1360 2622 1662 2691 emancipandum,
1681 2622 2156 2692 quamdicuntsolamjnstificare,

323 2663 411 2755 iiiiii·
453 2705 646 2761 necessitatem
665 2723 776 2777 negare,
795 2706 870 2777 quod
888 2710 920 2759 ut
936 2706 993 2760 suis
1011 2705 1191 2777 persuadeat,
1211 2705 1289 2776 quin·
1317 2711 1417 2762 docent
1436 2726 1578 2776 nunqnam
1597 2725 1654 2761 esse
1669 2726 1755 2777 posse
1774 2709 1873 2762 solam.
1891 2708 1939 2764 lib.
1953 2714 1977 2765 3.
1997 2726 2020 2763 a.
2039 2714 2069 2763 6:
2090 2710 2155 2763 Aa·

325 2766 435 2867 3Ἠῖ
454 2808 508 2864 que
528 2799 752 2863 argumentorum
771 2792 874 2847 classes
892 2792 1034 2862 producit,
1052 2809 1121 2863 quas
1141 2800 1289 2863 antequam
1316 2795 1444 2857 amsani,
1464 2795 1575 2848 tametsi
1593 2796 1698 2860 dicant,
1716 2795 1906 2848 remissionem
1922 2797 2115 2864 nonpendcre
2134 2814 2155 2848 a

453 2877 638 2945 excutiamus,
662 2895 819 2947 monemus,
850 2878 1018 2934 calumniam
1038 2878 1110 2933 hanc
1130 2884 1152 2933 l.
1171 2896 1230 2932 esse
1248 2880 1290 2931 in·
1316 2881 1476 2934 conditione
1505 2896 1619 2949 operum
1650 2897 1738 2950 nsque
1767 2881 1965 2948 poenitentiam
1993 2888 2043 2933 aut
2064 2882 2155 2950 fidem

332 2965 392 3009 vm.
405 2967 439 3015 Ν.
453 2973 614 3029 veteratum,
632 2982 694 3019 cum
707 2966 780 3020 enim
793 2966 933 3035 apostolus
945 2964 1050 3019 Paulus
1062 2965 1158 3020 itidem
1170 2965 1290 3033 doceret,
1317 2976 1366 3020 ant
1384 2967 1473 3019 ullum
1492 2974 1584 3019 actum
1602 2973 1725 3019 nostrum
1743 2982 1801 3019 essa
1821 2983 1935 3019 causam
1957 2974 2007 3018 aut
2025 2967 2154 3019 mmam

452 3050 507 3107 fids
533 3051 640 3124 absque
662 3050 790 3121 operibus
813 3050 884 3122 legis
901 3051 1039 3106 hominem
1057 3067 1148 3106 coram
1166 3051 1227 3105 Deo
1244 3051 1289 3120 ju·
1310 3054 1538 3122 justificationis,
1564 3062 1655 3105 tamen
1676 3071 1732 3105 non
1756 3060 1876 3120 nepant,
1897 3052 2007 3120 rcqrsiri
2025 3052 2109 3115 fidem
2129 3061 2155 3105 et

452 3136 579 3204 stificari,
601 3136 772 3207 gravabatur
795 3137 850 3191 ista
867 3136 1019 3204 calumnia,
1039 3137 1114 3208 quod
1136 3138 1224 3204 iepcm
1242 3139 1289 3190 de·
1315 3139 1515 3208 poenitentiam
1535 3146 1561 3191 et
1574 3140 1663 3208 fidem
1680 3138 1772 3191 vicum
1792 3146 1817 3190 et
1826 3138 2027 3207 poenitentiam
2039 3138 2155 3208 seriam,

451 3231 571 3278 strueret
589 3240 647 3292 per
665 3225 766 3292 fidem,
801 3222 880 3278 Rom.
901 3229 931 3287 ³,
960 3241 986 3277 v.
1004 3228 1045 3278 30.
1074 3224 1149 3295 quod
1168 3227 1288 3293 doceret,
1316 3234 1342 3278 et
1360 3226 1421 3277 sine
1438 3224 1482 3278 lsis
1499 3225 1634 3278 neminem
1646 3224 1817 3292 justificari.
1844 3222 1892 3277 lib.
1905 3229 1930 3278 4.
1950 3240 1974 3280 c.
1997 3229 2024 3278 1:
2047 3224 2155 3277 Dicent

450 3310 590 3375 socienda
606 3325 664 3363 esse
683 3309 770 3379 mala,
787 3317 817 3362 ut
835 3309 961 3363 eueniant
979 3311 1059 3378 bona,
1081 3328 1106 3365 v.
1122 3316 1146 3366 8.
1174 3310 1288 3365 Illorum
1313 3311 1545 3379 fontanensis
1562 3327 1648 3379 opera
1667 3327 1723 3362 non
1737 3326 1821 3379 posse
1838 3327 1899 3362 cum
1917 3310 2154 3378 fideconss'stere,

451 3395 680 3452 calumniatorum
691 3391 936 3468 βλασφημούντων
951 3398 994 3462 (ut
1004 3396 1145 3466 apostolus
1156 3396 1289 3467 loquitur)
1316 3398 1383 3468 quia
1405 3398 1456 3467 qui
1482 3398 1564 3451 babet
1586 3398 1766 3466 propositum
1792 3397 1948 3465 peccandi,
1979 3414 2035 3449 non
2058 3404 2155 3465 potest

451 3481 618 3554 proterviam
633 3481 765 3536 *imitatur
786 3481 986 3550 Bellarminns‚
1010 3487 1080 3553 post
1100 3488 1142 3537 tot
1163 3483 1289 3538 solennes
1315 3484 1462 3553 concipere
1481 3484 1623 3548 fiduciam
1641 3483 1814 3536 remissiones
1827 3490 2023 3552 peccatorum,
2041 3490 2069 3535 et
2085 3483 2152 3537 idco

451 3586 485 3624 ac
501 3568 630 3639 publicas
646 3568 829 3638 Augustanae
847 3568 1036 3634 confessionis,
1053 3568 1178 3633 Lutheri,
1191 3569 1289 3624 Cbem·
1315 3587 1382 3625 aera
1401 3571 1479 3631 fides
1495 3585 1604 3639 sempor
1622 3575 1662 3621 est
1674 3586 1735 3621 cum
1747 3569 1867 3621 caritate
1879 3569 2038 3637 conjuncta.
2060 3567 2108 3621 lib.
2128 3575 2153 3623 4.

451 3655 518 3711 nicii
540 3661 625 3726 atque
651 3654 768 3708 aliorum
791 3655 1018 3726 protestationes,
1042 3671 1097 3709 non
1124 3653 1289 3710 erubescens
1318 3656 1353 3712 de
1366 3654 1457 3725 justif.
1479 3672 1503 3709 c.
1523 3661 1551 3709 5:
1577 3654 1692 3707 Videtur
1708 3655 1847 3708 miecio
1867 3656 1976 3718 docere,
1994 3654 2154 3707 libertatem

451 3741 523 3796 bano
542 3740 708 3796 sententiam
726 3739 806 3795 nobis
824 3740 953 3798 tribuere.
989 3740 1186 3812 *teregnum
1206 3741 1288 3797 etiam
1318 3742 1508 3795 Christianam
1533 3741 1564 3793 in
1582 3758 1614 3794 eo
1633 3740 1796 3808 consistas,
1817 3741 1894 3807 quod
1908 3740 1964 3807 pia
1981 3742 2154 3793 conscientia

452 3827 486 3882 de
506 3826 637 3882 Valentia
661 3827 688 3881 in
712 3826 786 3883 anal.
804 3845 832 3897 p.
853 3832 917 3883 213:
941 3828 1030 3895 Apud
1048 3828 1224 3881 Instberanos
1247 3828 1288 3881 ita
1316 3829 1406 3881 libera
1429 3828 1466 3880 sit
1488 3827 1524 3879 ab
1547 3826 1673 3880 omnibus
1694 3825 1825 3894 operibus
1846 3843 1901 3879 non
1919 3826 2078 3893 faciendus,
2099 3829 2153 3879 sed

453 3914 548 3967 omnio·
571 3922 752 3984 comparata,
776 3922 806 3966 ut
833 3915 863 3967 s'n
888 3931 982 3968 eorum
1003 3914 1150 3982 rciipionis
1177 3916 1288 3968 ratione
1316 3914 1512 3966 accruontibus
1534 3920 1560 3964 ct
1579 3912 1803 3974 defendentibus.
1838 3910 1949 3965 **libro
1967 3917 1991 3965 4.
2010 3911 2045 3965 de
2059 3913 2152 3981 justif.

451 4001 498 4054 oie
516 4000 636 4069 aliquod
655 4000 836 4054 Christianae
848 3999 1288 4070 ds'scsplinacsipnumrds'quum
1316 4017 1338 4055 c.
1355 4006 1377 4055 l.
1389 4005 1441 4055 art.
1455 4006 1484 4054 2:
1496 4000 1666 4069 Adprrstana
1679 3999 1830 4066 consessio,
1842 3998 2152 4067 Philippus,Brentius,

452 4087 502 4155 sit,
528 4103 583 4155 quo
603 4103 649 4139 eos
675 4086 711 4137 ab
735 4086 853 4139 ethnicis
879 4086 961 4138 nar-ila
978 4086 1039 4138 veri
1056 4086 1115 4139 Dei
1130 4087 1287 4155 copnitione
1318 4086 1503 4153 Olremnicius,
1523 4084 1656 4137 Calvinus
1674 4092 1700 4137 ct
1720 4086 1779 4152 ipse
1798 4085 1881 4135 ctiam
1893 4084 2032 4137 mutnus
2043 4085 2151 4150 docent,

451 4172 564 4226 imbutis
579 4172 738 4225 discerncre
757 4188 851 4241 queas.
882 4171 1061 4241 stapletonus
1080 4178 1177 4241 promt.
1193 4172 1288 4226 moral.
1316 4174 1485 4241 bonoopcra
1498 4172 1747 4239 esscsacienda.**
1768 4168 2151 4227 HaecomniaBellarminus

452 4276 480 4332 p.
501 4264 559 4315 318.
578 4258 659 4317 Dom.
679 4266 763 4329 sept:
790 4260 880 4328 Apud
900 4260 999 4312 luorum
1021 4266 1175 4328 temporam
1192 4260 1287 4311 baere-
1315 4259 1390 4329 quod
1410 4257 1502 4313 etalii
1520 4263 1585 4312 ante
1603 4273 1674 4311 eum.
1715 4256 1830 4311 Toletus
1847 4255 1876 4308 in
1902 4273 2000 4311 comm.
2020 4255 2084 4310 Joh.
2105 4262 2150 4310 13:

452 4346 522 4400 ticos
540 4344 736 4415 (Lutberanoa)
748 4346 838 4400 omnis
845 4346 948 4413 pistos,
960 4345 1080 4412 justitae,
1095 4346 1191 4411 uirtus,
1203 4347 1289 4398 timor
1314 4346 1506 4399 Protestantes
1523 4346 1623 4397 docent
1642 4344 1764 4411 quidem,
1782 4344 1872 4400 siden
1889 4346 1931 4395 ad
1950 4342 2070 4396 salutem
2088 4344 2150 4414 sris·

452 4432 525 4490 Dei.
555 4431 657 4499 reiips'o
685 4449 741 4484 non
767 4432 875 4484 camalet
891 4439 999 4484 tontum
1024 4438 1051 4483 et
1072 4432 1167 4500 jacet,
1194 4449 1288 4486 aemam
1313 4432 1413 4500 ficere,
1430 4438 1532 4499 nepant
1549 4438 1649 4496 tamen,
1661 4429 1759 4497 fidem
1776 4429 1857 4481 illam
1874 4429 2078 4498 sineoperibus
2090 4447 2150 4483 esso

453 4518 536 4571 etiam
556 4516 716 4585 euploditar
734 4524 761 4570 et
780 4517 924 4570 irridetur.
959 4516 1040 4580 Quod
1058 4519 1129 4569 enim
1150 4519 1184 4570 (lc
1201 4518 1288 4586 penti·
1312 4534 1402 4587 posse.
1438 4516 1519 4589 Vega
1536 4516 1585 4570 lib.
1600 4522 1638 4570 15.
1657 4515 1692 4569 de
1706 4515 1798 4585 justis.
1812 4532 1835 4568 c.
1855 4522 1884 4569 5:
1904 4515 2150 4580 Justificationem

453 4605 504 4656 bns
521 4603 628 4656 nuliam
639 4605 763 4671 suturae
782 4602 893 4670 ploriae
911 4620 989 4672 spem
1004 4603 1165 4656 habentibus
1178 4606 1289 4658 Paulus
1314 4612 1340 4656 ct
1376 4604 1634 4668 sanctificationem
1670 4610 1728 4654 tarn
1764 4602 1929 4670 conjunctas
1963 4609 2074 4669 tamque
2104 4619 2150 4654 co-

453 4690 558 4757 scribs't,
578 4690 630 4742 boc
646 4689 707 4741 illis
721 4688 834 4747 accidit.
854 4690 1034 4767 desperantes
1045 4691 1219 4759 semetipsos
1230 4699 1288 4742 tra·
1313 4690 1459 4744 haerentes
1478 4705 1536 4742 esse
1556 4697 1726 4756 asseverant,
1745 4696 1774 4741 ut
1793 4706 1849 4742 non
1863 4687 1955 4756 possit
1976 4686 2095 4739 altanum
2113 4688 2149 4738 cd

455 4777 590 4829 didernnt
624 4775 819 4844 impudicitiae
847 4782 899 4831 etc.
943 4774 1049 4846 Caspar
1076 4776 1227 4848 Uleuberg.
1254 4777 1289 4833 de
1313 4778 1403 4830 altero
1416 4776 1523 4829 divelli.
1550 4775 1703 4830 Muldonat.
1719 4775 1747 4828 in
1762 4791 1784 4854 e.
1795 4781 1819 4830 3.
1830 4773 1912 4830 Joh.:
1929 4774 2046 4840 Dicunt,
2051 4774 2150 4840 fidem

454 4861 547 4916 causis
566 4866 654 4931 apost.
674 4878 697 4915 o.
715 4868 738 4915 5.
777 4861 890 4917 Lessius
910 4862 1015 4918 consid.
1037 4868 1059 4919 1.
1079 4880 1104 4932 p.
1128 4868 1167 4919 18.
1187 4869 1289 4918 vocant
1307 4864 1516 4931 justificantem
1544 4878 1601 4914 non
1628 4878 1713 4930 posse
1741 4878 1799 4915 esse
1826 4861 1886 4913 sine
1913 4860 1992 4912 bonas
2009 4858 2150 4927 oporibus.

453 4960 503 5001 nos
524 4948 737 5016 opericidas.itit
774 4950 800 5001 2.
818 4948 889 5001 Esse
907 4948 1160 5005 mendacissimam.
1197 4949 1287 5004 Doce·
1314 4948 1430 5019 Staplet.
1452 4954 1477 5004 9.
1503 4949 1538 5003 de
1562 4946 1652 5017 justif.
1675 4964 1699 5002 c.
1721 4955 1752 5003 7:
1784 4949 1978 5001 Protestantes
1999 4947 2041 4997 ad
2063 4962 2149 4997 anum

452 5032 621 5100 musenim,
639 5031 722 5087 iidem
740 5032 829 5099 illam,
854 5050 911 5103 qua
925 5033 1126 5104 justificamur,
1149 5051 1209 5089 esse
1229 5034 1287 5089 effi·
1314 5052 1407 5087 omnes
1433 5034 1544 5101 dicunt,
1568 5034 1678 5103 fidem,
1703 5051 1775 5103 qnae
1786 5033 1948 5102 jmtit‘icct,
1967 5040 1993 5084 et
2012 5032 2101 5083 civem
2123 5040 2149 5084 ct

451 5136 545 5174 eaeem
563 5135 614 5187 per
631 5118 774 5174 caritatem
792 5124 821 5172 ct
838 5135 900 5172 oum
918 5119 1155 5175 studiobonorum
1172 5136 1286 5189 operum
1314 5129 1474 5189 operantem
1494 5137 1549 5189 per
1574 5121 1721 5174 caritatem
1745 5121 1860 5188 alioque
1888 5135 1984 5186 opera.
2030 5118 2148 5171 l*Idem

450 5209 586 5275 perpetuo
603 5204 796 5273 conjunctam3
821 5204 968 5269 docemus,
984 5204 1145 5275 justificatis
1163 5213 1191 5259 st
1208 5223 1286 5260 rena·
1312 5208 1340 5261 in
1358 5207 1485 5262 Antidot.
1502 5206 1583 5261 Rom.
1604 5212 1625 5275 l,
1644 5226 1668 5260 v.
1691 5214 1736 5262 17:
1756 5208 1821 5260 Non
1839 5205 1912 5258 enim
1918 5204 2073 5273 justificat,
2091 5204 2196 5256 imavi

452 5289 487 5344 tis
504 5288 610 5343 nullam
628 5289 687 5342 dari
707 5306 725 5343 a
742 5289 803 5344 Deo
822 5290 958 5360 peccandi
974 5290 1129 5360 licentiam,
1147 5291 1195 5346 sed
1214 5290 1286 5345 banc
1311 5311 1345 5346 no
1355 5294 1439 5361 sides
1456 5293 1568 5361 quidem
1586 5300 1635 5350 est.
1647 5294 1733 5362 jrmta
1752 5294 1844 5345 Besae
1861 5292 1960 5353 oneo,
1975 5308 2047 5359 quae
2066 5291 2146 5342 donis

451 5391 512 5430 esse
531 5374 672 5429 immotam
691 5373 744 5428 Dei
762 5375 946 5444 voluntatem,
968 5381 1000 5430 ut
1016 5376 1068 5447 ipsi
1087 5376 1239 5431 serviamus
1257 5377 1285 5431 in
1313 5380 1443 5449 oporibus
1474 5379 1596 5433 careat*
1638 5378 1791 5449 Gregorius
1820 5377 1855 5431 de
1876 5376 2006 5431 Valentia
2031 5383 2096 5430 tom.
2123 5384 2147 5432 2.

451 5460 582 5532 operibus
606 5459 695 5515 bonis.
731 5459 870 5515 Docemus
887 5466 915 5515 et
932 5478 1063 5533 urgemus
1080 5463 1185 5534 legem,
1209 5480 1286 5534 repe·
1313 5464 1384 5534 disp.
1396 5471 1418 5519 7.
1429 5482 1454 5535 q.
1466 5470 1491 5521 6.
1503 5481 1529 5534 ρ.
1540 5470 1599 5521 991.
1609 5465 1702 5532 refert,
1712 5463 1863 5517 Lutberum
1873 5464 2149 5517 contraAntinomos

450 5546 535 5601 timus
562 5545 756 5618 promissiones
782 5552 811 5600 et
839 5547 1078 5616 comminationes,
1104 5548 1170 5603 item
1196 5566 1286 5605 exem·
1312 5558 1409 5620 aperte
1428 5552 1597 5619 disputasse,
1614 5552 1691 5619 quod
1711 5548 1882 5603 Christianis
1900 5550 1972 5604 bona
1991 5566 2079 5619 opera
2092 5550 2150 5603 sint

451 5631 501 5703 pla
530 5631 714 5703 praemiorum
747 5636 775 5686 et
803 5648 954 5702 poenarum
986 5633 1014 5687 in
1045 5633 1193 5704 scripturis
1224 5652 1286 5706 pro·
1312 5636 1479 5692 neccssaria.
1515 5635 1608 5691 llSis
1628 5635 1878 5708 quoquelieihing.
1896 5636 1974 5690 fund.
1994 5640 2017 5691 8.
2035 5652 2062 5704 p.
2085 5640 2147 5689 tet:

451 5718 557 5792 posita,
584 5719 685 5791 quibus
712 5716 837 5774 bomines
866 5718 1029 5782 excitamus,
1059 5719 1214 5790 hortamur,
1245 5722 1286 5776 in-
1311 5723 1447 5792 Plsrs‘que
1469 5723 1626 5777 Lsstbcrani
1646 5723 1719 5777 bona
1739 5740 1827 5791 opera
1849 5725 1891 5776 ad
1911 5723 2030 5776 salmom
2055 5739 2148 5775 ncces·

451 5806 570 5864 vitamus
596 5808 723 5882 adeoque
748 5804 915 5879 impellimus
938 5806 974 5860 ad
997 5805 1072 5862 bona
1098 5823 1197 5878 opera,
1223 5825 1286 5879 pro·
1311 5810 1392 5864 saria
1410 5825 1469 5864 esse
1486 5809 1667 5864 asserunt.itit
