4800 6659
401 677 470 749 ιιοο
985 662 1107 719 Locus
1125 658 1295 716 oremus
1315 658 1504 715 suerrum

408 830 492 877 stram
511 820 647 891 torpidam
659 836 697 876 ac
709 820 913 890 retraetariam3
931 820 1053 876 noudum
1065 817 1138 875 euim
1150 816 1232 886 plene
1260 820 1355 870 tamen
1375 813 1452 868 nulla
1475 812 1659 867 remuneratio
1683 810 1821 883 speranda
1846 816 1899 866 est.
1939 809 2008 866 du
2032 827 2096 867 vero

407 908 529 964 renovati
547 924 580 961 ac
598 906 649 962 toti
664 907 822 977 spirituales
838 925 940 975 sumus,
969 907 1018 961 sed
1036 924 1069 960 ex
1088 910 1167 976 parte
1184 903 1232 958 ad·
1261 902 1335 957 bona
1352 916 1437 970 opera
1454 900 1562 969 piorum
1580 897 1795 971 proficiscuntur
1812 911 1845 949 ex
1863 894 1990 950 caritate.
2021 891 2097 962 Ergo

407 994 461 1049 buc
477 994 613 1058 ceruales,
638 993 700 1048 idco
722 994 806 1049 etiam
828 1010 912 1064 opera
929 998 1024 1047 nostra
1052 1007 1107 1044 nou
1123 989 1233 1061 profici·
1260 1004 1315 1041 non
1336 986 1438 1041 debent
1456 986 1484 1039 iu
1502 986 1556 1039 illis
1573 993 1699 1054 spectare
1716 982 1881 1037 mercedem.
1913 979 2095 1036 Bernhardss

408 1086 521 1133 eenntur
538 1084 598 1133 tota
615 1096 648 1133 ex
666 1078 762 1148 spiritu
779 1088 945 1149 spontaneo,
968 1078 1016 1133 sed
1034 1078 1166 1131 adhaeret
1186 1075 1235 1129 ali·
1260 1079 1340 1127 tract
1372 1074 1407 1126 de
1434 1071 1510 1141 dilig.
1534 1072 1612 1127 Deo:
1642 1073 1709 1124 Non
1730 1071 1790 1123 siue
1812 1069 1942 1138 praemio
1961 1068 2095 1135 ditipiusr

407 1164 475 1235 quid
496 1165 614 1219 carnalis
637 1164 815 1232 infirmitatis,
850 1182 920 1235 qnae
943 1180 1051 1234 semper
1080 1162 1234 1217 mercedem
1262 1161 1355 1226 Deus,
1383 1159 1436 1211 etsi
1461 1159 1564 1225 absque
1586 1156 1711 1225 praemii
1736 1156 1839 1208 intuitu
1862 1153 2028 1221 ciiiiyersdse
2050 1160 2095 1208 est.

407 1249 523 1320 quaerit.
563 1257 587 1305 ³.
606 1251 733 1307 Saniores
756 1250 912 1321 philosophi
937 1267 970 1305 ex
998 1248 1100 1303 lumine
1117 1254 1234 1303 naturae
1267 1245 1338 1299 Vera
1362 1245 1469 1297 caritas
1492 1245 1667 1298 mercenaria
1685 1262 1739 1297 nou
1759 1250 1812 1309 est,
1839 1242 1966 1310 quamvis
1991 1256 2095 1294 mercer

407 1341 591 1406 agnoverunt,
622 1337 751 1392 virtutem
775 1336 944 1407 diligendam
973 1352 1033 1390 esse
1062 1341 1174 1405 propter
1206 1351 1236 1388 se
1262 1350 1322 1385 eam
1340 1340 1481 1400 sequatur.
1515 1330 1557 1385 Ex
1577 1330 1619 1384 his
1642 1330 1811 1400 argumentis
1833 1328 1934 1381 uostris
1953 1344 1991 1381 ne
2009 1344 2095 1382 unum

408 1421 509 1491 ipsam,
535 1422 613 1476 nulla
633 1441 683 1494 epe
703 1423 851 1491 mercedis,
875 1423 971 1476 vitium
998 1421 1190 1476 detestandum
1209 1427 1237 1474 et
1262 1417 1373 1488 quidem
1394 1417 1578 1471 Bellarmiuus
1595 1416 1701 1487 attigit,
1725 1415 1787 1469 ideo
1805 1413 1888 1468 etiam
1905 1412 1991 1469 facile
2008 1429 2093 1484 apps-

304 1526 307 1534 ·
387 1509 571 1580 ‘fugiendum
588 1526 648 1564 esse
666 1516 777 1581 propter
795 1528 824 1584 se
835 1511 941 1580 ipsum,
961 1526 1017 1563 non
1036 1514 1127 1562 autem
1145 1506 1237 1561 formi-
1262 1509 1316 1567 ret,
1346 1503 1414 1573 quid
1440 1504 1475 1557 de
1501 1503 1587 1572 ipsius
1611 1501 1819 1571 exceptionibus
1839 1500 2025 1569 judicandum
2052 1499 2094 1563 sit,

410 1595 474 1651 diue
497 1613 611 1666 poenae.
645 1596 771 1651 Platonis
795 1589 919 1652 licceat:
944 1597 978 1650 Si
996 1595 1237 1664 palchritudinem
1262 1589 1405 1657 videlicet,
1433 1591 1465 1642 id
1481 1590 1570 1642 soirrm
1588 1588 1749 1655 prohiberi,
1776 1604 1810 1638 ue
1829 1588 1984 1639 mercedem
2004 1586 2095 1639 roiam

409 1682 520 1736 uirtutis
546 1683 634 1736 ocula
657 1685 799 1752 corporeis
828 1683 933 1737 intueri
945 1699 1105 1751 possemus,
1128 1680 1236 1734 auidum
1263 1683 1312 1728 am
1338 1676 1491 1744 praecipue
1523 1677 1698 1740 intuemur,-
1738 1672 1816 1729 itan:
1848 1689 1881 1726 ae
1914 1673 2094 1741 temporalem

407 1770 474 1834 fere
493 1770 615 1831 datiam,
637 1770 705 1838 quiri
721 1753 878 1824 mirabilem
895 1770 942 1823 sai
959 1784 1080 1821 amorem
1094 1768 1124 1820 iu
1136 1766 1238 1820 animis
1263 1763 1414 1815 mercedem
1431 1769 1582 1830 spectemus
1602 1766 1656 1815 etc.
1691 1759 1766 1814 Vere
1782 1759 1894 1830 quidem
1911 1758 1982 1813 haec
2000 1758 2094 1812 diesu-

409 1854 512 1907 uostris
530 1855 566 1908 sit
583 1855 746 1910 eemtatma.
1262 1852 1321 1911 tur,
1338 1847 1387 1901 sed
1404 1847 1526 1901 nondum
1545 1846 1720 1900 satisfaciunt
1740 1843 1903 1916 quaestioni.

1299 1938 1356 1988 127.
1373 1932 1430 1987 Sed
1446 1932 1547 1987 format
1564 1932 1750 1987 Bellsrminus
1767 1931 1906 2003 quaedam
1922 1936 2134 2011 argumentum
2106 1921 2134 1966 ¹¹¹³

1263 2018 1363 2089 quibus
1395 2018 1506 2087 probet,
1539 2018 1645 2072 licitum
1674 2035 1733 2072 sese
1764 2018 1881 2086 operari
1907 2018 1981 2071 borsa
2006 2032 2134 2123 operat:¹

1263 2106 1362 2158 iutuitu
1382 2104 1517 2157 mercedis
1537 2111 1677 2159 aeternae
1715 2102 1809 2157 Prima
1828 2102 1926 2157 classis
1944 2101 2034 2172 petita
2052 2085 2134 2166 estid,¹

408 1972 564 2028 Claudiam:
590 1975 661 2044 Ipsa
679 1976 790 2044 quidem
807 1976 895 2030 uirtus
912 1974 1020 2028 mbiuret
1044 1972 1237 2043 pulcherrima

632 2077 663 2113 rc
695 2104 701 2116 .

408 2145 548 2201 duvenal:
585 2077 712 2201 gedaniam
726 2166 846 2218 peccare
864 2149 934 2202 mali
950 2148 1105 2211 formidine
1116 2162 1236 2215 poenae,

579 2234 705 2287 Oderunt
717 2252 838 2303 peccare
857 2236 922 2288 toni
939 2235 1048 2287 virtutis
1065 2250 1167 2288 amm
1263 2207 1296 2244 ⁰¹
1319 2190 1402 2244 ‘heim
1426 2190 1591 2260 Sssrlpturae
1630 2196 1652 2244 l.
1673 2189 1799 2245 Christus
1827 2196 1855 2243 et
1881 2188 2024 2244 iohannes
2040 2186 2118 2269 Βο·ο
2106 2189 2134 2219 ⁸⁸

1263 2277 1347 2346 ptista
1371 2293 1388 2330 a
1409 2276 1590 2346 promissione
1610 2276 1743 2331 mercedis
1762 2275 1998 2345 praedicationem
2015 2289 2094 2327 susm
2105 2240 2133 2328 vi

410 2367 519 2432 Quanto
543 2368 629 2440 igitur
651 2371 742 2443 magis
767 2372 855 2427 renati
874 2389 924 2442 per
937 2370 1070 2441 Spiritum
1096 2370 1163 2425 DEI
1182 2376 1237 2425 flig-
1263 2369 1328 2417 eunt
1354 2362 1458 2430 exorti,
1494 2361 1591 2416 Matih.
1615 2368 1639 2417 ³
1667 2369 1695 2416 ei
1715 2368 1744 2417 i:
1775 2362 1860 2430 dytie
1884 2351 2134 2440 poenddnitam,¹n¹:¹

408 2458 486 2508 tuere
512 2453 630 2521 debent,
666 2474 699 2512 ex
726 2456 784 2511 eolo
811 2456 891 2525 DEI,
920 2457 1018 2511 summi
1051 2456 1124 2511 illius
1162 2455 1236 2522 boui,
1263 2449 1500 2518 appropinquavit
1524 2450 1596 2501 enim
1615 2466 1730 2518 regnum
1749 2450 1898 2503 emiorum
1923 2446 2134 2551 Responde-tr

408 2554 500 2594 amore
527 2540 598 2596 bene
635 2542 783 2597 vivendum
817 2558 893 2610 esse,
924 2542 1001 2598 nullo
1036 2547 1129 2597 autem
1167 2559 1236 2597 mer·
1263 2553 1337 2590 mus:
1368 2553 1468 2591 nervus
1495 2537 1651 2606 argumenti
1677 2553 1757 2591 exc.
1781 2542 1805 2592 3.
1830 2542 1902 2590 ett.
1922 2533 2024 2589 Mattb.
2050 2517 2131 2586 de·“
2108 2574 2134 2604 ne

409 2624 484 2679 cedis
512 2625 614 2681 iutuitu
648 2633 678 2681 et
700 2628 835 2699 quaesitu.
882 2635 907 2684 a
932 2627 1030 2683 Metili
1053 2633 1084 2698 (ι,
1116 2644 1183 2684 vera
1212 2634 1236 2683 3
1264 2623 1341 2677 ducti
1358 2621 1508 2676 consistit
1500 2640 1528 2677 m
1543 2639 1611 2677 soce
1628 2623 1873 2693 appropinquavit;
1893 2628 1924 2677 at
1944 2619 2131 2706 merasce„
2109 2626 2134 2655 '¹

409 2710 477 2766 haec
508 2712 643 2783 regula'
635 2729 664 2766 ιιι
695 2713 775 2771 boum
807 2713 937 2784 operibus
962 2714 1132 2770 observanda
1156 2714 1236 2769 nobis
1263 2715 1305 2763 est
1324 2707 1430 2779 perf.
1416 2727 1522 2778 qyyree,
1547 2708 1793 2778 appropinquavit,
1811 2713 1843 2762 ut
1862 2707 1993 2778 vulgatus
2011 2678 2134 2768 etiamp

409 2796 586 2867 proponitur:
611 2800 651 2851 Te
671 2800 794 2864 faciente
813 2799 1011 2867 &mesenam
1036 2800 1141 2855 umciat
1168 2802 1236 2854 sirri-
1263 2795 1398 2864 interpres
1420 2794 1550 2849 reddidit.
1586 2795 1704 2849 Nomine
1728 2794 1806 2866 regni
1831 2794 1972 2849 coelorum
1996 2772 2134 2861 mulli-‘¹5

410 2889 472 2935 stra
490 2890 554 2949 ura,
570 2884 640 2951 qaid
654 2885 750 2949 saciat
766 2886 867 2940 «lectra
883 2894 940 2940 raa
976 2885 1005 2941 si
1022 2886 1155 2943 banorum
1172 2904 1236 2957 opo-
1263 2881 1339 2949 gitur
1362 2879 1497 2936 adventus
1516 2888 1545 2935 et
1560 2897 1678 2950 regnum
1698 2880 1818 2935 Messiae
1841 2880 2022 2950 ejusdemque
2051 2877 2098 2932 be
2111 2884 2134 2914 ⁸¹

410 2985 472 3023 rum
499 2967 624 3024 oblivisci
651 2970 795 3039 debemus,
821 2972 916 3043 ntique
943 2990 998 3030 mn
1022 2977 1088 3028 sunt
1109 2973 1238 3029 facienda
1264 2964 1376 3034 reficis,
1399 2974 1515 3038 uterque
1534 2966 1628 3036 igitur,
1649 2972 1678 3020 et
1695 2964 1820 3019 Christus
1838 2971 1867 3020 et
1882 2964 2064 3032 iohannes,'
2056 2982 2098 3019 ιιι-

412 3053 513 3108 intuitu
536 3055 677 3113 mercedis,
714 3055 770 3112 sed
790 3056 866 3113 illud,
903 3056 978 3128 Ergo
995 3063 1023 3115 et
1041 3059 1102 3114 hoe,
1138 3059 1238 3124 Quam.
1264 3052 1353 3106 vitant
1369 3052 1405 3105 ad
1422 3052 1626 3121 poenitentiam,
1644 3052 1742 3106 addita
1757 3051 1873 3118 ratione,
1891 3050 1967 3121 quod
1981 3050 2099 3106 Messias

411 3139 453 3194 vis
476 3156 541 3196 vero
565 3154 658 3196 eorum
678 3159 727 3197 nos
747 3142 801 3213 ipsi
816 3142 1024 3213 obliviscamur,
1048 3144 1125 3200 Deus
1145 3153 1238 3201 tamen
1264 3154 1327 3192 cum
1345 3138 1456 3193 coelesti
1475 3156 1525 3193 sno
1542 3155 1628 3209 regno
1651 3137 1914 3208 appropinquaverit
1938 3155 1973 3193 ac
1990 3138 2100 3193 salvam

412 3230 441 3280 et
457 3225 648 3281 recordabitur
667 3234 695 3283 et
712 3228 938 3286 remunerabitur.
974 3228 1125 3302 Gregorius
1143 3232 1190 3288 lib
1213 3238 1238 3287 9.
1265 3224 1371 3279 venerii
1396 3242 1451 3280 1¹0⁰
1478 3241 1539 3292 ‘³0⁸2
1570 3224 1618 3297 qui
1642 3223 1799 3295 philistiieii
1821 3223 1947 3294 lfflfififfl
1971 3223 2101 3295 9²0P¹i⁸0

413 3310 507 3367 morel
525 3329 547 3368 (a
567 3319 612 3368 ll
632 3312 783 3368 discimus
802 3317 882 3385 bona,
902 3334 972 3384 qaae
990 3318 1106 3415 aqimus,
1125 3320 1167 3372 ad
1186 3319 1239 3371 ele-
1266 3309 1396 3381 opinione
1418 3310 1537 3381 turgidi,
1566 3310 1610 3365 vel
1634 3310 1765 3380 epicurea
1785 3308 1961 3363 securitate'
1952 3326 1983 3363 m
2001 3326 2101 3406 pecea-

412 3399 550 3456 cottonem
573 3400 719 3469 decimum·
742 3402 768 3454 ιι·
791 3402 940 3470 amamus,
961 3403 1072 3458 minime
1089 3421 1239 3460 servamus
1266 3398 1301 3452 tis
1320 3404 1495 3468 perseverent
1513 3397 1674 3467 praefractu
1693 3397 1742 3451 sed
1762 3414 1818 3465 eos,
1834 3396 1986 3466 quiveram
2003 3401 2034 3450 et
2047 3393 2101 3449 siu-

417 3483 485 3546 Qm's
514 3485 587 3539 euim
619 3494 667 3539 aut
696 3459 732 3540 de
759 3488 868 3541 uirtutis
896 3504 964 3542 sace
994 3491 1161 3545 commentia
1184 3509 1240 3545 aaa
1267 3500 1358 3539 cerem
1383 3489 1471 3554 egunt
1493 3483 1704 3554 poenitentiam,
1727 3483 1775 3554 qui
1801 3490 1916 3553 peccata
1934 3486 2100 3553 agnoscunt,

415 3571 684 3641 quantulamcunque
711 3574 875 3642 superbiat!
903 3581 953 3628 aut
978 3576 1040 3644 quir
1061 3594 1173 3630 mmm
1196 3579 1241 3630 ho-
1267 3569 1471 3637 confitentur,
1464 3586 1532 3624 iram
1551 3568 1605 3625 Dei
1624 3570 1749 3641 fugiunt,
1765 3586 1868 3641 agnum
1886 3568 1939 3622 Dei
1957 3584 2026 3624 vera
2044 3566 2101 3623 iide

414 3675 479 3710 uum
511 3657 541 3710 r'rr
571 3675 601 3711 se
629 3658 779 3727 custodiat,
807 3662 883 3729 qaod
908 3663 1040 3729 ignorat!
1069 3665 1120 3717 sed
1144 3673 1242 3719 contra
1267 3656 1418 3724 respiciunt
1453 3660 1481 3711 ei
1519 3656 1626 3710 fructus
1654 3656 1825 3726 poenitentia
1853 3655 1954 3725 dignos
1985 3653 2100 3709 iaciunt.

415 3750 533 3813 utraque
554 3745 624 3813 quid
642 3753 781 3815 caperest,
806 3747 864 3800 ussi
879 3755 910 3801 at
927 3756 1013 3812 recta,
1033 3764 1105 3815 qaae
1124 3751 1241 3821 apinam,
1267 3742 1349 3797 Hane
1372 3741 1564 3797 suavissimam
1586 3743 1750 3797 seutentiam
1772 3758 1805 3797 eo
1825 3740 1997 3811 detorqueri,
2025 3737 2100 3812 qnod

416 3829 529 3883 sciendo
552 3830 723 3900 uaeramus,
745 3838 776 3883 at
796 3831 865 3885 baec
884 3840 909 3885 et
927 3842 1005 3887 recta
1022 3835 1195 3889 aestimemus
1215 3846 1241 3891 er
1267 3844 1352 3899 opera
1375 3827 1476 3882 intuitu
1497 3828 1631 3883 mercedis
1651 3834 1779 3882 aeternae
1797 3833 1880 3897 atque
1898 3825 2030 3896 opinione
2046 3843 2101 3882 me·

415 3916 545 3981 mimimo,
575 3924 710 3985 ᾳοοιοιιιιι
731 3924 757 3970 et
780 3919 822 3970 ad
844 3920 997 3973 usstodr'am
1019 3922 1155 3987 sensificet
1181 3924 1241 3976 aas.
1266 3914 1314 3968 riti
1340 3913 1469 3969 iacienda
1494 3914 1562 3984 sint,
1591 3931 1655 3969 vere
1683 3914 1831 3968 dolendum
1857 3918 1907 3966 est
1948 3912 2049 3970 Matth.
2078 3919 2101 3969 5.

415 4019 489 4055 mam
510 4002 626 4055 edomia
651 4001 826 4057 rectitudinis
845 4011 870 4055 er
887 4004 917 4057 in
935 4013 1067 4060 rammam
1084 4025 1140 4061 non
1157 4008 1241 4062 elever
1267 4009 1417 4071 paupertas
1452 4000 1565 4072 spiritus
1606 4015 1781 4071 nequaquam
1816 3999 1928 4067 ponitur
1964 4006 2100 4070 unquam

416 4088 572 4142 aestimatio
597 4087 800 4142 minorationis.
837 4095 860 4144 5.
881 4088 991 4145 Primae
1016 4091 1099 4148 horae
1122 4087 1241 4165 operarii
1268 4086 1394 4141 meritum
1420 4088 1560 4158 quoddflm
1581 4087 1661 4159 regui
1685 4086 1837 4155 coelorum,
1864 4085 1914 4141 Sed
1935 4086 2101 4155 ostenditur,

415 4172 445 4226 in
469 4173 601 4243 parabola
627 4172 725 4229 Mattb
745 4179 785 4230 20.
806 4174 853 4246 qui
871 4174 1049 4245 paciscuntur
1068 4195 1132 4234 cum
1151 4187 1241 4250 patre-
1268 4174 1316 4245 qui
1348 4174 1403 4228 sint
1432 4191 1550 4245 capaces
1584 4174 1726 4229 doctrinae
1759 4171 1936 4243 evangelicae
1962 4171 1996 4228 de
2014 4189 2101 4243 regno

414 4257 533 4314 familias
559 4259 594 4315 de
618 4260 757 4329 mercede,
781 4260 879 4315 nolunt
896 4262 972 4332 prius
989 4263 1128 4334 laborare,
1157 4283 1240 4339 quam
1268 4259 1419 4329 coelorum,
1450 4260 1578 4315 videlicet
1603 4260 1658 4324 illi,
1684 4259 1733 4329 qui
1756 4259 1896 4331 agnitione
1920 4266 2099 4329 peccaterum

415 4361 518 4401 merces
535 4346 697 4415 constituta,
722 4347 832 4417 jactant
857 4348 965 4418 pondus
990 4350 1046 4406 diei
1073 4358 1102 4407 et
1124 4361 1239 4423 aestum,
1267 4363 1379 4401 suorum
1398 4353 1427 4401 et
1445 4364 1527 4401 sensu
1544 4348 1602 4402 irsse
1622 4346 1731 4402 divinae
1748 4345 1885 4401 himiliafi
1903 4345 1938 4402 de
1957 4345 2016 4400 δώ
2036 4346 2099 4401 viri·

415 4429 587 4501 existimant,
615 4448 645 4486 se
669 4431 732 4503 plus
754 4438 927 4504 recepturoe3
959 4451 992 4489 ex
1014 4435 1069 4489 illis
1096 4435 1167 4493 fiunt
1193 4458 1240 4496 no·
1268 4432 1335 4501 bus,
1357 4433 1506 4488 virtutibus
1530 4439 1558 4488 et
1581 4432 1725 4504 operibus,
1748 4432 1800 4489 hoc
1816 4442 1859 4486 est
1874 4431 1909 4486 de
1926 4432 2042 4503 propria
2054 4433 2100 4503 jn·

413 4516 517 4572 vissimi
533 4526 568 4593 et
589 4518 685 4574 audire
707 4523 855 4589 coguntur:
880 4519 948 4573 teile
971 4523 1048 4590 qaod
1062 4530 1139 4577 team
1157 4534 1197 4579 ees
1215 4536 1241 4581 aa
1266 4520 1342 4573 stitia
1359 4520 1508 4590 desperant
1524 4537 1558 4575 ac
1575 4520 1651 4589 nibil,
1671 4520 1746 4591 quod
1759 4518 1866 4590 judicio
1886 4518 1941 4573 Dei
1958 4535 2100 4590 opponere

413 4603 475 4672 aeq
493 4605 542 4659 sed
554 4604 716 4661 undecimae
729 4604 811 4660 horae
823 4604 949 4675 operarii,
963 4606 1011 4676 qui
1023 4610 1241 4680 nourespieiunt
1266 4606 1384 4677 possint,
1407 4607 1436 4661 in
1454 4624 1483 4661 se
1499 4607 1659 4676 inveniunt3
1682 4606 1749 4661 item
1765 4606 1926 4678 proponitur
1945 4605 2099 4660 consolatio

414 4691 567 4746 mercedem
591 4691 620 4745 in
645 4690 702 4746 suis
721 4691 864 4762 operibus,
886 4692 935 4747 sed
952 4694 1074 4749 contenti
1093 4703 1158 4750 sunt
1178 4716 1240 4769 gra-
1265 4691 1320 4746 illis
1347 4693 1395 4763 qui
1418 4693 1448 4747 in
1471 4692 1524 4748 bac
1546 4692 1605 4748 vita
1627 4691 1710 4747 rebus
1728 4692 1888 4747 necessariis
1907 4698 1936 4747 et
1954 4708 2007 4763 ope
2024 4692 2098 4747 omni

413 4776 684 4848 tuitapromissione
705 4776 926 4849 patrisfamilias,
950 4777 1140 4850 obsequuntur
1158 4801 1240 4840 voca-
1266 4777 1391 4849 destituti
1415 4786 1493 4845 sunt,
1519 4779 1593 4851 quod
1616 4779 1737 4850 ipsorum
1760 4777 1797 4833 sit
1820 4781 1886 4847 (non
1905 4777 2016 4833 demum
2035 4779 2097 4848 erit)

413 4861 482 4917 ticni
502 4869 531 4919 et
550 4862 674 4918 serviunt
698 4862 727 4917 in
745 4863 921 4934 simplicitate
934 4865 1023 4920 cordis
1042 4873 1093 4923 etc.
1110 4867 1152 4922 illi
1170 4869 1242 4926 fiunt
1266 4882 1381 4937 regnum
1400 4865 1552 4930 coelorum,
1576 4865 1650 4937 qnod
1670 4865 1744 4920 bona
1763 4864 1918 4936 spiritualia
1936 4864 2017 4936 regni
2037 4882 2098 4920 coe·

413 4946 494 5019 primi
513 4954 542 5004 et
559 4949 713 5004 mercedem
738 4949 811 5004 omui
835 4949 963 5021 opinione
985 4967 1019 5007 ac
1041 4970 1090 5024 epe
1109 4956 1241 5025 majorem
1266 4950 1354 5007 lorum
1374 4953 1434 5023 jam
1459 4953 1516 5007 sint
1545 4952 1667 5022 ipsorum
1692 4958 1720 5007 et
1743 4950 1797 5006 fide
1817 4952 1878 5021 jam
1901 4950 1956 5005 sint
1982 4950 2098 5007 heredes

415 5050 447 5093 ex
476 5035 569 5107 gratia
600 5040 812 5109 consequuntur.
853 5041 876 5092 6.
898 5035 1004 5107 Electi,
1034 5055 1098 5093 cum
1124 5042 1242 5097 audiunt
1265 5036 1339 5091 vitae
1356 5045 1497 5107 aeternae,
1522 5038 1604 5092 modo
1621 5036 1676 5091 sint
1693 5037 1791 5110 spiritu
1810 5052 1962 5108 pauperes,
1985 5036 2040 5094 hoc
2057 5044 2099 5093 est

414 5120 512 5177 Mattln
533 5128 578 5190 25,
596 5138 622 5176 v.
643 5126 689 5176 34:
720 5122 827 5191 Venite,
844 5123 988 5193 possidete
1007 5141 1115 5195 repam,
1138 5128 1242 5181 marici
1267 5124 1348 5178 modo
1371 5142 1428 5203 non
1448 5125 1593 5196 desperent
1612 5142 1645 5180 ex
1662 5123 1829 5189 diffidentia,
1857 5140 1910 5180 nec
1928 5124 2048 5181 fremant
2064 5141 2097 5180 ex

415 5208 487 5262 enim
514 5215 540 5261 et
563 5205 683 5260 dedistis
707 5208 778 5262 miii
798 5211 878 5263 edere
903 5216 954 5265 etc.
979 5209 1139 5267 immensam
1162 5231 1240 5284 prae-
1266 5209 1452 5280 impatientia,
1470 5211 1519 5266 sed
1538 5211 1654 5265 miseriis
1672 5210 1780 5266 subacti
1797 5226 1861 5281 sere
1877 5226 1971 5265 coram
1988 5210 2051 5267 Deo
2068 5227 2098 5266 se

414 5293 524 5348 miantis
548 5291 706 5363 largitatem
730 5300 758 5349 et
774 5293 989 5352 munificentiam
1007 5299 1139 5354 mirantur
1157 5306 1241 5372 atque
1265 5296 1409 5351 humilient
1439 5313 1472 5351 ac
1498 5297 1553 5353 fide
1581 5305 1609 5352 et
1633 5297 1770 5369 patientia
1794 5315 1823 5352 se
1850 5297 1911 5351 Deo
1939 5296 2098 5369 subjiciant.

415 5396 447 5437 eo
464 5379 525 5451 ipso
543 5377 700 5447 declarant,
724 5380 798 5452 quod
817 5381 933 5453 simplici
951 5384 1048 5454 corde,
1072 5393 1242 5442 nouantem
1265 5383 1338 5439 Vide
1363 5381 1551 5439 Chemnicium
1577 5402 1600 5439 c.
1625 5391 1666 5442 el.
1691 5384 1813 5441 hermon
1836 5383 1963 5456 evangel
1991 5403 2020 5456 p.
2040 5390 2100 5442 299.

415 5466 549 5522 mercem
568 5465 669 5522 utcu
688 5464 886 5533 benefecerint,
904 5468 928 5523 a
946 5467 1020 5524 eona
1036 5485 1121 5541 opem
1138 5488 1188 5526 sua
1199 5458 1430 5543 rn-tuverumu
1454 5485 1520 5541 ergo
1538 5470 1699 5526 secamur
1724 5478 1931 5542 argumentum,
1957 5468 2006 5525 uu
2025 5486 2099 5526 eom-

415 5553 536 5610 tentione
547 5552 732 5625 consequendi
745 5552 898 5609 mercedem
908 5552 1044 5624 iecissent,
1064 5572 1240 5629 nequaquam
1267 5555 1413 5610 mendatur
1429 5563 1579 5627 paupertas
1598 5556 1726 5628 spiritus,
1745 5557 1786 5613 ibi
1802 5557 1935 5612 evertitur
1952 5556 2045 5628 opinio
2063 5557 2099 5612 de

416 5639 445 5694 in
462 5639 537 5694 illam
557 5637 764 5694 admirationem
780 5646 998 5710 prorumperent
1034 5645 1062 5696 7.'
1084 5649 1106 5698 l.
1123 5641 1241 5712 Cor.13,
1267 5641 1386 5708 meritis,
1411 5642 1547 5714 siquidem
1563 5642 1605 5698 illi
1623 5643 1734 5700 demum
1750 5661 1814 5700 vere
1832 5650 1897 5698 sunt
1913 5644 2013 5714 spiritu
2030 5660 2099 5716 pau·

415 5742 442 5779 r.
462 5731 491 5780 5:
512 5725 624 5779 Caritas
640 5743 695 5777 sou
713 5725 831 5794 qaaerit,
850 5735 1070 5797 qaaeaaamrst,
1087 5745 1143 5783 non
1157 5745 1241 5801 quae·
1267 5745 1361 5800 peres,
1389 5728 1437 5800 qui
1460 5746 1520 5784 sese
1543 5729 1702 5785 meritorum
1725 5746 1817 5786 coram
1835 5729 1896 5786 Deo
1920 5730 2017 5802 inopes
2038 5748 2099 5787 esse

416 5810 453 5867 rit
470 5811 499 5866 in
517 5810 573 5866 suis
597 5810 725 5882 operibus
742 5809 911 5881 mercedem,
932 5811 980 5867 sed
1002 5810 1089 5869 libere
1111 5814 1241 5888 obsequi·
1266 5821 1430 5889 agnoscunt.
1465 5815 1507 5870 At
1527 5815 1651 5872 Chr-istm
1674 5816 1847 5875 commendat
1869 5816 1922 5872 hoc
1945 5816 2008 5873 loco
2031 5834 2100 5890 pan-

416 5905 477 5970 tnr3
502 5896 566 5968 ideo
591 5896 702 5955 dilectio
724 5895 808 5954 etiam
828 5896 952 5954 inimicos
975 5905 1068 5969 unet,
1093 5916 1113 5964 a
1138 5901 1242 5974 quibus
1265 5900 1539 5974 pertatemspiritus
1572 5902 1649 5980 Ergo
1667 5904 1767 5961 evertit
1782 5902 1940 5977 opinionem
1957 5903 1995 5960 de
2012 5904 2099 5964 med-
