4800 6659
1006 714 1058 770 DE
1078 713 1351 774 secantium
1956 727 2014 785 169

330 870 478 924 marsitas
500 872 591 941 affut.
636 888 659 928 c.
681 876 727 926 tl:
750 872 787 925 In
809 872 861 926 illo
882 872 1005 939 latrone,
1032 873 1109 941 quad
1125 888 1158 925 ιι
1183 873 1269 927 tutem
1287 876 1363 929 ornns'
1380 874 1513 931 eredenti.
1550 873 1612 929 Gal.
1632 879 1654 939 3,
1673 892 1699 930 ι.
1716 880 1745 930 2:
1765 876 1812 928 Ea
1829 876 1960 944 operibus
1979 876 2016 929 ts·

329 957 460 1027 baptismi
485 964 660 1011 sumomonto
688 960 834 1026 defuerat,
864 960 1010 1028 compleuit
1036 959 1157 1028 omnipo·
1183 959 1227 1025 pis
1243 958 1381 1029 Spiritum
1398 961 1555 1030 accepistis,
1575 979 1613 1014 an
1632 962 1775 1015 eeauditu
1785 962 1878 1027 fideii
1908 968 1930 1017 1.
1945 961 2016 1020 Tim.

328 1044 407 1095 tentis
432 1044 605 1113 benipnitas,
630 1046 698 1113 quia
725 1063 780 1098 non
803 1047 995 1115 superbisset
1015 1053 1158 1112 contemtu,
1184 1050 1215 1109 4,
1232 1063 1258 1099 ι.
1280 1051 1328 1101 16:
1348 1048 1471 1102 Attouda
1495 1039 1561 1101 riti*
1571 1054 1597 1101 et
1618 1049 1779 1116 doctrinae,
1803 1049 1878 1102 insta
1897 1049 1928 1102 in
1947 1050 2016 1118 illis,

327 1131 377 1183 sed
400 1130 564 1183 necessitate
587 1132 728 1198 defuerat.
764 1148 788 1188 c.
808 1137 855 1187 25:
884 1132 953 1186 cum
977 1149 1043 1186 asro
1062 1149 1095 1186 su
1114 1148 1156 1184 vo·
1184 1131 1236 1185 boc
1259 1135 1331 1187 enim
1347 1136 1464 1201 faciens
1483 1144 1509 1189 et
1525 1136 1660 1205 teipsum
1679 1136 1896 1199 saluumsucies
1916 1145 1941 1190 st
1959 1154 2014 1201 eos,

327 1217 432 1270 luntate
454 1219 587 1287 deficerit,
604 1219 740 1272 borninem
752 1228 833 1273 reatu
846 1220 969 1288 inuoluit,
986 1218 1157 1288 nequeenim
1185 1219 1276 1286 quite
1294 1221 1415 1274 audiunt
1433 1221 1572 1288 (nimirum
1590 1221 1657 1292 quia
1674 1221 1800 1275 doctrina
1816 1222 1951 1293 evangelii
1973 1228 2015 1277 est

326 1302 385 1355 ullo
410 1306 494 1357 moda
516 1305 639 1357 dicenda
662 1313 703 1358 est
725 1306 866 1359 conversio
883 1306 978 1359 cordis
998 1308 1039 1359 od
1058 1308 1159 1371 Deum,
1185 1304 1306 1358 medium
1328 1305 1444 1371 salutis).
1472 1307 1556 1362 Hebr,
1583 1314 1614 1370 4,
1639 1326 1664 1363 v.
1688 1311 1732 1363 12:
1762 1307 1842 1361 Viciu
1866 1316 1906 1362 est
1924 1326 2015 1363 sermo

328 1406 386 1440 cum
409 1391 469 1442 Dei
487 1400 693 1444 sacramentum
717 1394 909 1446 contemnitur.
947 1392 1023 1464 Ergo
1046 1392 1076 1445 in
1093 1407 1159 1445 casu
1187 1391 1245 1443 Dei
1269 1400 1294 1445 et
1321 1394 1439 1460 ffficau,
1453 1395 1659 1460 penetrabilior
1678 1396 1756 1448 omni
1772 1395 1872 1463 plodio
1890 1397 2015 1465 sincipiti,

327 1475 500 1530 necessitatis
518 1493 574 1532 non
590 1484 655 1533 sulit
673 1478 791 1534 docendi
810 1480 942 1548 homines,
961 1485 994 1534 ut
1012 1495 1097 1549 opera
1115 1477 1159 1532 vel
1181 1477 1346 1547 pertinpens
1364 1481 1405 1532 ud
1425 1480 1589 1533 diuisionem
1606 1481 1718 1533 ammae
1737 1499 1772 1534 uc
1792 1481 1925 1550 Spiritum,
1944 1499 2015 1535 com·

328 1562 470 1632 passiones
500 1581 565 1617 suas
595 1582 658 1619 cum
691 1572 755 1620 roto
786 1566 957 1637 percipiendi
986 1570 1159 1621 sacramenta
1182 1581 1288 1631 papum
1307 1583 1413 1634 quoqne
1432 1583 1465 1618 oc
1485 1566 1682 1620 medullarum.
1721 1567 1838 1622 Immota
1856 1567 1940 1638 igitur
1956 1584 2016 1638 per·

327 1649 386 1701 rice
421 1648 554 1719 baptismi
584 1650 638 1706 Dei
668 1652 774 1721 judicio
808 1658 949 1722 opponunt
975 1661 1003 1708 et
1033 1653 1158 1707 meritum
1185 1650 1258 1704 sistit
1284 1651 1436 1715 conclusio,
1465 1652 1539 1723 quod
1567 1653 1746 1706 sacramentis
1769 1669 1825 1706 non
1842 1653 1877 1707 sit
1894 1653 2017 1709 efficacia

324 1733 531 1802 justificationis
556 1736 584 1790 in
608 1736 661 1790 illis
681 1744 828 1808 quaerant,
855 1739 904 1793 sed
922 1746 954 1793 ut
970 1737 1026 1794 fide
1043 1739 1156 1794 verbum
1184 1737 1234 1791 illa
1250 1736 1421 1810 deneganda.
1455 1745 1478 1795 2.
1494 1739 1548 1794 Per
1566 1739 1641 1810 quod
1661 1739 1785 1794 homines
1805 1739 1910 1795 foederi
1923 1740 2015 1795 divino

326 1821 516 1889 promissionis
540 1822 764 1894 apprehendente
788 1831 863 1879 certo
884 1831 1023 1893 statuant,
1051 1826 1158 1880 etiamsi
1183 1823 1341 1879 inseruntur
1365 1831 1394 1880 et
1412 1825 1440 1879 in
1458 1842 1491 1879 eo
1509 1831 1721 1892 conservantur,
1747 1825 1817 1878 illud
1836 1832 1878 1881 est
1895 1828 2015 1882 medium

326 1906 500 1961 necessitatis
522 1909 638 1964 articulo
662 1927 678 1964 a
701 1909 839 1980 baptismo
856 1911 1046 1979 excludantur,
1066 1921 1158 1967 minen
1184 1907 1301 1965 offerens
1325 1918 1353 1966 et
1375 1911 1519 1982 applicans
1545 1911 1669 1965 divinam
1693 1911 1811 1982 gratiam
1828 1928 1861 1967 ac
1882 1911 2017 1967 beneficia

327 2009 354 2046 se
382 1994 413 2047 in
436 1993 523 2048 verbo
550 1996 699 2067 evangelii,
729 1997 804 2070 qnod
831 2005 874 2053 est
897 1999 1022 2069 potentia
1045 1998 1100 2054 Del
1122 2000 1158 2054 ad
1184 1997 1321 2051 coelestin
1370 1997 1459 2069 Atqui
1486 2015 1537 2068 per
1565 2003 1738 2053 sacramenta
1763 1997 1886 2053 homines
1913 1998 2017 2055 foederi

326 2079 444 2134 salutem
474 2082 549 2136 omni
578 2084 718 2153 credenti,
746 2101 810 2139 vere
841 2092 869 2140 et
898 2086 1105 2157 apprehendere
1131 2093 1160 2142 et
1186 2082 1279 2137 divino
1303 2083 1463 2139 inseruntur
1480 2090 1509 2138 et
1526 2083 1555 2138 ιι
1574 2099 1606 2139 eo
1624 2089 1834 2150 conservantur,
1857 2090 1889 2139 ιι
1906 2101 1938 2139 ex
1958 2101 2017 2155 spe·

326 2166 455 2237 accipere
485 2169 601 2239 gratiam
632 2171 700 2240 Dei,
731 2173 857 2227 meritum
886 2172 989 2228 christi
1013 2174 1050 2228 ad
1074 2174 1158 2229 vitam
1186 2168 1249 2222 ciali
1267 2170 1395 2224 doctrina
1411 2171 1446 2225 de
1463 2169 1672 2225 circumcisione
1689 2176 1717 2224 et
1734 2169 1881 2240 baptismo,
1898 2169 2017 2243 deagno

327 2260 475 2309 aeternam.
1185 2255 1310 2324 paschali
1328 2264 1356 2311 et
1375 2273 1455 2311 sacra
1473 2273 1560 2312 coena
1577 2254 1730 2326 apparebit
1759 2255 1834 2326 Ergo
1849 2256 2016 2311 suntmedia

265 2355 280 2385 ι
361 2345 402 2395 55.
439 2340 569 2396 Ceterum
587 2360 650 2397 cum
662 2343 739 2400 Deus
758 2346 923 2415 optimusct
941 2346 1159 2417 sapientissimus
1185 2341 1330 2398 offerentis
1355 2350 1384 2398 et
1409 2342 1580 2415 applicantia
1602 2341 1724 2396 divinam
1747 2342 1865 2414 gretiam
1884 2360 1918 2398 ac
1934 2342 2015 2399 bens
2061 2407 2064 2414 ¹

265 2407 295 2487 ’,ι
328 2423 395 2477 nihil
418 2426 506 2481 saciat
528 2436 578 2483 aut
598 2431 726 2484 instituat
744 2430 860 2499 frmtra,
888 2432 950 2487 ideo
969 2433 1052 2487 stiam
1070 2451 1158 2489 sacra
1184 2428 1249 2484 ficia
1275 2430 1411 2485 coelestia
1461 2435 1485 2486 3.
1509 2430 1553 2486 1)ι
1579 2446 1744 2500 quocunque
1769 2428 1883 2484 effectus
1907 2431 2015 2500 praedi-

265 2503 317 2551 ⁹¹¹³·
326 2518 480 2566 mentorum
510 2522 574 2569 sunt
598 2517 665 2570 certi
693 2533 725 2571 ac
753 2517 884 2572 divinitus
912 2519 1056 2574 constituti
1075 2522 1158 2587 fines
1186 2521 1274 2585 catur,
1291 2516 1362 2570 illud
1377 2522 1420 2571 est
1435 2533 1520 2571 causa
1537 2516 1660 2589 ejusdem
1678 2515 1722 2570 vel
1740 2515 1900 2586 principalis
1918 2517 1983 2572 vel
1975 2534 2015 2571 ιι·

327 2597 444 2651 ‘'I-'inis
473 2610 705 2657 sacramentorum
737 2603 838 2674 duplex
867 2612 921 2659 est:
957 2605 1103 2677 primarius
1132 2615 1159 2663 et
1185 2555 1379 2656 strunientalis.
1418 2600 1506 2673 Atqui
1530 2603 1565 2658 de
1589 2602 1768 2656 sacramentis
1785 2602 1960 2673 praedicatur
1977 2601 2015 2658 ei·

327 2683 513 2739 secundarius.
556 2688 718 2740 Primus-ius
746 2696 873 2760 respectu
903 2690 957 2745 Dei
987 2701 1157 2750 sacramenta
1184 2687 1275 2742 fectus
1293 2688 1524 2759 regenerationi&
1548 2687 1748 2756 mundltfiffllit,
1766 2689 1934 2744 10m5⁸⁸i0¹1i⁸
1952 2706 2016 2760 Pte·

327 2770 512 2839 msfituentis,
536 2772 674 2828 offerentis
699 2781 726 2828 et
752 2776 931 2845 conferentis,
957 2786 988 2833 ut
1005 2781 1061 2834 sint
1078 2781 1159 2853 signs
1185 2780 1310 2829 catorum
1335 2783 1363 2830 et
1391 2776 1488 2829 salutis
1511 2781 1563 2830 etc.
1605 2774 1680 2846 Ergo
1704 2780 1769 2828 sunt
1787 2775 1912 2844 ejusdem
1933 2792 2017 2831 causa

327 2862 354 2910 et
376 2858 537 2912 testimonia
559 2858 668 2916 divinae
685 2878 752 2932 erga
770 2879 820 2916 nos
840 2865 1001 2934 voluntatis,
1022 2867 1115 2938 sigilla
1132 2876 1160 2924 et
1185 2860 1230 2914 vel
1248 2861 1424 2932 principalis,
1445 2861 1490 2917 vel
1508 2860 1733 2916 inmmessffliss·
1768 2859 1832 2915 N0¹1
1845 2860 2015 2932 Printipsslitr

328 2944 445 3013 pignora
469 2944 579 2999 divinae
603 2947 723 3016 gratiam
748 2948 792 3003 vel
814 2959 941 3020 respectu
958 2952 1099 3009 hominum
1116 2972 1158 3009 η.
1184 2947 1251 3018 quia
1267 2947 1312 3003 hic
1329 2948 1417 3003 honor
1434 2948 1485 3003 soli
1498 2948 1558 3003 Deo
1569 2948 1710 3018 competit.
1735 2946 1810 3017 Ergo
1822 2947 2015 3005 instrumenta·

328 3031 475 3085 minentis
493 3031 635 3094 utentium,
656 3038 687 3085 ut
703 3030 771 3086 fides
789 3035 818 3089 iu
835 3035 878 3090 his
895 3053 945 3108 per
962 3039 1009 3097 illa
1025 3041 1159 3098 excitetur
1185 3035 1231 3102 [ις
1250 3035 1325 3105 quod
1342 3035 1433 3105 ipsum
1446 3035 1579 3090 formulae
1591 3033 1722 3106 loquendi
1734 3034 1769 3089 de
1781 3043 2014 3091 sacramentorum

329 3125 355 3171 ιι
375 3117 559 3173 confirmetur.
604 3117 810 3190 secundarius,
838 3142 893 3195 quo
918 3134 1090 3183 sacramenta
1118 3130 1158 3184 di.
1185 3119 1310 3175 efficacia
1334 3127 1483 3192 usurpatae
1509 3120 1654 3176 manifeste
1674 3121 1862 3191 comprobant.
1905 3121 1969 3178 doh.
1990 3127 2014 3191 3,

329 3211 428 3258 cuntur
450 3220 511 3258 esse
527 3203 655 3274 symbola
673 3204 868 3279 confessionis,
891 3218 974 3267 notae
992 3219 1020 3270 et
1038 3221 1159 3273 tesserae
1184 3226 1210 3260 V·
1229 3215 1257 3263 5²
1279 3209 1346 3262 Νῑθῑ
1357 3210 1419 3278 Ψιῖθ
1432 3217 1547 3263 'mm
1557 3209 1654 3277 sutrii
1665 3225 1699 3261 ⁶⁵⁵
1710 3225 1787 3277 (ΨΜ
1800 3215 1827 3259 θ*
1838 3207 1950 3276 Spiritu
1963 3215 2015 3263 m

330 3291 478 3359 ecclesiae,
508 3291 609 3362 quibus
626 3289 680 3346 Dei
706 3292 824 3362 populus
852 3314 869 3351 a
893 3300 989 3370 quovis
1007 3302 1061 3356 alio
1079 3311 1159 3360 coetu
1187 3293 1257 3364 pr.
1277 3302 1308 3362 5,
1336 3313 1361 3350 ι.
1383 3302 1430 3351 27:
1456 3294 1584 3348 Cirr-istm
1602 3295 1699 3364 (causa
1717 3293 1878 3364 principalis
1892 3301 1920 3348 ιι
1937 3296 2017 3351 meri·

330 3377 518 3449 distinguitur.
526 3379 559 3414 *⁴¹
592 3378 634 3432 Er
662 3378 758 3433 eadem
785 3379 960 3440 distinctione
982 3386 1051 3442 fines
1069 3407 1159 3446 sacru·
1185 3382 1266 3449 ῖῠῐὶι)
1297 3383 1443 3437 mundavit
1472 3383 1617 3435 ‘teledam
1645 3383 1682 3451 rqi
1712 3383 1817 3451 ²⁰⁰¹e‘t3
1842 3384 1892 3433 ¹⁰5·
1911 3380 2016 3449 tiarae,

330 3469 484 3519 mentorum
512 3464 717 3519 constituuntur
737 3463 781 3519 vel
803 3466 979 3535 principales
1001 3476 1045 3529 vel
1067 3479 1158 3532 minus
1186 3469 1302 3523 laroma
1321 3488 1411 3539 aquae
1430 3471 1460 3523 in
1476 3470 1557 3524 uerbo
1576 3473 1660 3541 (quae
1678 3473 1720 3523 est
1740 3467 1845 3523 notatio
1863 3469 2016 3523 causaein-

328 3552 509 3619 prs'ncspates.
549 3549 632 3606 Fines
655 3556 886 3605 sacramentorum
909 3555 1077 3625 principales
1104 3565 1158 3621 duo
1187 3557 1393 3621 strumentalis).
1422 3556 1477 3612 Tit
1496 3561 1521 3622 3,
1535 3573 1566 3608 ι.
1586 3562 1615 3610 5:
1635 3557 1715 3608 Deus
1733 3558 1828 3621 (causa
1846 3553 2016 3624 principalis)

330 3644 403 3691 sunt:
424 3638 508 3707 prior,
528 3637 601 3708 quod
615 3636 670 3691 siut
684 3653 795 3707 organa,
814 3637 905 3692 media
917 3645 945 3692 et
958 3640 1092 3715 ὀχήματα,
1108 3669 1159 3722 per
1186 3645 1281 3698 saluos
1303 3662 1354 3698 nos
1369 3644 1444 3708 facit
1472 3641 1609 3711 (effectus)
1631 3656 1688 3710 per
1706 3641 1851 3694 lavacrum
1871 3657 2017 3708 reperiera-

331 3740 400 3795 quae
424 3723 503 3779 Deus
528 3723 622 3791 offert,
651 3724 762 3778 exhibet
790 3732 818 3778 et
841 3725 1017 3783 credentibus
1037 3734 1160 3804 applicat
1186 3732 1271 3785 bonis
1289 3737 1316 3784 et
1332 3729 1520 3784 remorationis
1538 3732 1597 3797 (per
1615 3725 1790 3796 baptismum,
1809 3725 1857 3796 qui
1874 3731 1917 3780 ιιι
1933 3741 2018 3780 causa

331 3811 540 3880 promissionem
556 3810 692 3880 evangelii
710 3811 849 3881 propriam
868 3811 903 3864 ds
920 3815 1079 3873 remissione
1097 3836 1159 3891 pec-
1189 3815 1422 3884 instrumentalis).
1457 3815 1490 3868 ln
1506 3829 1584 3868 sacre
1601 3829 1689 3868 coena
1705 3827 1804 3882 corpus
1819 3811 1921 3866 Christi
1932 3812 2016 3866 medi·

331 3905 467 3964 catorum,
488 3898 597 3967 justitia
618 3903 645 3951 et
662 3897 721 3950 vita
738 3905 858 3965 aeterna,
875 3899 951 3970 quod
968 3902 1159 3960 confirmamus
1188 3907 1254 3954 ante
1270 3903 1416 3959 benedicta
1428 3899 1736 3974 panemsnducandum
1752 3897 2016 3970 etssnguischrirti

265 4005 283 4042 ιι
332 3982 405 4039 ιιιιι
440 3985 624 4057 argumentis.
674 3991 695 4040 1.
733 3985 872 4057 Quicquid
911 3989 1040 4043 convenit
1076 3992 1160 4046 verbo
1187 3985 1326 4041 mediante
1346 3989 1493 4045 benedicto
1511 3988 1575 4042 vino
1593 3985 1731 4041 bibendus
1749 3983 1829 4038 nobis
1847 3984 1942 4049 datur,
1963 3984 2017 4037 uti·

265 4059 306 4097 ²⁰¹*
288 4071 465 4147 evangelii
489 4071 711 4143 generatinis
735 4071 914 4126 sacramentis
937 4088 992 4126 non
1017 4081 1059 4129 est
1078 4075 1160 4131 dene·
1187 4088 1241 4144 que
1265 4089 1333 4169 ergo
1357 4075 1438 4129 simul
1462 4073 1616 4130 offemntur
1632 4078 1660 4126 ιι
1683 4070 1858 4125 credentibus
1875 4069 2017 4140 applican-

265 4159 460 4298 &agundum
497 4158 584 4230 Atqui
603 4158 687 4213 verbo
704 4159 841 4230 evangelii
862 4159 1004 4229 convenit,
1032 4163 1106 4232 quod
1124 4164 1160 4217 sit
1188 4168 1232 4213 tur
1260 4158 1353 4213 omnia
1377 4157 1427 4212 illa
1449 4159 1596 4227 beneficia,
1629 4173 1701 4229 quse
1720 4155 1844 4211 Christus
1867 4155 2018 4211 traditione

273 4221 428 4301 i⁰“sfficax
451 4245 585 4307 medium
608 4261 658 4315 per
676 4245 751 4315 quod
769 4246 900 4300 coelestis
918 4244 1006 4314 baua,
1031 4247 1161 4304 videlicet
1187 4245 1309 4314 corporis
1337 4250 1366 4297 et
1396 4242 1530 4302 effusione
1558 4244 1702 4317 sanguinis
1729 4242 1772 4296 sui
1800 4243 1829 4296 in
1855 4258 1905 4296 ara
1928 4241 2017 4296 crucis

265 4367 302 4406 ,Μ
330 4331 419 4400 gratia
447 4329 516 4394 Dei,
540 4331 662 4386 remissio
686 4339 861 4401 peccatorum
890 4338 920 4386 ct
946 4286 1021 4385 salsis
1048 4339 1160 4388 aeterna
1187 4330 1267 4386 nobis
1284 4329 1441 4401 promeruit.
1483 4331 1696 4403 chrysostomus
1713 4329 1785 4383 ιι1.
1803 4327 1864 4382 Cor.
1888 4333 1925 4383 10
1944 4324 2016 4384 hom.

265 4426 299 4508 *ιζ
293 4414 487 4510 „bominibus
508 4416 621 4473 offertur
645 4423 674 4472 et
691 4418 866 4473 credentibus
885 4416 1048 4488 applicetur.
1084 4419 1159 4517 Ergo
1188 4422 1369 4486 24.p.1‘lb:
1398 4414 1519 4479 Quando
1543 4435 1646 4487 corpus
1664 4415 1772 4470 Gtrs‘sts'
1784 4415 1961 4484 propositum
1977 4414 2016 4465 ιι·

265 4471 312 4566 sii*
330 4511 485 4556 sacrament
472 4501 575 4556 thosis
590 4519 646 4556 non
664 4511 706 4558 est
724 4503 925 4575 denegandum.
959 4504 1073 4574 Majoris
1090 4505 1159 4560 reri·
1188 4503 1293 4556 deris
1281 4521 1311 4556 m
1330 4520 1394 4571 ara,
1413 4503 1461 4555 dic
1477 4511 1573 4572 mmm,
1587 4511 1706 4573 propter
1722 4502 1774 4554 boc
1791 4518 1894 4570 corpses
1910 4499 2018 4554 coslum

265 4574 304 4665 ,¹²¹
330 4593 372 4641 ιιι
392 4595 471 4659 patet
489 4604 522 4642 ιι
539 4605 586 4655 eo,
609 4589 674 4660 quie
691 4596 863 4644 sacramenta
881 4595 946 4644 sunt
963 4589 1077 4644 verbnm
1096 4590 1159 4644 risi·
1188 4598 1213 4644 et
1233 4605 1304 4660 quiae
1322 4588 1353 4641 ιι
1371 4605 1402 4641 ιο
1422 4589 1494 4642 bono
1512 4598 1582 4659 sunt,
1601 4596 1780 4659 accepturum
1796 4585 2017 4657 perperatur

265 4685 284 4713 s
330 4673 392 4742 bile,
412 4673 565 4728 suntvelut
578 4675 695 4745 epitome
710 4677 846 4746 quaedam
859 4675 1038 4746 evangeliiac
1051 4693 1158 4730 omnem
1187 4692 1290 4744 carpus
1314 4675 1392 4728 crisci
1414 4675 1533 4743 osticium
1558 4681 1668 4731 estete
1703 4674 1748 4729 De
1765 4672 1972 4728 cbcnmcisicne
1989 4676 2018 4726 st

265 4742 278 4766 '¹'
330 4778 405 4816 suam
433 4760 610 4832 dignitatem,
639 4764 824 4833 operationem
854 4768 883 4816 et
903 4763 1032 4816 virtutem
1056 4761 1160 4817 babent
1186 4779 1260 4833 agno
1282 4761 1407 4832 paschali
1431 4761 1553 4816 dicemus
1573 4756 1678 4830 p'cstes.
1725 4767 1749 4817 4.
1770 4759 1947 4816 Sacramenta
1966 4760 2016 4813 ιιι

328 4865 359 4903 ex
378 4846 431 4902 Dei
450 4846 545 4912 verbo,
565 4849 639 4918 quod
658 4866 721 4903 cum
739 4856 852 4903 externo
870 4848 1004 4903 elemento
1023 4848 1051 4901 in
1069 4864 1158 4902 sacra·
1186 4856 1251 4902 sunt
1275 4849 1457 4902 instrumenta
1482 4846 1605 4900 divinam
1630 4848 1747 4916 granam
1767 4846 1924 4915 offerentia,
1942 4843 2016 4901 exhi·

328 4935 427 4990 mentis
447 4933 543 4988 divina
559 4934 728 4989 ordinatione
746 4943 787 4989 est
803 4936 995 5006 conjunctum,
1020 4939 1052 4988 ut
1069 4941 1159 4990 osten·
1186 4934 1281 4988 beutia
1311 4939 1339 4988 et
1371 4932 1546 4988 credentibus
1576 4931 1760 5002 applicantia,
1790 4940 1839 4987 sut
1861 4939 1925 4986 sunt
1948 4931 2016 4985 dun·

328 5023 417 5077 dimus
449 5022 583 5091 superius.
629 5021 743 5075 Minoris
771 5019 941 5077 confirmatio
970 5019 1091 5092 petenda
1117 5026 1160 5075 est
1186 5028 1263 5075 taxat
1287 5020 1368 5092 signa
1390 5020 1468 5073 illum
1495 5017 1688 5089 significantis.
1727 5017 1868 5073 Posterius
1891 5019 1945 5072 dici
1970 5032 2016 5072 ue

327 5127 359 5164 ex
378 5110 421 5162 his
439 5108 530 5162 dictis.
558 5107 620 5162 Esa.
638 5114 678 5170 55,
694 5125 719 5163 ι.
742 5113 788 5161 1οε
810 5107 889 5161 Sicut
908 5108 1053 5161 descendit
1073 5108 1159 5160 imber
1186 5108 1247 5178 quit
1277 5107 1370 5161 multis
1401 5105 1436 5160 de
1466 5105 1565 5160 ιιιιιι.
1613 5111 1634 5161 1.
1660 5103 1911 5161 Sacramentalibus
1945 5121 2016 5173 sym·

327 5208 351 5250 et
370 5198 420 5250 nic
440 5196 582 5249 cte-coetis
594 5204 620 5247 et
633 5194 700 5246 ittuc
712 5203 937 5263 conseres-tems,
956 5195 1022 5263 quin
1041 5195 1160 5248 inebria-
1186 5194 1257 5248 bolis
1284 5193 1462 5262 conjunctum
1489 5198 1532 5245 est
1557 5190 1610 5245 Dei
1636 5193 1762 5260 verbum,
1789 5191 1863 5262 quod
1888 5205 1942 5244 non
1966 5205 2016 5243 nu·

325 5285 397 5337 serit
420 5291 527 5336 mnam
551 5296 666 5348 samque
690 5280 848 5347 perminare
865 5281 981 5349 fecerit,
1006 5288 1036 5332 ut
1055 5281 1102 5333 det
1119 5295 1160 5332 se·
1186 5280 1239 5333 dae
1278 5276 1497 5350 significationis,
1534 5278 1583 5332 sed
1614 5277 1735 5334 efficacis
1764 5275 1929 5346 operationis
1960 5276 2016 5330 rim

325 5388 387 5423 men
413 5367 521 5423 serenti
542 5374 568 5419 at
586 5381 690 5435 partem
713 5367 884 5433 comedenti;
918 5382 943 5421 r.
966 5371 1011 5421 ll:
1036 5366 1084 5420 Sic
1109 5365 1161 5420 erit
1186 5365 1277 5420 babet.
1314 5371 1337 5420 2.
1358 5365 1441 5435 Aqua
1463 5363 1592 5435 baptismi
1616 5372 1735 5436 negatur
1759 5361 1884 5417 adhiberi
1907 5364 1948 5416 ud
1969 5364 2016 5416 ds-

326 5457 439 5510 uerbum
468 5471 568 5522 merim,
596 5452 673 5522 quod
697 5452 807 5519 epredic
805 5460 856 5504 tur
878 5453 913 5505 cle
938 5469 986 5505 ors
1005 5468 1079 5520 meo,
1106 5471 1174 5506 non
1172 5453 1351 5549 positionem
1378 5451 1504 5504 sordium
1529 5452 1637 5517 carnis,
1676 5455 1696 5504 1
1719 5448 1794 5504 Petr.
1814 5453 1844 5513 3,
1869 5465 1893 5501 v
1917 5454 1958 5503 21.
1982 5463 2016 5503 ιι

326 5550 483 5598 revertetur
510 5541 550 5592 act
575 5557 617 5592 me
645 5556 774 5603 racuum,
801 5540 866 5607 quin
891 5540 946 5590 imo
964 5539 1068 5603 samsset
1087 5511 1175 5609 quod
1187 5538 1304 5611 proinde
1331 5554 1386 5591 non
1414 5543 1505 5608 potest
1530 5536 1594 5590 talis
1617 5535 1748 5589 constitui
1772 5532 1915 5604 analogia,
1942 5533 2016 5606 quod

324 5631 405 5685 ualecs‘
426 5638 451 5683 st
472 5626 703 5696 prosperabitur,
731 5643 785 5693 qno
811 5625 886 5677 illud
905 5624 975 5677 misi.
1013 5625 1161 5692 (Quemsd-
1172 5603 1300 5678 liuterius
1323 5621 1429 5677 sblutio
1454 5640 1503 5693 per
1524 5620 1686 5691 sanguinem
1705 5619 1807 5673 Christi
1831 5636 1881 5690 per
1899 5619 2016 5677 ablutio-

326 5717 440 5771 modum
453 5714 578 5786 placidus
598 5712 685 5765 imber
703 5717 745 5767 est
761 5711 857 5766 efficax
877 5711 1005 5779 medium,
1020 5728 1072 5782 per
1087 5712 1161 5783 quod
1186 5728 1249 5766 nem
1285 5714 1424 5764 externam
1460 5711 1488 5761 in
1524 5708 1661 5777 baptismo
1697 5711 1806 5759 tantum
1835 5706 2014 5805 significetur.

324 5810 400 5859 teria
428 5801 553 5858 redditur
578 5799 725 5870 frugifera3
752 5799 790 5853 sic
813 5796 928 5852 verbum
949 5796 1086 5868 evangelii
1105 5796 1159 5851 foe·
1171 5764 1211 5853 13.
1236 5794 1392 5867 analogiae
1422 5794 1494 5848 illins
1523 5791 1757 5864 significativae
1749 5809 1779 5846 ιι
1803 5793 1918 5864 propria
1940 5794 2014 5865 sede,

265 5890 432 5956 mmdst
455 5886 542 5943 corda
565 5893 658 5942 nostra
682 5886 800 5956 Spiritus
826 5901 848 5938 s
874 5882 1096 5955 grstialtom)
1136 5835 1238 5953 libbe
1256 5881 1322 5938 est
1314 5899 1344 5935 ιι
1361 5880 1533 5934 institutione
1551 5882 1792 5946 sacramentorum,
1811 5879 2014 5936 nullslitmen·

323 5982 420 6035 mis
443 5974 629 6044 Ειωιιιιιιι
646 5971 753 6028 Obrists'
774 5977 816 6026 est
828 5972 959 6041 potentio
978 5969 1037 6025 Des'
1054 5970 1096 6026 ad
1111 5986 1157 6024 sa·
1136 5890 1232 6043 -ιιιο,
1264 5973 1288 6025 4.
1312 5966 1463 6040 Scriptura
1460 5964 1605 6023 sffscmn
1630 5965 1874 6026 mmmmm
1896 5965 2013 6025 men·
