4800 6659
994 587 1047 644 DE
1065 585 1188 644 SAGRO
1205 585 1411 647 BAP'I'ISMO.
1987 600 2048 660 881

350 738 469 810 91119191
488 748 522 798 st.
533 741 648 811 aspides
667 743 777 814 speique
794 744 888 814 repuli
903 750 1045 814 cerpentes
1062 741 1149 797 arida
1166 748 1193 795 et
1220 741 1368 811 mittimus,
1390 761 1443 802 nec
1467 751 1561 804 11111911
1582 746 1675 804 locum
1698 746 1842 820 quendam·
1855 747 1928 805 inter
1945 749 2054 805 coelum

353 827 497 899 inoperoso
515 834 664 887 sectantur.
701 828 744 885 Ex
759 827 1191 888 recentioribusJoh.Vblbe1ius
1217 834 1246 885 et
1273 829 1411 886 infernum
1439 832 1633 889 intermedium
1649 832 1810 902 statuimus,
1838 832 1873 889 de
1890 851 1945 906 quo
1965 835 2053 891 altum

352 914 577 972 Photiuiuuusin
587 915 667 972 resol
678 915 744 972 nodi
751 915 849 973 Gordii
858 935 887 988 p.
899 922 943 974 18:
960 918 1140 987 Baptismum
1150 919 1191 972 nd
1216 916 1246 972 in
1257 917 1408 989 Scripturis
1420 925 1463 974 est
1474 920 1623 976 silentium
1654 919 1745 987 ”ffl-
1758 918 1888 974 Hunnius
1906 918 1936 975 in
1957 937 2004 993 qq.
2023 921 2053 978 in

351 1002 474 1057 salutem
493 1019 596 1058 1111111119
614 1003 802 1058 necessarium
821 1020 880 1058 esse
898 1004 1028 1073 nuspiam
1047 1006 1128 1074 apud
1144 1021 1189 1057 sa·
1216 1019 1239 1057 e.
1259 1009 1283 1060 ’1.
1303 1002 1405 1060 Genea.
1420 1004 1473 1062 bac
1492 1005 1526 1061 de
1543 1023 1574 1061 re
1600 1005 1651 1061 ita:
1678 1005 1798 1061 Salnari
1819 1003 1945 1073 infantes
1965 1007 2053 1082 pend-

265 1100 302 1140 rn·
351 1106 416 1143 eros
434 1091 713 1160 auctoresscriptum
726 1090 882 1161 lepimus.*⁸
917 1091 973 1157 Qui
985 1090 1131 1146 Calvinum
1148 1107 1189 1146 se
1215 1089 1285 1144 lium
1320 1099 1401 1146 entra
1436 1091 1582 1146 malasiam
1619 1097 1650 1145 ut
1680 1099 1754 1145 certo
1780 1091 1967 1161 pronuntiare
1997 1111 2053 1148 non

265 1153 308 1244 ᾖ,
352 1179 485 1246 quuutur,
503 1175 534 1230 in
551 1175 698 1232 adversum
716 1175 874 1247 impingunt
885 1177 1038 1248 scopulum,
1059 1175 1190 1247 baptismi
1212 1193 1370 1246 possumus,
1390 1195 1452 1233 cum
1469 1178 1543 1232 nrbil
1559 1178 1613 1232 lae
1633 1178 1669 1230 de
1685 1193 1717 1230 re
1735 1177 1765 1230 in
1784 1176 1876 1231 sacres
1895 1178 1986 1233 literis
2005 1181 2053 1233 de·

265 1258 332 1349 ff·
353 1261 548 1318 necessitatem
574 1262 735 1334 simpliciter
752 1269 886 1334 negantes
905 1280 939 1319 ao
956 1269 1124 1328 statuentes,
1147 1264 1189 1317 in·
1215 1263 1324 1328 finitum
1342 1273 1445 1334 991111,
1464 1265 1507 1319 ita
1524 1281 1574 1319 nec
1593 1264 1761 1334 simpliciter
1779 1280 1940 1319 msererare
1951 1266 2053 1333 oasim,

265 1319 330 1400 ursui
351 1349 450 1414 santes
468 1350 600 1419 fidelium
619 1351 734 1421 pariter
759 1367 852 1405 omnes
877 1351 934 1405 sice
958 1352 1114 1420 baptizatos
1132 1351 1190 1405 sine
1212 1350 1352 1418 paruulos
1380 1351 1448 1407 illos
1471 1351 1532 1405 sine
1557 1348 1719 1404 discrimine
1744 1351 1907 1404 damnatos:
1934 1356 1956 1404 1.
1983 1352 2054 1407 Oum

265 1414 342 1504 m.
355 1452 410 1488 non
436 1435 646 1505 baptizatores
668 1445 747 1492 sstcro
770 1444 898 1491 materno
923 1438 988 1506 jure
1016 1437 1189 1491 hereditario
1217 1438 1306 1506 Deus,
1324 1437 1499 1507 quilnullius
1516 1445 1632 1492 mortem
1650 1436 1710 1490 nult
1726 1437 1864 1502 absolute,
1889 1454 1940 1491 nec
1957 1454 2054 1492 sorum

265 1523 295 1555 *-
350 1521 550 1591 promissionis
568 1540 626 1577 esse
640 1530 752 1578 sanctos
769 1531 796 1577 et
814 1525 932 1589 foedere
943 1525 1003 1578 Dei
1013 1543 1047 1579 ac
1058 1524 1190 1579 societate
1212 1523 1401 1592 porrectorum
1420 1523 1536 1577 interitu
1556 1523 1695 1577 1191991911·
1712 1529 1785 1576 19919
1801 1529 1943 1577 statuatur
1949 1544 1960 1592 ,·
1979 1527 2006 1579 2.
2026 1531 2053 1579 91

355 1615 484 1662 neumae
515 1610 617 1664 solutis
646 1613 779 1680 pandus.
830 1610 960 1666 Calvinus
991 1610 1040 1666 lib.
1068 1617 1091 1667 4.
1125 1609 1188 1667 inst.
1218 1609 1345 1664 Christus
1368 1628 1423 1681 pro
1447 1610 1519 1680 ipsis
1536 1627 1643 1680 quoque
1661 1610 1698 1664 sit
1718 1617 1860 1679 mortuus,·
1886 1612 1914 1666 3.
1933 1610 2054 1678 siquod

356 1710 377 1748 e.
399 1700 440 1749 15.
462 1701 590 1751 999120.
633 1695 709 1750 Besa
736 1696 834 1768 colloq.
856 1696 1007 1768 Mompelg.
1028 1714 1055 1767 p.
1077 1701 1136 1753 134.
1152 1693 1189 1751 ad
1216 1697 1287 1751 tales
1309 1694 1533 1752 incredularum
1546 1697 1670 1767 pestium
1687 1697 1771 1751 liberi
1789 1696 1874 1750 lodie
1892 1711 2052 1750 ramanen-

355 1779 421 1835 tbes.
450 1787 474 1836 3.
502 1781 623 1838 Wnteb.
653 1783 753 1838 Sadeel
782 1783 812 1838 111
839 1801 945 1854 respon
974 1784 1011 1839 ad
1037 1783 1188 1855 Burdogal.
1216 1791 1307 1837 torum
1325 1785 1486 1855 participes
1506 1803 1562 1838 non
1585 1786 1720 1852 evadunt,
1736 1784 1770 1837 id
1781 1791 1935 1852 parentum
1953 1782 2053 1850 eulpae

356 1871 401 1921 art.
429 1872 468 1923 11.
497 1885 526 1938 p·
548 1873 589 1924 81.
638 1868 756 1926 Ursinus
786 1870 815 1925 in
847 1887 935 1942 comp.
966 1870 1051 1926 theol.
1084 1890 1110 1943 p.
1129 1875 1187 1927 528.
1216 1871 1394 1925 tribuendum
1419 1872 1564 1940 rideatur,
1601 1889 1664 1926 erun
1690 1870 1749 1940 ipsi
1773 1877 1901 1940 respectu
1927 1870 1973 1922 sai
1999 1885 2052 1939 per·

355 1951 503 2007 Gentillius
529 1953 559 2009 in
581 1955 653 2025 apol.
679 1973 729 2027 pro
753 1955 860 2024 Christi
878 1957 951 2014 Gall.
979 1974 1040 2029 cap.
1059 1958 1094 2013 de
1110 1957 1187 2029 bapt.
1216 1975 1310 2011 casum
1344 1957 1517 2011 necessitatis
1552 1957 1661 2012 exclusi
1689 1974 1708 2009 a
1734 1963 1974 2011 nomomentoram
1999 1973 2053 2010 usu

357 2036 534 2118 itblusculus
557 2039 589 2095 in'
608 2040 660 2098 loc.
687 2058 784 2098 comm.
809 2043 829 2098 f.
848 2049 907 2100 338.
926 2043 1066 2098 invehitur
1085 2044 1114 2096 in
1134 2060 1188 2114 eos,
1216 2052 1384 2114 9999199111,
1395 2060 1446 2098 1199
1459 2046 1538 2098 Deus
1550 2045 1585 2098 ob
1598 2043 1768 2112 impietatem
1773 2049 1928 2112 parentum
1939 2050 2054 2096 99111119

357 2124 401 2192 qui
421 2143 484 2179 cum
514 2126 674 2191 infantibus
701 2129 759 2182 suis
784 2132 826 2184 cd
849 2131 1018 2201 baptismum
1041 2130 1187 2198 festinant,
1216 2139 1302 2185 morte
1314 2131 1426 2199 plectat
1445 2131 1558 2200 liberos,
1575 2128 1676 2184 Erech.
1696 2134 1735 2184 18.
1761 2127 1971 2183 Committamus
1988 2145 2054 2196 erpo

357 2210 399 2264 ubi
415 2212 443 2265 si
466 2213 555 2267 seculi
571 2231 661 2268 mores
676 2222 853 2287 paterentur,
875 2218 932 2287 ipsi
950 2235 1006 2271 non
1025 2217 1189 2286 displiceret
1217 2233 1263 2269 eos
1285 2217 1345 2270 Dei
1360 2216 1542 2286 judr‘eio.)**
1582 2214 1638 2271 Sed
1661 2214 1696 2268 de
1715 2213 1870 2269 infantibus
1889 2213 1918 2267 iu
1936 2213 2056 2269 ecclesia

358 2298 526 2352 Nazianzeni
543 2301 693 2370 sententia,
714 2304 764 2371 qui
777 2304 932 2373 consuluit,
958 2312 989 2357 ut
1002 2304 1189 2373 pauculorum
1217 2302 1290 2357 uatis
1317 2303 1415 2358 melius
1439 2319 1592 2374 speramus.
1635 2301 1709 2357 Sanc
1737 2295 1788 2372 pii‘
1801 2303 1931 2370 parentes
1953 2298 2054 2355 liberos

359 2385 508 2454 baptismus
539 2388 689 2457 differatur
716 2389 748 2442 in
780 2408 883 2443 aureum
914 2406 1000 2459 usqae
1032 2391 1190 2444 1911111111.11
1217 2405 1290 2459 suos,
1309 2408 1394 2461 quam
1412 2395 1505 2461 potest
1523 2389 1583 2446 fieri
1601 2388 1735 2458 primum,
1752 2387 1789 2441 ad
1807 2385 1976 2456 baptismum
1994 2390 2054 2440 tan·

357 2471 453 2526 Petrus
466 2471 574 2543 Martyr
593 2479 616 2529 1.
638 2474 719 2532 class.
733 2481 757 2532 1.
776 2475 828 2532 loc.
847 2493 916 2531 com.
926 2492 950 2530 9.
964 2482 988 2531 5.
1000 2482 1066 2532 sect.
1082 2482 1121 2533 16.
1137 2476 1190 2531 bas
1218 2493 1302 2546 quam
1320 2476 1490 2531 ordinarium
1509 2474 1727 2549 regenerationis
1748 2472 1869 2528 medium
1887 2471 2008 2551 afferunt
2021 2487 2055 2526 ao

359 2558 389 2612 de
410 2574 441 2612 re
465 2557 506 2612 sio
528 2558 667 2629 disputat:
691 2562 789 2630 Neque
813 2562 881 2615 baec
905 2580 924 2616 a
947 2579 989 2618 me
1012 2563 1071 2617 dici
1092 2580 1123 2617 eo
1139 2581 1190 2632 pu·
1218 2579 1268 2634 per
1280 2562 1449 2634 baptismum
1465 2562 1574 2618 Christo
1587 2562 1715 2626 offerunt,
1728 2559 1775 2631 qui
1789 2575 1855 2615 vero
1869 2558 1921 2613 hac
1934 2559 1963 2612 in
1973 2562 2053 2629 parte

358 2647 443 2698 tanda
470 2653 548 2710 sunt,
573 2648 650 2714 quod
675 2648 800 2700 omnibus
823 2650 921 2717 pueris
938 2650 1070 2716 fidelium
1088 2652 1191 2718 absque
1218 2649 1391 2720 negligentes
1414 2650 1520 2704 inventi
1537 2648 1653 2717 fuerint,
1676 2647 1717 2700 ita
1743 2652 1774 2700 ut
1791 2661 1842 2716 per
1858 2643 1992 2698 incuriam
2010 2643 2056 2699 vol

273 2732 301 2772 ¹1
313 2732 347 2776 ²⁸²·
357 2739 528 2785 1999919119
552 2733 747 2786 decedentibus
770 2734 804 2787 id
825 2735 974 2804 pollicmr.
1016 2736 1051 2790 Si
1068 2736 1142 2789 enirn
1160 2737 1192 2788 id
1219 2735 1405 2791 damnabilem
1428 2734 1594 2790 sacramenti
1613 2736 1783 2789 contemtum
1801 2730 1903 2786 liberos
1921 2746 1985 2783 suos
2006 2728 2053 2784 ba·

352 2820 492 2886 facerem,
517 2819 683 2872 temerarius
706 2820 805 2874 baberi
823 2814 944 2889 possem.
988 2821 1061 2875 Illos
1078 2822 1190 2875 divinae
1219 2822 1321 2893 ptismo
1343 2821 1524 2893 privaverint,
1549 2818 1740 2893 gravissimam
1758 2817 1820 2871 Deo
1837 2816 1972 2871 rationem
1989 2813 2063 2869 olim

357 2905 567 2959 misericordiae
588 2906 762 2974 judicandos
787 2907 931 2977 relinquo,
950 2925 1011 2962 curn
1031 2910 1066 2962 de
1082 2925 1190 2962 areana
1217 2908 1353 2976 reddent,
1382 2924 1446 2983 oum
1469 2907 1617 2960 consilium
1644 2905 1706 2959 Dei
1730 2903 1897 2974 spreverint,
1934 2901 2001 2956 Lus.
2029 2907 2054 2969 ’1,

358 2991 486 3046 electione
507 2999 533 3046 et
545 2992 809 3060 praedestinatione
827 2994 897 3047 neibi
913 2994 984 3049 nibil
1002 3002 1124 3060 constet,·
1140 2997 1193 3048 sed
1218 3011 1244 3050 v.
1265 2999 1306 3048 30.
1341 2993 1457 3048 Interim
1474 2998 1567 3047 tamen
1585 2991 1704 3046 infantes
1724 2990 1795 3059 illos,
1814 2989 1863 3062 qui
1874 2987 1919 3044 vel
1934 2988 2054 3044 inutero

357 3080 460 3132 tantum
491 3077 543 3131 boc
572 3095 682 3145 assero,
712 3097 758 3133 sos
790 3097 891 3133 resero
914 3083 1037 3149 seruari,
1064 3083 1094 3135 in
1121 3098 1191 3150 quos
1218 3086 1357 3148 materno,
1381 3077 1425 3133 vel
1447 3077 1592 3148 repentino
1615 3077 1737 3148 quodam
1755 3092 1823 3131 casu
1841 3081 1906 3130 ante
1922 3073 2054 3146 baptismi

357 3164 451 3219 electio
480 3164 578 3218 diuina
605 3165 741 3233 incurrit,
770 3184 929 3236 quanquam
954 3168 1108 3238 baptismus
1134 3187 1191 3223 non
1217 3167 1421 3237 susceptionem
1450 3165 1677 3236 exstinguuntur,
1707 3169 1810 3219 temere
1842 3162 1975 3218 damnare
2003 3176 2055 3217 nec

356 3251 550 3305 intercesserit.
604 3253 675 3305 Item
712 3254 747 3306 de
776 3254 939 3324 hujusmodi
963 3256 1095 3324 parvulis
1124 3256 1189 3310 bene
1217 3270 1363 3325 possumus
1381 3269 1432 3308 nec
1451 3250 1592 3322 debemus,
1605 3251 1673 3324 quin
1685 3250 1779 3322 potius
1791 3250 1945 3320 susumus,
1958 3265 2056 3320 preces

355 3355 450 3407 111919,
480 3339 557 3406 quod
588 3337 655 3391 illos
680 3338 793 3393 videam
821 3356 854 3393 eu
878 3341 1011 3405 fidelibus
1024 3342 1191 3411 parentibus
1218 3341 1326 3411 piorum
1344 3345 1498 3410 pareutum,
1517 3339 1561 3394 vel
1579 3339 1603 3392 si
1621 3344 1750 3410 parentes
1770 3337 1823 3393 hac
1843 3337 1873 3392 in
1891 3343 1970 3407 parte
1987 3352 2055 3407 neg·

354 3431 452 3487 natos;
479 3439 550 3491 quae
579 3439 624 3475 res
647 3424 728 3478 tabet
752 3445 808 3479 11911
833 3426 964 3497 culpares
978 3428 1191 3497 promissiones,
1217 3428 1334 3498 ligantes
1356 3425 1483 3493 fuerunt,
1503 3441 1600 3496 preces
1621 3425 1756 3481 ecelesiae
1775 3425 1868 3479 Deum
1884 3439 1935 3495 pro
1952 3421 1995 3476 bis
2014 3421 2055 3477 in·

357 3527 426 3578 quae
445 3509 511 3563 lieet
528 3526 584 3562 non
604 3510 661 3562 sint
680 3512 826 3578 penerales
839 3515 936 3580 quoad
947 3531 1048 3579 omnes,
1068 3521 1191 3567 attaneen
1217 3514 1340 3569 iautibus
1376 3512 1452 3567 fusas
1491 3513 1641 3568 clementer
1672 3511 1797 3567 exaudiri
1829 3510 1996 3581 eosdemque
2026 3510 2055 3564 in

356 3613 415 3650 cam
433 3594 507 3649 nibil
525 3611 605 3648 secus
622 3598 733 3652 uideam
749 3601 784 3654 de
800 3600 891 3653 salute
910 3601 1010 3655 talium
1028 3602 1190 3668 infantium,
1218 3600 1337 3673 gratiam
1355 3605 1383 3655 et
1402 3599 1488 3654 vitam
1506 3599 1598 3656 aDeo
1617 3597 1714 3669 recipi,
1734 3615 1790 3670 qua
1808 3597 1843 3653 de
1863 3613 1895 3652 re
1908 3596 2056 3650 videantur

352 3699 409 3751 par
428 3688 469 3736 est
485 3689 516 3735 ut
533 3682 599 3735 bene
617 3699 733 3753 sperem.
1217 3686 1416 3743 consolatoriae
1443 3685 1577 3757 epistolae
1609 3691 1637 3741 et
1666 3685 1770 3756 scripta
1796 3683 1913 3739 Lutheri
1941 3687 2008 3738 tom.
2031 3687 2055 3738 2.

265 3768 320 3813 1111·
390 3773 449 3824 236.
485 3768 543 3826 Nos
567 3768 720 3824 incedimus
739 3771 784 3825 via
802 3770 893 3827 media
914 3771 1059 3840 docentes,
1088 3772 1191 3843 baptis·
1217 3774 1280 3830 len.
1304 3774 1411 3844 [etp.
1433 3770 2054 3842 133.19111.8.1911,(191111.ρ.51,9119119.

265 3824 324 3917 iiii.
357 3873 431 3911 mum
454 3871 515 3910 esse
540 3853 652 3925 quidem
671 3855 839 3911 ordinarium
858 3857 1020 3913 initiationis
1037 3875 1190 3914 sacramen·
1218 3866 1282 3916 tom.
1305 3866 1344 3917 12.
1364 3859 1482 3916 Witteb.
1506 3877 1534 3930 p.
1558 3865 1613 3916 181
1631 3859 1661 3913 in
1679 3856 1782 3914 Genea.
1800 3874 1825 3912 c.
1845 3862 1884 3912 11.
1904 3873 1932 3926 p.
1951 3861 1992 3910 81.
2012 3858 2054 3909 92.

265 3928 315 3969 ‘'¹¹¹'‘
357 3949 415 3997 tum
433 3940 685 4012 etregeneratiouis
697 3941 818 3997 modium
832 3943 960 3999 omuibus
972 3943 1091 4015 omuino,
1107 3945 1191 4000 etiam
1217 3954 1245 4003 et
1262 3963 1340 4019 seqq.
1357 3946 1504 4001 Pomerani
1524 3945 1554 3999 in
1571 3945 1673 4000 Psalm.
1693 3950 1736 3999 29.

356 4028 479 4102 fidelium
498 4027 610 4097 liberis,
634 4028 671 4082 ad
691 4029 929 4101 regenerationem
954 4035 982 4085 et
1003 4031 1120 4086 salutem
1145 4050 1190 4088 uc·
1253 4039 1311 4089 231.
1346 4034 1428 4097 Quod
1462 4033 1535 4088 euim
1562 4030 1661 4087 attinet
1691 4030 1811 4084 infantes
1836 4027 1866 4081 in
1890 4031 1970 4081 utero
1996 4041 2051 4080 ma·
2064 4035 2163 4127 ampl-n

356 4115 516 4179 9999911911,
545 4113 656 4170 iuterim
686 4119 780 4171 tamen
804 4116 833 4170 in
857 4133 923 4171 casu
946 4116 1109 4187 privationis
1133 4118 1190 4174 sive
1217 4125 1295 4175 terno
1330 4119 1496 4188 exstinctos,
1534 4117 1634 4189 quibus
1666 4115 1777 4186 sepeliri
1809 4112 1885 4185 prius
1915 4111 2053 4184 contingit
2065 4139 2185 4179 ,mm

355 4200 584 4270 impossibilitatis
620 4201 722 4276 salvari
757 4202 858 4257 liberos
892 4201 1109 4258 Christianorum
1140 4222 1190 4276 per
1217 4223 1301 4277 quam
1336 4204 1431 4274 nasci3
1462 4205 1563 4276 quibus
1593 4202 1762 4260 convertitur
1791 4201 1821 4254 iu
1849 4199 2052 4268 coemeterium,
2065 4192 2175 4282 ssfflss

354 4287 598 4342 extraordinariam
630 4294 659 4343 et
687 4288 856 4359 peculiarem
885 4289 1118 4360 dispensationem
1149 4292 1189 4346 di·
1217 4292 1292 4363 quod
1304 4291 1378 4346 111119
1390 4291 1511 4347 debebat
1523 4288 1749 4361 essebospitium‚
1760 4287 1796 4343 dc
1808 4285 1862 4340 illis
1875 4284 2052 4340 manifestum

354 4375 455 4430 vinam.
499 4373 657 4430 Necessitas
687 4375 761 4430 enim
786 4374 917 4447 baptismi
950 4393 1005 4431 non
1038 4383 1081 4432 est
1110 4377 1189 4432 abso·
1217 4384 1275 4433 est:
1314 4384 1335 4432 1.
1361 4376 1441 4442 Quod
1466 4394 1523 4431 non
1540 4375 1647 4446 possint
1664 4389 1715 4445 pro
1734 4370 1949 4428 contemtoribus
1968 4371 2053 4441 hujus

355 4461 423 4530 luta,
443 4450 492 4514 sed
508 4460 650 4530 ordinata3
670 4479 703 4516 ex
720 4467 799 4531 parte
820 4466 915 4516 nostra
931 4461 967 4516 ad
986 4462 1118 4534 baptismi
1130 4481 1188 4518 sus·
1217 4465 1381 4519 sacramenti
1397 4463 1512 4531 censeri,
1531 4461 1669 4534 siquidem
1681 4459 1835 4531 baptismus
1849 4463 1892 4514 est
1908 4459 2053 4513 lavacrum

355 4547 510 4618 ceptionem
535 4546 652 4619 obligati
677 4565 788 4618 sumus,
812 4548 922 4603 interim
946 4555 1039 4605 tamen
1060 4566 1117 4604 uon
1142 4568 1188 4605 ne·
1216 4551 1445 4619 repenerationis.
1483 4550 1621 4618 Quoniam
1640 4555 1710 4618 gvcro
1729 4562 1810 4602 nemo
1827 4551 1921 4617 potest
1937 4543 2053 4614 renasci,

354 4634 449 4706 ganda
474 4639 517 4687 est
546 4633 618 4688 aetio
648 4634 702 4690 Dei
734 4635 951 4691 extraordinaria
980 4637 1009 4690 iu
1035 4636 1189 4692 infantibus
1215 4637 1268 4692 nisi
1291 4636 1369 4707 prius
1393 4643 1537 4700 nascatur,
1561 4634 1699 4706 quomodo
1725 4650 1791 4705 ergo
1815 4649 1866 4704 per
1884 4630 2053 4702 baptismum

354 4721 463 4777 Christo
487 4738 504 4776 a
528 4720 580 4790 piis
600 4721 763 4790 parentibus
782 4729 810 4778 et
828 4723 945 4777 ccclesia
962 4739 1012 4795 per
1029 4739 1125 4794 preces
1143 4725 1189 4781 ob·
1216 4722 1322 4779 renasci
1340 4727 1500 4793 potueruut,
1518 4721 1566 4793 qui
1584 4720 1708 4776 noudum
1727 4718 1758 4773 in
1773 4718 1864 4773 lucem
1882 4722 1948 4771 suut
1964 4714 2052 4771 editi?

353 4810 417 4864 latis
435 4813 519 4878 atque
535 4806 684 4877 exstinctis,
704 4809 866 4880 priusquam
885 4809 1017 4881 baptismi
1037 4812 1117 4881 copia
1134 4810 1190 4864 illis
1217 4810 1322 4864 Locum
1345 4808 1431 4880 igitur
1452 4808 1498 4863 hic
1526 4805 1612 4862 habet
1633 4804 1702 4860 illud
1726 4803 1892 4886 Augustini¹
1905 4800 1953 4856 lib.
1972 4807 1996 4857 1.
2016 4801 2052 4858 da

354 4895 414 4951 fieri
437 4900 543 4965 posset,
573 4910 637 4947 cum
655 4894 732 4949 Deus
757 4912 835 4950 suam
855 4896 974 4967 gratiam
994 4902 1022 4951 et
1040 4897 1190 4951 salutarem
1216 4895 1354 4966 baptismo
1382 4912 1405 4950 c.
1425 4901 1474 4950 24:
1507 4894 1584 4947 Tunc
1613 4899 1817 4946 sacramentum
1845 4888 1977 4958 baptismi
2001 4888 2051 4942 im·

354 4980 508 5036 efficaciam
529 4998 585 5035 uon
608 4979 650 5034 ita
669 4980 793 5051 alligarit
811 4981 963 5051 baptismo,
988 4983 1056 5053 quin
1074 4982 1102 5036 iu
1122 4999 1189 5038 casu
1212 4982 1311 5052 pietur
1334 4980 1526 5046 invisibiliter,
1555 4997 1617 5033 cam
1643 4979 1677 5032 id
1704 4979 1796 5049 ipsum
1820 4993 1876 5030 non
1900 4981 2052 5028 contenitur

353 5067 515 5140 privationis
545 5065 761 5122 extraordinarie
789 5083 873 5138 agore
900 5073 928 5122 et
952 5068 1019 5123 velit
1044 5073 1072 5123 et
1094 5067 1190 5139 possit.
1216 5068 1372 5138 relipionis,
1389 5067 1440 5119 sed
1459 5065 1598 5119 articulus
1616 5064 1788 5118 necessitates
1806 5061 1933 5116 meludit.
1968 5059 2160 5121 Item-rursu

353 5153 558 5224 Distinguimus
580 5152 667 5224 igitur
686 5152 758 5207 inter
775 5152 967 5208 necessitatem
988 5160 1118 5225 exparte
1137 5154 1191 5210 Dei
1218 5172 1272 5225 que
1289 5153 1360 5208 illud
1372 5151 1527 5207 Bernhardi
1545 5150 1625 5223 epist.
1645 5156 1677 5206 31
1686 5170 1693 5206 :
1715 5151 1873 5205 Contemtus
1883 5147 2055 5202 sacramenti

354 5249 381 5298 et
401 5258 434 5296 ex
453 5246 532 5311 parte
551 5239 653 5308 nostri,
678 5239 751 5294 inter
774 5256 869 5295 casum
893 5240 1054 5311 privationis
1072 5245 1101 5294 et
1118 5241 1191 5296 viam
1219 5242 1350 5309 damnat,
1377 5258 1433 5292 non
1454 5239 1598 5308 privatim·
1625 5245 1654 5294 et
1673 5237 1752 5309 epist.
1772 5242 1820 5290 77:
1842 5235 1971 5289 voluntas
1984 5250 2053 5303 pro·

355 5326 537 5391 ordinariam,
573 5326 695 5397 itemque
722 5326 939 5383 interinfautes
962 5330 1042 5382 natos
1060 5327 1089 5381 iu
1106 5328 1192 5383 cocle·
1212 5329 1297 5396 facto
1327 5326 1493 5395 imputatur,
1530 5326 1579 5379 nbi
1608 5326 1717 5389 fastum
1745 5321 1868 5375 accludit
1897 5321 2055 5375 necessitas.

354 5413 396 5468 sia
422 5418 451 5467 et
478 5417 556 5468 extra
581 5411 733 5468 ecclesiam.
777 5413 821 5469 Ι)9
838 5413 993 5469 infantibus
1011 5420 1089 5469 extra
1106 5414 1192 5469 eccle·
1220 5412 1388 5470 2111111191
1414 5418 1478 5466 ante
1503 5416 1632 5466 octavum
1657 5406 1756 5464 aetatis
1779 5406 1853 5463 diem
1871 5406 1973 5462 mortui
1998 5422 2055 5462 nou

265 5513 340 5559 1191,
355 5500 425 5555 siam
455 5500 527 5554 uatis
558 5498 675 5552 dicimus
695 5515 758 5553 oum
777 5500 901 5571 apostolo
922 5507 944 5556 1.
966 5500 1027 5556 Cor.
1049 5508 1077 5571 5,
1102 5519 1127 5554 v.
1149 5506 1192 5556 12:
1205 5505 1284 5556 ι911111
1302 5497 1465 5562 circumcisi,
1486 5498 1591 5569 quippe
1609 5494 1779 5552 circumcisio
1799 5500 1859 5549 erat
1875 5494 2053 5549 adacturum

359 5588 436 5650 Quid
460 5587 529 5639 milei
552 5587 587 5640 de
605 5586 654 5650 iis,
682 5586 733 5654 qui
748 5587 824 5651 foris
848 5593 913 5640 111111
924 5587 1086 5656 judicare!
1103 5605 1194 5642 norsnc
1221 5586 1293 5641 diem
1311 5583 1453 5653 restricta,
1479 5582 1579 5641 Genea.
1599 5590 1639 5651 11,
1660 5601 1687 5639 1.
1709 5587 1748 5639 12.
1789 5581 1830 5638 Ut
1854 5597 1920 5650 ergo
1944 5580 1984 5634 illi
2002 5597 2053 5651 pro

355 5677 390 5729 de
415 5674 476 5740 bis,
500 5674 549 5743 qui
568 5673 644 5726 intus
663 5679 727 5729 sunt
741 5671 904 5740 judicatis!
938 5690 963 5729 v.
985 5679 1028 5730 13:
1054 5692 1120 5728 nam
1138 5692 1193 5743 eas,
1220 5668 1435 5728 contemtoribus
1462 5668 1676 5730 circumcisionis
1700 5685 1757 5723 uon
1779 5671 1930 5738 potueruut
1947 5665 2054 5732 baberi,

354 5761 404 5830 qni
418 5760 493 5823 foris
511 5768 591 5830 sunt,
611 5763 692 5815 Dens
704 5758 858 5828 judicabit.
895 5757 986 5823 Quare
1004 5777 1067 5815 oum
1085 5761 1120 5815 de
1139 5760 1194 5815 illis
1219 5776 1271 5816 nec
1288 5756 1395 5813 fulmen
1408 5755 1479 5811 illud
1492 5753 1693 5812 maledictionis
1715 5753 1782 5825 ipsis
1794 5753 1947 5825 intorqueri
1964 5771 1990 5807 v.
2005 5759 2051 5809 14:

265 5862 280 5903 r.
294 5859 340 5903 111.
354 5847 431 5904 nulla
457 5852 546 5904 911191
571 5845 731 5919 promissio,
756 5844 819 5902 ideo
842 5845 949 5918 judicio
972 5845 1027 5904 Dei
1051 5863 1098 5905 eos
1120 5864 1192 5905 corn·
1218 5844 1376 5915 Paruulus,
1399 5845 1480 5916 ossius
1505 5860 1572 5899 caro
1592 5840 1742 5914 praepedit·
1757 5858 1814 5896 non
1829 5840 1920 5908 fuerit
1938 5840 2054 5897 circum·
