4800 6659
773 705 782 713 .
871 663 925 720 ns
942 624 1272 722 soms'oranmns.
1859 668 1916 728 ιιι

266 818 355 872 ιΙοιο
372 816 412 871 sie
431 818 551 889 colligit:
579 820 692 874 Palmes
716 838 774 875 esse
797 839 853 875 non
871 829 981 891 potest,
1009 820 1059 889 qui
1083 817 1166 875 fidem
1185 819 1328 891 apostolus
1345 819 1492 876 Timotheo
1511 820 1693 888 commendat,
1712 818 1788 873 circa
1799 818 1918 874 eandem

266 906 380 973 quando
408 922 464 958 non
486 907 585 958 ιιιιιίι
604 906 633 958 in
652 907 722 975 vite,·
750 925 805 960 non
827 908 899 960 enim
924 908 1056 976 palmites
1083 907 1217 977 quosdam
1236 906 1412 977 naufragium
1429 906 1529 961 fecisse
1540 905 1759 977 intelligendum,
1775 904 1817 959 nti
1831 905 1915 959 series

266 991 339 1042 ἵκηαι
367 992 540 1053 inseramur,
567 994 620 1045 sed
645 1001 797 1045 nascuntur
820 1009 853 1046 ιι
877 994 931 1046 vite
955 1001 982 1045 et
1002 1010 1058 1046 non
1083 1000 1227 1047 contextus
1245 992 1388 1047 evidenter
1399 993 1508 1064 probat.
1544 992 1627 1046 Absit
1646 1008 1711 1047 vero
1731 997 1762 1044 ιι
1782 990 1915 1056 dicamus,

266 1078 340 1138 riui,
370 1080 421 1129 ιια
441 1078 499 1131 vivi
515 1088 675 1131 naseuntur.
714 1080 763 1132 Sic
788 1079 873 1146 iqs'tur
893 1080 998 1146 fideles
1015 1095 1058 1131 rs·
1083 1075 1166 1132 fidem
1189 1078 1391 1149 hypocriticam
1416 1078 1563 1133 Timotheo
1582 1077 1618 1133 ab
1637 1076 1761 1147 apostolo
1781 1091 1917 1131 commen·

266 1171 378 1216 scantur
393 1164 423 1216 in
444 1165 565 1231 Chresto,
584 1173 609 1217 ιι
628 1183 690 1218 eum
707 1174 893 1218 renascssntur
909 1183 966 1218 non
984 1183 1057 1218 mor-
1084 1163 1151 1218 dari.
1187 1164 1271 1218 Adde
1300 1164 1374 1234 quod
1392 1164 1427 1219 de
1443 1164 1493 1217 tali
1511 1163 1566 1218 fids
1583 1163 1725 1234 apostolus
1742 1167 1817 1233 agal,
1835 1163 1915 1233 cnjus

266 1250 368 1316 7sunt,
395 1251 448 1302 sed
470 1250 543 1319 vivi‚·
568 1258 593 1303 et
614 1260 720 1317 mmen,
743 1253 770 1305 si
789 1260 941 1320 postquam
963 1253 1059 1304 renati
1083 1250 1260 1321 naufragium
1285 1257 1317 1304 ιι
1347 1255 1389 1305 est
1411 1250 1671 1321 periculosissimum
1696 1255 1725 1305 et
1743 1246 1917 1304 damnosissi-

266 1343 301 1405 ιι,
337 1338 466 1398 fructum
501 1338 635 1390 bonorum
669 1354 785 1407 operum
814 1340 893 1401 ferre
923 1346 1057 1404 recusent,
1084 1353 1172 1401 mum,
1200 1336 1240 1390 ita
1256 1336 1374 1392 maxime
1394 1336 1564 1406 miserabile3
1585 1338 1728 1405 jamvero
1747 1334 1811 1389 fidei
1830 1334 1916 1405 hypo·

266 1431 371 1487 escunt,
392 1422 597 1490 praeciduntur
620 1431 646 1475 ιι
662 1431 789 1492 pereunt.
825 1423 881 1479 Sed
901 1423 975 1477 idem
994 1423 1057 1478 Bel·
1084 1422 1197 1477 criticae
1222 1423 1398 1495 naufragium
1426 1441 1481 1478 non
1508 1423 1578 1478 adeo
1605 1424 1768 1477 damnosum
1785 1438 1818 1475 ιι
1837 1422 1917 1476 mue

266 1506 354 1560 minus
387 1507 477 1561 minus
512 1515 587 1561 recte
619 1506 723 1562 ibidem
747 1507 839 1573 addit,
872 1526 905 1561 sa
928 1510 978 1563 boo
997 1509 1058 1562 loco
1084 1510 1210 1565 randum.
1245 1509 1374 1581 Denique
1397 1512 1605 1582 conjunguntur
1628 1509 1698 1565 fides
1717 1516 1746 1563 et
1762 1508 1836 1562 bona
1852 1524 1917 1562 con·

268 1594 415 1646 smnieium
440 1595 579 1662 refutari,
609 1613 669 1647 eum
697 1594 823 1648 Christus
849 1597 961 1663 doceat,
989 1612 1057 1663 eum,
1084 1595 1214 1664 scientia3
1243 1597 1302 1666 jam
1326 1614 1391 1651 vero
1419 1596 1608 1666 hypocriticas
1631 1594 1696 1650 fidei
1721 1613 1776 1649 non
1794 1602 1837 1649 ιιι
1853 1610 1917 1649 con·

266 1680 447 1748 ialiqrmnrlo
467 1681 579 1749 palmes
595 1682 626 1734 in
642 1682 712 1742 αιἰι,
737 1682 788 1734 ιιι
805 1689 845 1733 est
860 1682 1010 1734 membrum
1028 1682 1058 1733 in
1081 1683 1181 1751 juncta
1198 1680 1369 1737 conscientia
1388 1681 1470 1735 bona.
1505 1680 1682 1752 ”origenes
1700 1681 1728 1734 in
1746 1697 1769 1735 c.
1785 1686 1809 1734 θ.
1824 1679 1917 1734 Rom:
1968 1738 1972 1748 ¹

266 1784 342 1834 rpore
370 1768 476 1821 Christi
497 1783 553 1835 per
575 1769 663 1835 ficiem
685 1768 776 1820 vivam
792 1768 900 1836 fuerit,
932 1768 1005 1820 mitti
1030 1769 1059 1819 in
1083 1767 1278 1821 illudentem
1297 1769 1436 1821 interdum
1455 1769 1575 1831 accidit,
1600 1776 1630 1820 nt
1652 1786 1708 1821 non
1725 1767 1837 1836 quidem
1852 1783 1917 1836 per·

266 1869 316 1905 sem
333 1861 493 1920 aeternum3
514 1861 544 1906 at
561 1852 610 1907 ubi
630 1853 681 1907 hoc
705 1852 901 1908 Chemnicius‘i
929 1854 1058 1923 nuspiam
1085 1862 1196 1906 maneat
1217 1855 1279 1922 quis
1298 1855 1328 1907 in
1343 1863 1476 1923 peccato,
1507 1856 1560 1908 sesi
1582 1872 1643 1907 eum
1662 1852 1792 1921 desierit,
1818 1868 1917 1906 rursus

266 1937 280 1991 i
304 1937 333 1991 in
360 1938 527 1992 Bellarmini
552 1939 686 2007 cerebro.)
730 1939 870 1996 ”Macen
890 1946 939 2007 24,
961 1958 987 1996 v.
1014 1946 1058 1996 11:
1084 1941 1183 1992 redeat
1209 1942 1250 1992 ια
1270 1940 1401 1993 vomitum
1425 1948 1451 1993 et
1469 1940 1521 2005 fiat
1544 1940 1768 2007 infelicissimus,
1797 1946 1828 1991 ut
1851 1944 1918 2005 post

266 2025 316 2077 'siti
334 2027 601 2094 pseudoprophetae
623 2035 738 2094 surqent
762 2035 786 2079 st
810 2029 942 2080 seducent
958 2026 1058 2082 mullos
1086 2027 1234 2094 depulsum
1252 2044 1271 2079 a
1287 2041 1316 2080 ss
1335 2044 1450 2093 reqnum
1465 2028 1577 2096 peccati
1596 2035 1622 2080 ιι
1639 2027 1737 2082 mortis
1760 2033 1786 2078 ιι
1802 2041 1917 2094 reqnum

270 2112 336 2180 quta
356 2112 512 2165 abundabit
530 2113 672 2181 iniquitat,
690 2113 855 2181 refrigescet
869 2114 976 2166 carias
990 2115 1058 2168 mul·
1085 2113 1158 2165 vitae
1170 2113 1356 2181 iustitiaeque
1375 2121 1546 2182 succeptum,
1565 2114 1665 2167 ιἰιηίιι
1683 2129 1713 2166 ιι
1731 2111 1920 2166 dominationi

266 2216 329 2267 um,
358 2200 409 2266 qui
435 2208 526 2252 autem
545 2202 767 2269 perseveraverit
790 2216 877 2270 nsque
903 2203 944 2254 ad
961 2202 1057 2270 finem,
1081 2199 1196 2269 peccati
1220 2198 1379 2251 substernat
1407 2207 1432 2252 st
1461 2199 1567 2252 mortae.
1603 2201 1643 2253 Et
1667 2200 1724 2252 ιἰια
1741 2204 1819 2265 sunt,
1846 2212 1918 2267 quas

266 2284 318 2337 ivus
337 2286 404 2353 ers't,
423 2286 498 2355 quod
514 2302 653 2356 exponam
671 2286 775 2340 Paulus
795 2292 816 2340 l.
836 2286 907 2340 lim.
928 2292 959 2355 4,
979 2305 1003 2342 v.
1026 2295 1055 2343 1:
1084 2285 1241 2351 naufraqia
1261 2285 1337 2352 fidei
1362 2284 1490 2354 appellat
1514 2285 1705 2352 apostolus.**
1743 2285 1870 2339 Piscator
1887 2282 1916 2336 in

282 2371 441 2423 aovbsimis
460 2372 569 2434 diebus,
591 2372 693 2441 inquit,
712 2373 795 2424 muln
813 2371 1019 2443 ἀποστήσονται
1038 2392 1057 2425 a
1084 2387 1182 2427 comm.
1200 2369 1312 2440 excipit,
1331 2370 1454 2437 isnelliqi
1466 2371 1653 2441 naufragium
1666 2372 1744 2424 cirea
1757 2370 1917 2423 caeninam

266 2458 288 2514 ι.
320 2455 514 2527 Refrigesccrs
543 2472 608 2511 rsro
637 2465 665 2511 et
698 2457 841 2513 discedere
870 2458 981 2515 finalem
1011 2459 1056 2513 hic
1078 2458 1168 2526 fidei,-
1196 2464 1227 2511 ιι
1252 2473 1304 2511 ιιι
1329 2456 1394 2510 huic
1420 2454 1495 2511 bona
1523 2456 1693 2512 conscientia
1717 2461 1851 2529 perpetuo
1875 2460 1918 2510 est

266 2543 391 2595 oetasiam
415 2542 584 2613 significant,
609 2550 788 2614 opponuntur
811 2546 883 2599 enirn
900 2544 977 2599 finali
995 2562 1056 2616 per·
1083 2543 1246 2613 conjuncta,
1270 2544 1330 2613 jam
1349 2558 1414 2598 vero
1431 2544 1571 2613 apostolus
1588 2542 1671 2598 iidem
1689 2548 1717 2598 et
1734 2541 1834 2597 bonam
1853 2558 1916 2596 con·

266 2629 408 2694 rorantiae,
425 2629 563 2699 quomodo
579 2630 740 2701 refrigescet
758 2632 873 2697 caritas,
892 2647 964 2702 quas
983 2630 1055 2684 culo·
1082 2629 1225 2684 scientiam
1246 2630 1397 2701 conjungit.
1433 2630 1509 2684 Besa
1528 2630 1639 2701 excipit,
1658 2630 1776 2700 differre
1794 2631 1915 2693 naufra-

266 2715 416 2786 nSpiritns
436 2716 525 2770 saneti
547 2732 689 2787 nunquam
708 2716 814 2780 habuit,
831 2718 886 2770 imo
904 2733 975 2788 quae
988 2733 1055 2770 nun·
1081 2718 1156 2784 pium
1173 2735 1191 2769 a
1210 2718 1370 2784 submerso,·
1389 2734 1422 2771 sa
1439 2718 1594 2784 naufragio
1615 2717 1701 2784 iqitsn⁸
1718 2718 1842 2770 nondum
1857 2716 1914 2769 eol·

266 2818 306 2855 am
331 2801 406 2856 fuit?
439 2801 581 2865 Quomodo
608 2803 791 2857 discedente
814 2803 883 2872 fide,
910 2804 947 2857 ad
971 2818 1055 2873 quam
1081 2802 1135 2871 liqi
1151 2800 1374 2856 submersionem.
1402 2802 1490 2874 Atqui
1502 2802 1628 2873 apostolo
1640 2800 1708 2857 haec
1720 2800 1785 2865 duo,
1797 2801 1915 2857 retinere

266 2904 364 2960 nquam
391 2896 579 2954 accesssmnt,
606 2889 635 2941 in
661 2907 718 2960 qua
738 2907 880 2961 nunquam
899 2888 1053 2945 steterunt?
1081 2887 1164 2942 fidem
1182 2895 1210 2943 ιι
1227 2888 1319 2944 facere
1336 2888 1514 2961 naufragium
1526 2887 1592 2943 fidei
1610 2894 1676 2943 sunt
1686 2887 1823 2959 opposita,
1842 2903 1915 2960 quae

266 2981 278 3028 t
302 2974 440 3046 quomodo
466 2992 521 3029 non
548 2990 614 3027 vera
637 2974 707 3029 fides
731 2975 798 3041 fuit,
829 2992 912 3047 quarn
930 2975 1053 3031 caritatis
1081 2974 1163 3028 simul
1193 2976 1343 3030 consistere
1373 2991 1429 3029 non
1459 2982 1584 3045 possunt.
1619 2974 1697 3045 Ergo
1723 2990 1836 3030 neeesse
1863 2984 1913 3044 est,

266 3058 304 3115 ulo
329 3059 496 3131 praescribit
521 3059 655 3124 salrator,
683 3060 698 3127 ἡ
724 3061 763 3114 δι’
792 3061 901 3132 ἀγάπης
925 3063 1055 3135 lvspyou-
1081 3059 1259 3132 naufragium
1281 3059 1347 3116 fidei
1366 3076 1462 3132 passos
1485 3078 1541 3116 nou
1565 3061 1682 3115 renuere
1699 3060 1797 3129 fidem,
1822 3065 1851 3115 et
1868 3075 1915 3114 eos

266 3150 345 3216 W*
382 3153 404 3202 1.
425 3146 487 3202 Cor.
506 3152 531 3217 9,
547 3165 573 3201 v.
594 3153 641 3203 21:
661 3150 774 3216 Castiqo
794 3167 895 3218 corpus
908 3167 1005 3218 nisum,
1023 3167 1056 3203 ne
1083 3148 1131 3219 qui
1159 3146 1243 3203 fidem
1262 3148 1403 3216 retinent,
1431 3166 1487 3203 non
1516 3147 1609 3202 facere
1635 3146 1701 3201 fidei
1729 3146 1914 3217 naufragium.

266 3236 295 3287 iis
311 3234 512 3303 praedicando
529 3234 590 3302 ipse
608 3235 725 3307 efficior*
738 3236 881 3303 reprobus.
917 3234 958 3304 (Si
977 3236 1057 3290 abso·
1082 3250 1108 3288 r.
1124 3239 1166 3289 20.
1185 3233 1253 3287 dicit
1270 3233 1420 3304 apostolus,
1439 3249 1470 3288 sc
1488 3233 1639 3305 naufragos
1656 3232 1740 3287 hosce
1759 3234 1915 3288 tradidisse

266 3320 427 3391 iaqnadam
447 3319 612 3373 necestitate
631 3319 736 3374 Paulus
758 3339 813 3376 non
835 3321 972 3391 potuisset
997 3320 1056 3377 fieri
1085 3320 1224 3384 Satanas,
1252 3336 1286 3373 ac
1312 3320 1441 3374 dicuntur
1464 3320 1494 3374 in
1516 3319 1571 3374 illis
1588 3318 1674 3374 fuisse
1690 3320 1868 3388 Hymenaeus
1888 3327 1915 3373 et

266 3406 365 3475 probus,
383 3423 417 3461 ac
439 3405 522 3459 fidem
542 3404 691 3460 salvificam
708 3406 842 3471 amittere,
861 3424 947 3478 quare
959 3408 988 3461 in
1000 3425 1056 3463 ser·
1082 3407 1256 3463 Alexander.
1291 3406 1336 3462 De
1353 3406 1517 3477 Hymenaeo
1535 3411 1559 3462 2.
1571 3404 1642 3460 Tim.
1659 3408 1684 3469 2,
1703 3421 1730 3460 r.
1747 3409 1785 3461 1⁸.
1806 3404 1915 3471 dicitur,

266 3498 337 3548 ntem
361 3494 502 3564 redigeret
524 3510 604 3546 suum
623 3494 741 3564 corpus?
773 3494 961 3560 ”Quomodo
974 3494 1057 3566 justi·
1083 3494 1159 3562 quod
1181 3512 1201 3546 a
1223 3496 1342 3548 ιιιίιαιι
1359 3496 1493 3549 exciderit
1512 3502 1538 3548 st
1556 3497 1734 3563 quomndam
1749 3494 1835 3558 sidem
1853 3492 1916 3546 ssib-

266 3586 321 3633 utus
343 3596 400 3634 non
423 3578 490 3647 fuit,
516 3579 540 3632 si
564 3578 618 3632 fuit
636 3578 666 3633 in
683 3578 812 3636 Christo?
844 3581 981 3652 quomodo
999 3598 1056 3635 non
1081 3582 1212 3650 verterit,·
1247 3582 1283 3635 ds
1317 3580 1477 3636 Alexandm
1505 3580 1606 3635 dicitnr
1630 3584 1654 3636 ι.
1673 3577 1745 3634 Tim
1770 3585 1800 3648 4,
1824 3597 1850 3635 r.
1872 3585 1913 3637 14.

266 3665 353 3730 edidit,
382 3666 406 3719 si
432 3665 487 3720 fuit
513 3665 622 3721 Christo
647 3666 859 3737 incorporatus?
886 3685 942 3737 per
967 3669 1055 3736 fidem
1081 3667 1159 3736 quod
1184 3667 1272 3720 multo
1298 3667 1377 3721 mala
1403 3666 1497 3720 Paulo
1524 3666 1693 3734 ostenderit,
1724 3681 1779 3736 qno
1802 3666 1913 3722 nomine

266 3753 299 3805 tiss
312 3754 526 3823 incorporamur
546 3751 657 3805 Christo
676 3752 756 3806 Rom
775 3760 814 3809 ii.
843 3752 1055 3824 Chrysostomus
1081 3753 1222 3823 apostolus
1240 3753 1266 3808 ci
1285 3753 1459 3824 imprecatur,
1480 3754 1805 3823 utrecipiatseeundum
1818 3770 1915 3823 opera,

266 3838 365 3894 amco:
384 3844 556 3909 inpulisset,
575 3836 650 3892 soir'
672 3838 755 3901 ioris,
776 3844 803 3892 ει
815 3859 840 3893 u
852 3839 907 3909 ειχε
918 3844 964 3907 της
976 3842 1054 3915 ῥίζης,
1081 3856 1114 3894 ιι
1137 3857 1200 3895 curn
1224 3856 1242 3894 a
1264 3838 1411 3894 Timotheo
1427 3839 1510 3893 vitari
1528 3838 1649 3894 mandat.
1685 3838 1829 3906 Quomodo
1847 3855 1914 3911 ergo

266 3932 398 3992 ιιιίιιται,
420 3932 517 3981 slusa
529 3930 577 3979 sal
593 3927 659 3991 ζωῆς
671 3924 766 3998 χάριν,
786 3930 942 3999 γυμνοῦται
960 3926 1056 3994 ταύτης
1081 3944 1136 3981 ιιι
1153 3925 1259 3980 fuerint
1275 3925 1359 3995 plane
1379 3924 1527 3996 desperati,
1546 3942 1615 3996 quos
1634 3925 1776 3996 apostolus
1790 3924 1914 3989 devovet,

266 4013 437 4086 ιιίρημοῡιαι
453 4017 499 4079 της
514 4013 622 4066 ἐκεῖθεν
632 4019 770 4081 βοηθείας.
806 4011 836 4067 Si
860 4029 927 4083 ergo
949 4014 1055 4083 palmes
1081 4029 1197 4083 quorum
1215 4011 1382 4065 consortium
1400 4010 1489 4065 vitare
1509 4011 1605 4082 jubet,
1631 4011 1679 4083 qui
1697 4011 1812 4066 aliorum
1830 4010 1913 4065 fidem

266 4096 293 4160 it,
315 4099 409 4169 ntique
429 4099 513 4154 etiam
530 4099 559 4151 in
578 4097 633 4152 vite
651 4097 712 4153 fuit.
748 4099 923 4169 Augustinus
944 4105 1053 4155 mactat.
1080 4098 1194 4169 insuper
1223 4096 1409 4152 subvertunt?
1444 4096 1526 4152 Adde
1555 4098 1629 4168 quod
1661 4096 1773 4152 differat
1800 4097 1912 4168 quidem

266 4184 313 4239 lin
327 4185 406 4240 loh.:
439 4185 525 4237 Unius
544 4192 661 4237 naturae
680 4192 744 4237 sarit
758 4186 869 4254 palmes
887 4194 912 4238 et
931 4187 1054 4253 vitis.)**
1080 4184 1233 4255 naufragus
1258 4182 1296 4238 ab
1322 4199 1373 4247 eo,
1399 4182 1447 4254 qui
1470 4182 1581 4253 penitus
1607 4184 1667 4254 jam
1691 4180 1852 4238 'submersus
1871 4182 1911 4237 in-

266 4269 316 4326 sisa
334 4280 357 4342 5,
374 4289 400 4328 v.
420 4278 452 4327 ιι
473 4272 614 4325 hamati
634 4273 699 4325 estis
717 4289 736 4324 a
756 4273 876 4342 Christo,
894 4274 983 4347 quiin
994 4273 1054 4342 leqe
1080 4270 1169 4339 teriit3
1199 4270 1310 4326 interim
1340 4270 1473 4341 quamdiu
1499 4275 1542 4325 est
1570 4276 1599 4326 ιι
1626 4277 1720 4326 manet
1748 4269 1910 4341 naufragus,

266 4359 423 4423 uiiromini,
442 4376 462 4411 a
478 4360 574 4426 patin
591 4358 734 4411 eseids'stis
749 4357 810 4429 (qui
828 4375 895 4429 crgo
914 4357 970 4415 fide
989 4366 1054 4413 sunt
1079 4355 1261 4412 submersioni
1284 4356 1395 4411 omnino
1413 4362 1456 4411 est
1475 4356 1636 4427 proximus.)
1671 4355 1759 4412 Hebr.
1778 4362 1809 4426 6,
1835 4373 1859 4411 v.
1879 4361 1910 4411 ιι
1925 4360 1987 4404 vm.
2001 4360 2045 4405 ιιι.

266 4442 383 4500 iturine
407 4450 437 4499 et
459 4442 488 4499 in
512 4444 618 4516 gratim
648 4451 765 4515 ροιιιιιι
783 4444 884 4501 iterum
909 4445 1052 4501 aOhristo
1079 4444 1258 4514 Impossibile
1277 4451 1384 4510 esteos,
1401 4444 1452 4513 qui
1467 4444 1627 4497 semelsunt
1639 4442 1799 4512 maminoti,
1817 4453 1912 4514 qsssta·

266 4534 350 4588 mari
377 4538 406 4588 st
430 4548 449 4586 a
473 4531 564 4604 matie
591 4531 735 4600 excidere).
781 4538 803 4587 l.
827 4531 897 4588 Tim.
925 4538 952 4601 l,
979 4551 1004 4588 r.
1024 4540 1054 4589 5:
1079 4538 1178 4585 verunt
1209 4531 1295 4583 etiarn
1323 4532 1427 4583 donum
1456 4529 1572 4584 coeleste
1602 4538 1627 4583 st
1653 4531 1813 4600 participes
1838 4531 1915 4594 sacti

266 4616 308 4671 'iss's
330 4621 478 4690 praecepti
497 4628 536 4672 est
561 4619 666 4671 caritas
690 4620 725 4671 αι
743 4619 829 4671 corde
847 4637 924 4688 puro
944 4627 971 4673 et
991 4638 1055 4674 eon·
1079 4625 1143 4670 sunt
1162 4616 1288 4686 Spiritus
1304 4616 1411 4684 saneti,·
1438 4634 1463 4671 v.
1484 4622 1514 4670 5:
1534 4624 1714 4686 partaverunt
1730 4617 1912 4671 amilominus

266 4705 337 4758 tatia
355 4706 428 4759 bona
448 4706 546 4771 etfids
565 4722 621 4757 non
634 4706 722 4774 fiota;
742 4722 767 4759 v.
787 4711 818 4759 ιι
838 4722 857 4758 a
875 4706 974 4774 quibus
994 4708 1054 4775 qui·
1081 4705 1180 4758 bonum
1214 4702 1274 4757 Dei
1305 4703 1435 4772 verbum,
1470 4702 1640 4771 virtutesque
1669 4704 1759 4757 emuli
1784 4705 1912 4774 venturi,-

266 4807 295 4844 ιιι
326 4794 491 4846 aberrantes
528 4792 654 4845 concessi
686 4799 751 4844 sunt
785 4791 814 4844 in
854 4794 1053 4863 vaniloquium.
1080 4808 1106 4846 v.
1125 4796 1154 4846 ιε
1183 4799 1208 4844 ιι
1230 4790 1366 4860 prolapsi
1386 4797 1465 4858 sunt,
1488 4808 1588 4843 rursus
1605 4792 1739 4844 renovari
1756 4792 1797 4844 ad
1815 4792 1914 4860 poeni·

266 4874 358 4933 butor
373 4878 404 4932 in
421 4895 519 4933 comm.
538 4877 654 4947 excipit,
677 4880 838 4932 vertendum
858 4895 929 4950 esse,
956 4900 975 4934 a
995 4882 1055 4949 qui·
1080 4877 1194 4931 tentiam
1215 4877 1517 4945 iteramorueifipentes
1529 4876 1638 4931 abimet
1651 4877 1722 4946 s'qrsis
1734 4878 1842 4933 lilium
1855 4878 1915 4932 Dei

266 4967 425 5021 usonnulli
444 4973 475 5019 ut
495 4982 579 5035 scopo
598 4965 774 5033 aberrantes,
801 4966 831 5017 in
851 4966 961 5020 Graeco
980 4968 1054 5021 enim
1080 4971 1107 5016 et
1125 4964 1245 5018 ostentui
1264 4979 1326 5017 eum
1346 4963 1485 5019 baberstes.
1524 4979 1547 5017 c.
1570 4968 1614 5028 10,
1630 4979 1656 5017 v.
1677 4968 1734 5039 26ιΥ
1750 4964 1914 5019 Voluntaria

266 5069 287 5105 ss
300 5052 506 5124 ἇσιαχήιαιιες.
541 5052 581 5106 At
603 5051 723 5106 nondum
744 5050 930 5106 labefactatur
951 5053 991 5106 ris
1011 5070 1053 5107 ar·
1077 5049 1257 5120 peccantibus
1283 5050 1363 5104 nobis
1384 5056 1452 5119 post
1479 5058 1624 5119 acceptam
1640 5050 1771 5104 notitiam
1788 5051 1914 5105 veritatis

266 5141 344 5195 menti
372 5139 468 5194 nostri.
503 5137 653 5194 Debebant
677 5137 787 5192 omnino
812 5137 865 5202 illi,
892 5137 927 5193 de
952 5139 1052 5210 quibus
1074 5138 1140 5207 jam
1166 5154 1222 5191 non
1248 5137 1417 5205 relinquitur
1443 5136 1538 5189 boetia
1561 5152 1618 5206 pro
1642 5139 1786 5208 pervelm
1817 5156 1841 5196 v.
1863 5143 1914 5193 27:

266 5228 361 5281 anolus
376 5225 515 5297 loquitur,
541 5225 610 5279 haec
627 5232 760 5297 tanquam
778 5241 892 5295 scopum
914 5226 1052 5296 quendam
1079 5223 1218 5277 terribilis
1236 5231 1328 5275 autem
1348 5225 1488 5291 quaedam
1503 5224 1672 5291 empectotio
1682 5223 1794 5291 judicii
1802 5232 1831 5277 et
1841 5224 1914 5292 ignis

266 5311 381 5369 iunice
405 5310 559 5382 praefixum
581 5310 699 5379 habere;
728 5311 802 5382 quod
826 5328 890 5364 cum
909 5327 963 5364 non
981 5310 1052 5366 fece
1080 5311 1243 5365 aemulatio.
1277 5308 1345 5378 (Ubi
1376 5316 1506 5363 accurate
1537 5308 1661 5364 notanda
1688 5315 1717 5365 ct
1743 5311 1861 5382 subjecti
1887 5318 1915 5366 ιι

266 5400 454 5469 ammarum
472 5396 557 5452 fidem
575 5404 603 5452 ct
623 5398 722 5452 bonam
742 5396 951 5464 conscientiam,
969 5415 1052 5469 quam
1079 5396 1234 5469 praedicati
1249 5394 1404 5464 descriptio.
1429 5394 1594 5466 Snbjsctnm
1614 5404 1678 5452 sunt
1688 5395 1847 5465 illuminati,
1866 5396 1913 5468 qui

267 5502 295 5539 us
326 5485 504 5551 habuerunt)
539 5483 572 5537 Ιι
600 5482 695 5538 codem
724 5498 785 5552 esp.
813 5501 837 5537 r.
865 5487 910 5538 18:
944 5484 1054 5537 Milites
1080 5482 1206 5539 notitiam
1229 5481 1352 5535 veritatis
1375 5487 1557 5551 acceperunt,
1585 5482 1633 5553 qni
1660 5488 1845 5555 gustaverunt
1865 5483 1914 5538 bo·

266 5592 321 5627 sam
345 5572 485 5626 maiitiam.
523 5589 548 5625 v.
578 5577 624 5626 19:
651 5570 771 5624 retinens
794 5571 878 5634 tidem
904 5578 929 5622 et
954 5571 1054 5623 bonam
1079 5587 1146 5623 num
1162 5569 1216 5623 Dei
1233 5567 1348 5623 verbum
1365 5573 1394 5622 ιι
1411 5569 1526 5624 virtutes
1543 5569 1653 5624 venturi
1670 5569 1765 5637 seculi,
1784 5571 1831 5640 qui
1850 5588 1913 5641 par·

266 5662 431 5728 seientiam,
458 5675 541 5727 quam
559 5658 671 5727 quidem
687 5656 851 5725 repellentes
869 5656 945 5709 eirea
964 5659 1054 5726 fidem
1079 5657 1177 5727 ticipcs
1196 5654 1316 5725 Spiritus
1338 5654 1428 5710 sancti
1452 5655 1519 5710 facti
1538 5663 1610 5712 sunt.
1646 5655 1842 5712 Praedicatum
1863 5664 1914 5728 cst,

266 5750 403 5816 ssraqium
427 5746 565 5811 secernunt.
606 5743 759 5811 (Quomodo
785 5742 960 5813 naufragium
984 5743 1051 5799 fidei
1080 5743 1154 5815 quod
1171 5741 1241 5797 tales
1260 5758 1292 5796 eo
1310 5740 1418 5812 prolabi
1435 5741 1550 5812 possint,
1571 5747 1603 5795 ut
1613 5740 1716 5795 Filium
1729 5741 1783 5797 Dei
1801 5743 1914 5799 sibimet

266 5841 351 5903 nunt,
386 5831 433 5904 qui
463 5830 492 5884 in
514 5831 578 5885 navi
600 5845 742 5900 nunquam
766 5827 899 5883 sumunt?
937 5828 1048 5902 Excipit
1063 5886 1066 5909 3
1079 5830 1146 5901 ipsis
1170 5826 1337 5899 crucifigant
1358 5836 1386 5881 et
1406 5827 1526 5883 ostentui
1548 5827 1683 5895 habesnt3
1712 5829 1838 5901 adeoque
1860 5832 1912 5885 im·

266 5921 350 5991 nina,
380 5920 431 5992 aqi
459 5919 505 5973 lis
529 5918 565 5972 αι
588 5918 651 5987 fide
677 5914 863 5985 lippooritioa.
897 5915 938 5971 At
962 5931 1048 5988 quam
1063 5914 1210 5989 {possibile
1232 5914 1280 5982 sit,
1308 5930 1355 5970 sos
1378 5912 1415 5968 ad
1434 5912 1632 6000 poenitentiam
1648 5913 1749 5972 iterum
1767 5917 1915 5985 renovari3
