4800 6659
402 648 463 705 alo
1065 636 1190 697 LOCUS
1209 635 1416 696 VICESOEUS

400 795 551 862 integrare.
593 794 816 866 Respondemus:
841 794 1011 851 ostendimus
1036 794 1161 866 superius
1192 794 1234 848 iu·
1261 791 1329 861 quio
1346 792 1542 862 apostolieae
1561 794 1740 863 baptizarunt
1757 792 1789 846 ia
1805 791 1917 846 sordue
1939 792 2102 862 Trium,

400 880 482 935 victis
505 881 690 952 argumentis,
719 881 888 952 baptismum
906 881 1042 938 ,Iohannis
1065 898 1121 936 non
1148 880 1235 936 fuisse
1261 880 1365 932 sedin
1393 881 1504 933 nomiae
1522 879 1630 933 Christi
1646 881 1710 936 Aet.
1730 882 1767 947 2,
1786 900 1811 934 o.
1831 883 1876 935 38.
1906 883 2103 949 o.10‚o.s8.

402 966 506 1020 nudam
523 968 664 1037 quandam
683 974 824 1023 externam
844 968 1042 1036 ceremoniam,
1068 968 1118 1025 sed
1135 966 1235 1023 efficax
1262 973 1288 1018 et
1307 964 1418 1020 Paulus
1438 974 1539 1035 nepot,
1567 983 1598 1019 se
1618 966 1733 1019 missam
1753 982 1812 1020 esre
1830 968 1872 1019 od
1889 967 2103 1037 baptizandam.

402 1052 522 1107 medium
532 1054 759 1125 regenerationis,
771 1055 938 1110 remissionis
946 1060 1132 1126 peccatorum,
1143 1057 1235 1108 visas·
1261 1051 1485 1121 Respondemus:
1504 1051 1574 1107 haec
1591 1052 1717 1121 exceptio
1735 1052 1808 1108 tollit
1821 1052 1949 1123 priorem.
1980 1053 2011 1108 Si
2028 1054 2103 1109 enim

401 1145 463 1200 σίας
482 1146 509 1194 st
527 1139 601 1195 vitae
620 1147 758 1196 aeternae.
800 1141 873 1206 Quid
893 1141 928 1197 de
947 1140 1077 1213 analogia
1095 1140 1236 1212 significa·
1263 1138 1424 1192 mandatum
1445 1135 1548 1190 Christi
1572 1137 1608 1192 ds
1632 1137 1770 1209 baptismo
1796 1138 1938 1194 doctrines
1964 1139 2103 1210 accipien-

399 1224 457 1279 tiva
486 1225 617 1296 baptismi
647 1227 829 1282 statuendum
861 1228 911 1297 sit,
949 1227 1033 1297 paulo
1060 1233 1124 1298 post
1150 1243 1235 1298 appa·
1262 1223 1341 1286 dum,
1371 1223 1469 1294 utique
1495 1240 1551 1277 ¹1⁰ss
1579 1224 1668 1278 Solum
1691 1223 1727 1277 ad
1753 1229 1880 1295 temPOrt
1904 1225 2103 1296 apostolorum,

399 1310 479 1367 rebit.
503 1314 718 1367 abrandarum
735 1314 872 1383 apostolia
891 1315 990 1367 dotum
1008 1322 1115 1382 spectat
1131 1316 1234 1369 solum·
1261 1309 1311 1364 sed
1329 1307 1365 1363 ad
1379 1326 1473 1363 omues
1491 1304 1614 1362 omnium
1631 1315 1787 1380 temporum
1807 1317 1904 1382 gentes
1922 1311 2103 1366 referendum

397 1399 481 1451 modo
495 1404 621 1468 temporo
638 1399 838 1468 apostoloram.
864 1400 1089 1470 Respondemus:
1108 1399 1234 1455 Christus
1261 1394 1321 1450 erit.
1360 1395 1517 1465 Utrumque
1536 1394 1660 1451 Christus
1683 1396 1766 1467 jubat
1790 1402 1819 1452 et
1846 1398 1947 1451 docere
1964 1403 1994 1452 et
2010 1396 2103 1469 bapti·

398 1483 497 1539 docere
521 1490 549 1539 et
576 1485 721 1556 baptizare
743 1486 847 1557 jubens
870 1503 963 1541 omnes
991 1493 1089 1558 gentes
1106 1487 1234 1552 ostendit,
1261 1496 1324 1534 zare
1342 1498 1437 1536 omues
1456 1486 1562 1552 gentes.
1600 1480 1676 1552 E1go
1693 1498 1749 1536 uou
1767 1482 1804 1536 ds
1821 1482 1879 1537 solo
1893 1482 2034 1554 baptismo
2054 1485 2102 1539 do·

397 1569 488 1626 Deum
502 1588 590 1642 usque
602 1571 638 1626 ad
650 1571 732 1628 finem
744 1573 840 1628 muudi
854 1590 887 1628 ex
900 1571 1029 1627 omnibus
1041 1573 1171 1644 gentibus
1183 1590 1234 1643 per
1260 1567 1374 1631 ctrinae,
1394 1567 1539 1623 sedetiam
1557 1584 1655 1639 aquae,
1674 1567 1727 1623 hoc
1747 1575 1789 1624 est
1806 1569 1842 1623 de
1860 1569 1947 1625 verbo
1963 1578 1993 1625 et
2010 1588 2103 1626 sacra·

398 1656 633 1727 praedicationem
659 1657 737 1711 verbi
762 1663 790 1715 et
816 1658 947 1729 baptismi
966 1658 1233 1713 administrationem
1260 1660 1364 1721 mento,
1392 1654 1427 1708 de
1448 1653 1630 1725 promissione
1658 1660 1687 1708 et
1704 1654 1796 1726 sigillo
1814 1656 1883 1727 agit.
1923 1657 1978 1720 Qui
1997 1656 2103 1714 debent
2131 1677 2135 1688 ¹

398 1743 453 1798 sibi
479 1742 658 1798 collecturum
686 1744 839 1799 ecclesiam.
878 1745 924 1799 Sic
942 1762 1008 1816 ergo
1026 1744 1232 1800 concludimus:
1259 1738 1319 1795 lieri
1338 1740 1469 1811 discipuli
1486 1739 1603 1809 Christi,
1622 1740 1727 1796 debent
1747 1742 1831 1797 etiam
1851 1742 2004 1812 baptizari:
2028 1743 2102 1800 ratio

399 1826 571 1901 Quocunque
601 1835 725 1900 tempore
754 1831 782 1884 in
808 1831 843 1887 N.
870 1830 903 1884 Τ.
929 1830 1057 1884 vixerunt
1084 1835 1112 1884 et
1138 1829 1234 1884 virent
1260 1831 1310 1889 est,
1329 1825 1533 1897 quiaChrietus
1546 1833 1695 1898 utrumque
1706 1829 1843 1899 praecipit
1859 1828 2003 1900 apostolis.
2033 1829 2101 1887 Jam

399 1921 508 1985 gentes,
535 1915 632 1971 eodem
656 1916 740 1971 etiam
765 1916 849 1972 debet
865 1915 1050 1971 administrari
1070 1915 1233 1985 baptismus.
1259 1928 1325 1967 vero
1352 1928 1386 1966 ex
1414 1911 1542 1968 omuibus
1568 1913 1700 1985 gentibus
1725 1914 1877 1986 colligendi
1897 1924 1963 1971 sunt
1978 1916 2100 1992 ¹Christo

399 2000 482 2055 Ratio
494 2006 545 2070 est,
557 2001 623 2071 quia
634 2001 760 2058 Christus
771 2002 853 2072 jubet
865 2002 1008 2073 baptizare
1020 2019 1114 2058 omnes
1125 1999 1232 2072 gentes.
1260 1998 1398 2069 discipuli.
1416 1998 1539 2070 Ergo.**
1557 1998 1732 2056 lnmandato
1745 1999 1848 2056 Christi
1856 2001 1958 2059 Matth
1970 2007 2043 2069 28,r.
2057 2009 2099 2061 19.

399 2085 464 2142 Jam
490 2104 553 2142 vero
578 2104 633 2141 non
657 2087 746 2141 solum
763 2088 933 2158 temporibus
958 2089 1160 2158 apostolorum,
1183 2088 1233 2142 sed
1260 2084 1344 2138 Marc.
1367 2090 1444 2153 16,v.
1461 2091 1500 2140 to.
1520 2085 1634 2140 verbum
1656 2087 1794 2155 baptisato
1810 2087 1877 2142 item
1888 2089 2045 2157 baptisatus
2058 2089 2101 2145 ita

400 2178 430 2228 at
441 2172 622 2244 sequentibus
636 2181 668 2228 ut
678 2179 706 2229 et
714 2174 1051 2229 nostrisadnovissimum
1061 2192 1150 2244 nsque
1160 2175 1233 2230 diem
1260 2169 1379 2241 intelligi
1399 2176 1522 2241 oportet,
1547 2173 1781 2243 quemadmodum
1800 2174 1918 2244 apostoli
1934 2175 2101 2231 mandatum

400 2259 542 2328 vixerunt,
568 2260 666 2315 vivunt
688 2265 718 2316 et
736 2261 832 2315 vivent
848 2266 954 2333 gentes.
990 2261 1188 2317 ”Notandum
1210 2267 1233 2318 1.
1261 2257 1312 2311 hoc
1335 2257 1423 2312 secuti
1449 2257 1479 2311 in
1498 2258 1560 2328 ipsa
1584 2257 1663 2328 praxi
1680 2265 1882 2329 expresserunt
1925 2259 2015 2333 Atqui
2032 2279 2100 2332 apo·

400 2346 474 2417 quod
491 2345 616 2401 Christus
639 2354 703 2417 post
724 2348 952 2403 resurrectionem
976 2348 1005 2401 in
1028 2347 1121 2403 coelos
1139 2363 1234 2402 asceu-
1261 2342 1325 2398 stoli
1345 2342 1375 2397 in
1392 2343 1472 2414 praxi
1489 2350 1549 2399 tum
1567 2344 1730 2414 docuerumt,
1748 2351 1808 2399 tum
1826 2344 2007 2416 baptizarunt
2024 2364 2102 2420 aqua

399 2450 480 2487 surus
505 2431 693 2488 solennissime
714 2441 742 2487 et
759 2433 921 2504 gravissIme
939 2432 1010 2488 citra
1028 2433 1233 2488 determinatio·
1260 2430 1290 2484 iu
1308 2428 1418 2485 nomine
1434 2429 1490 2485 Dei
1507 2430 1613 2496 Patris,
1639 2430 1705 2485 Filii
1728 2437 1757 2485 et
1774 2431 1893 2502 Spiritus
1918 2451 1940 2489 s.
1957 2440 1992 2488 ut
2007 2442 2100 2491 osten·

399 2535 463 2573 nem
492 2525 583 2573 certae
607 2518 726 2590 aliquus
753 2519 906 2575 durationis
932 2518 1076 2589 discipulis
1102 2519 1233 2589 baptismi
1261 2515 1331 2570 dunt
1342 2515 1468 2586 exempla
1482 2514 1592 2570 inactis
1602 2522 1630 2571 et
1640 2515 1763 2586 epistolis
1773 2517 1960 2587 apostolorum
1970 2520 2100 2591 adeoque

400 2604 667 2660 administrationem
695 2605 832 2676 injungat.
872 2610 897 2660 2.
916 2605 1074 2660 Sommerus
1100 2605 1233 2675 disputat,
1259 2602 1289 2656 in
1315 2608 1375 2656 tota
1402 2602 1543 2672 primitiva
1567 2601 1686 2658 ecclesia
1708 2602 1784 2675 quod
1808 2602 1913 2658 fatetur
1934 2604 2099 2664 Ostorodus.

399 2693 476 2762 quod
503 2692 650 2746 Joaannee
675 2692 888 2762 praedicaverit
912 2692 1038 2745 Jedoeis
1066 2692 1233 2761 baptismam
1261 2688 1354 2754 Quare
1364 2686 1479 2743 verbum
1490 2688 1628 2757 baptisate
1641 2694 1671 2742 et
1680 2687 1839 2759 baptizatus
1853 2690 1928 2746 eoin
1941 2692 2004 2747 loco
2018 2699 2100 2750 notat

395 2776 594 2848 poenitentioe,
612 2785 642 2830 ut
655 2776 803 2831 instantem
814 2778 892 2831 urbis
913 2786 938 2831 et
952 2778 1074 2848 politiae
1090 2778 1234 2832 interitum
1260 2771 1392 2845 baptismi
1409 2773 1684 2832 administrationem.
1704 2774 1862 2848 Diligenter
1872 2776 1992 2832 observa
2003 2778 2099 2836 locum

400 2865 507 2917 esitare
524 2864 672 2918 discerent.
715 2863 830 2936 Atque
847 2862 902 2920 fine
922 2881 972 2919 seu
988 2865 1025 2919 ad
1042 2881 1112 2936 quas
1130 2881 1234 2935 poenas
1260 2861 1323 2916 Act
1344 2866 1368 2929 2,
1385 2878 1411 2917 v.
1430 2866 1471 2915 38.
1491 2859 1541 2915 ubi
1562 2858 1716 2929 baptismus
1734 2868 1763 2916 et
1790 2863 1962 2933 poenitentia
1979 2867 2099 2936 conjun-

400 2948 545 3005 evitsndss
571 2948 699 3004 omnibus
716 2948 833 3005 ethnicis
852 2948 977 3004 Christus
997 2950 1166 3020 baptismum
1183 2966 1235 3020 per
1260 2952 1377 3018 guntur,
1407 2952 1435 3002 et
1457 2944 1551 3017 praxis
1569 2945 1727 3002 immediate
1745 2948 1872 3019 subjecta
1895 2950 2035 3016 ostendit,
2063 2953 2099 3010 de

399 3034 538 3106 apostolos
563 3052 634 3089 novo
658 3040 686 3089 et
702 3033 835 3090 inusitato
857 3052 934 3091 more
951 3036 1113 3105 praedicare
1128 3036 1233 3107 jussit?
1259 3032 1397 3103 baptismo
1420 3048 1510 3103 aquae
1526 3032 1602 3103 loqui
1620 3034 1785 3103 apostolum.
1820 3034 1903 3089 Esset
1929 3040 2099 3109 roaroloyta

397 3120 461 3177 Nou
488 3126 581 3191 potest
613 3121 757 3177 ostendere
785 3127 875 3176 certas
906 3122 1040 3193 quasdam
1075 3124 1232 3193 corporales
1258 3120 1287 3173 in
1305 3118 1406 3174 Christi
1428 3118 1534 3187 verbis,
1561 3121 1708 3174 doctrinm
1732 3119 1806 3175 enim
1821 3121 1882 3191 jam
1906 3128 1971 3177 ante
1989 3123 2099 3181 fecerat

395 3223 513 3278 poenas,
540 3208 578 3261 ad
601 3223 671 3279 quas
696 3206 859 3262 devitandas
888 3206 1005 3262 ethnicis
1025 3207 1105 3262 initio
1122 3210 1232 3278 praedi-
1258 3203 1442 3272 mentionem,
1459 3220 1493 3258 ac
1512 3204 1628 3259 verbum
1644 3206 1810 3276 boptr'aandi
1825 3205 1952 3263 absolute
1970 3210 2096 3280 positum

394 3302 475 3349 cetus
500 3292 586 3349 fuerit
615 3293 777 3364 baptismus.
826 3299 850 3349 3.
877 3292 1035 3348 Summems
1064 3300 1231 3365 ostensurus,
1258 3292 1415 3366 significare
1439 3292 1630 3363 inscriptura
1654 3294 1822 3362 baptismum
1839 3295 2000 3366 doctrinae,
2024 3316 2095 3355 nun·

394 3379 661 3450 baptismumfuisse
681 3379 872 3450 praedicatum
890 3380 1021 3450 gentibus
1034 3381 1069 3435 ad
1085 3381 1230 3438 evitandas
1258 3396 1343 3451 quam
1367 3378 1641 3434 demonstrabunt*
1680 3379 1750 3445 Quis
1775 3397 1840 3436 vero
1863 3388 1907 3435 est
1929 3381 1978 3438 ille
2003 3383 2096 3456 bapti·

395 3482 500 3537 poenas
527 3464 684 3536 corporales
705 3463 792 3527 tales,
815 3464 916 3536 quibus
935 3464 1047 3521 iudaea
1059 3467 1157 3537 periit,
1181 3470 1230 3523 im·
1258 3484 1332 3522 smus
1352 3464 1516 3520 doctrinae?
1536 3465 1671 3522 Novimus
1687 3472 1777 3521 totum
1794 3465 1978 3524 ministerium
1990 3469 2096 3527 dohan-

394 3552 516 3623 prudens
536 3549 676 3605 delabitur
692 3550 728 3606 ad
747 3550 831 3617 illud,
855 3550 985 3621 gentibus
1003 3551 1135 3622 baptismi
1151 3571 1230 3625 pree·
1257 3552 1309 3621 nis,
1327 3551 1402 3621 quod
1414 3552 1443 3606 in
1461 3552 1587 3608 docendo
1605 3558 1634 3608 st
1649 3552 1820 3623 baptizando
1839 3562 2008 3623 occupatum
2026 3563 2094 3625 eret,

395 3635 561 3690 dicationem
580 3635 818 3691 contemnentibus
835 3636 1012 3692 denuntiatae
1029 3638 1116 3694 fuisse
1140 3646 1229 3697 aster-
1257 3636 1388 3709 baptismi
1414 3638 1527 3692 nomine
1546 3637 1681 3708 appellari
1700 3638 1763 3693 Act
1784 3643 1830 3702 18,
1857 3656 1883 3694 r.
1901 3645 1944 3695 25.
1987 3641 2045 3696 Sed
2061 3660 2095 3698 ex

394 3738 445 3775 nas
464 3737 578 3790 poenas,
594 3722 659 3777 Act
686 3728 725 3790 ll,
743 3740 770 3778 v.
790 3728 831 3779 ³1.
857 3723 898 3777 At
914 3724 983 3779 haec
1000 3731 1065 3779 sunt
1080 3724 1230 3780 doiorum.
1257 3741 1289 3779 eo
1312 3742 1368 3779 non
1396 3729 1489 3795 potest
1513 3722 1620 3794 colligi,
1649 3723 1788 3793 baptisma
1810 3742 1861 3795 pro
1886 3725 1947 3780 sola
1966 3727 2096 3786 doeens

395 3814 418 3862 4.
429 3806 559 3862 Remittit
575 3824 625 3863 nos
645 3808 681 3863 ad
695 3809 852 3863 testimonia
864 3807 1058 3865 historicorum
1066 3812 1101 3868 de
1112 3813 1230 3868 ethnicis
1257 3810 1384 3882 usurpari
1402 3826 1436 3865 ac
1451 3809 1570 3880 proinde
1587 3807 1756 3878 baptismum
1773 3810 1915 3866 doctrinae
1933 3814 2094 3886 excogitan·

394 3908 445 3964 per
463 3892 578 3963 famem,
603 3894 692 3962 belle,
715 3894 845 3950 incendia
867 3902 933 3950 tunc
951 3898 1084 3967 temporis
1101 3897 1142 3953 ita
1158 3899 1230 3953 affli·
1257 3897 1324 3951 dum
1342 3911 1415 3963 esse,
1444 3896 1512 3966 quin
1529 3895 1623 3966 potius
1643 3912 1661 3949 a
1683 3902 1762 3965 purte
1780 3913 1869 3968 eaque
1891 3900 1985 3955 sensui
2002 3903 2092 3975 magis

395 3979 455 4047 ctis,
473 3979 625 4033 sicuttunc
644 3979 824 4050 affligebatur
834 3981 951 4037 Judaea.
983 3984 1072 4054 Atqui
1092 3985 1229 4055 quaedam
1256 3983 1339 4038 obuia
1359 3987 1388 4038 et
1405 3987 1519 4052 propter
1545 3981 1695 4036 novitatem
1712 3984 1840 4039 miranda
1855 3983 1888 4038 lit
1904 3985 2092 4048 denominatio

394 4070 493 4135 gentes
516 4065 618 4136 impiae
643 4071 711 4120 tuuc
728 4067 860 4137 temporis
888 4069 941 4122 illis
957 4070 1053 4141 poenis
1073 4079 1230 4136 caruerunt,
1255 4070 1347 4126 totius.
1393 4067 1434 4123 Ut
1457 4084 1524 4139 ergo
1554 4066 1709 4136 baptismus
1731 4086 1822 4140 aquae
1846 4088 1902 4127 non
1926 4072 2092 4137 excluditur.

395 4151 532 4221 quaedam
560 4168 625 4206 vero
650 4152 734 4207 etiam
760 4154 825 4225 piae
849 4160 948 4227 gentes
976 4157 1031 4212 illis
1051 4157 1169 4214 affectae
1186 4158 1228 4213 fu·
1255 4157 1304 4211 sed
1330 4154 1498 4223 includitur,
1531 4154 1643 4224 quaudo
1669 4155 1807 4211 ,Iohannis
1833 4157 2017 4215 ministerium
2043 4161 2091 4219 be-

394 4242 486 4291 eruut.
531 4244 556 4295 5.
583 4236 728 4310 Scriptura
762 4239 846 4295 edum
878 4240 960 4296 linem
990 4241 1123 4314 baptismi
1149 4245 1229 4299 nobis
1255 4240 1349 4314 ptismi
1372 4239 1483 4296 nomine
1509 4239 1680 4310 appellatum
1704 4240 1745 4295 ita
1769 4260 1880 4315 quoque
1902 4245 1965 4315 pari
1984 4246 2092 4304 rationo

395 4329 531 4379 monstrat
550 4342 633 4397 quam
652 4325 880 4382 liberationema
906 4327 1002 4398 poenis
1022 4332 1229 4401 temporalibus.
1254 4327 1409 4400 baptismus
1432 4342 1522 4398 aquae
1545 4344 1601 4381 non
1625 4326 1769 4396 exclusus,
1793 4329 1843 4384 sed
1868 4330 1993 4386 inclusus
2013 4333 2093 4390 intel·

395 4409 464 4474 Quis
474 4405 553 4464 robis
561 4412 725 4467 monstravit
736 4414 835 4484 sugere
846 4414 882 4468 ab
893 4414 1080 4469 iraveutura?
1094 4416 1193 4475 Matth.
1205 4424 1229 4486 3,
1255 4414 1368 4487 ligitur,
1395 4413 1507 4486 quando
1523 4413 1657 4484 apostolis
1676 4414 1794 4469 docendi
1812 4421 1841 4470 et
1858 4416 2023 4487 baptizandi
2042 4420 2092 4475 mi·

394 4513 419 4550 v.
439 4502 462 4549 7.
488 4495 558 4551 haec
580 4496 622 4552 ira
645 4498 794 4569 opponitur
816 4499 984 4569 possessioni
1007 4501 1081 4557 vitae
1100 4509 1229 4559 aeternae
1255 4500 1398 4556 namnum
1416 4500 1632 4555 commendatur.
1668 4500 1813 4566 Quomodo
1835 4502 2028 4573 accipiendum
2048 4506 2092 4573 sit,

394 4581 458 4637 Joh.
476 4586 502 4650 3,
520 4599 545 4637 v.
566 4588 606 4638 36.
646 4590 668 4639 1.
687 4584 783 4641 Thess.
804 4591 835 4653 1,
863 4591 954 4641 v.10:
978 4585 1106 4641 Christus
1125 4589 1229 4645 libero·
1255 4587 1330 4658 quod
1342 4587 1371 4642 iu
1382 4586 1485 4642 Christi
1503 4586 1615 4642 nomine
1633 4587 1753 4657 apostoli
1772 4588 1902 4643 dicuntur
1923 4590 2092 4662 baptizasse,

394 4668 433 4722 uit
450 4684 501 4720 uos
518 4668 555 4721 ab
571 4669 618 4723 tra
635 4674 803 4725 vertisset*
839 4671 989 4726 Praeterea
1008 4672 1133 4728 Christus
1152 4693 1228 4731 man·
1255 4674 1410 4744 expositum
1437 4677 1480 4727 est
1502 4672 1628 4741 superius
1653 4670 1680 4747 ξ.
1705 4678 1747 4729 91.
1774 4690 1864 4744 quove
1894 4691 1979 4732 sensu
2005 4685 2091 4751 negot

285 4760 322 4800 lx
338 4758 381 4803 itt.
395 4752 461 4809 dato
488 4753 524 4809 de
542 4752 680 4824 baptismo
698 4756 889 4812 suavissimam
907 4757 987 4812 addit
1005 4759 1228 4827 promissionem:
1255 4759 1373 4829 Paulus,
1407 4776 1438 4815 se
1470 4759 1507 4812 ad
1535 4758 1734 4830 baptizandum
1758 4778 1818 4816 esse
1843 4762 1970 4833 missuum
1996 4763 2091 4821 docui·

394 4841 470 4895 Ecco
498 4858 549 4909 epo
567 4841 705 4894 oobtsozm
724 4861 785 4897 sum
802 4860 889 4913 esque
907 4846 948 4897 od
965 4849 1229 4903 consummationem
1256 4843 1428 4920 mus§.17.
1455 4844 1556 4914 object.
1576 4851 1600 4902 2.
1641 4845 1685 4900 Ac
1702 4845 1726 4899 si
1743 4846 1788 4900 rel
1811 4846 1930 4903 maxime
1948 4865 1983 4905 ex
2000 4849 2091 4923 hypo·

392 4928 495 4995 accdi,
520 4944 592 4997 quae
613 4927 757 4998 promissio
778 4947 841 4985 cum
858 4929 894 4985 sit
907 4931 1062 5002 generalis,
1089 4949 1146 4987 non
1163 4951 1229 5005 apo·
1254 4932 1325 4987 thesi
1342 4924 1517 4999 concedatur,
1536 4930 1688 5001 discipulos
1714 4932 1805 4987 solum
1822 4932 1891 4988 haec
1908 4934 1995 4991 verbo
2012 4954 2091 4993 usur·

393 5012 478 5066 stolos
505 5014 608 5083 solum,
635 5013 685 5068 ssd
712 5013 795 5069 etiam
818 5032 990 5088 successores
1014 5018 1137 5088 ipsorum
1162 5037 1228 5075 eon·
1254 5036 1348 5091 passe:
1374 5019 1511 5087 baptizate
1530 5019 1561 5071 in
1581 5018 1691 5071 noerius
1713 5018 1832 5088 Cereri,
1849 5021 1978 5087 juondum
1995 5028 2090 5080 umen

391 5115 522 5167 cernens,
554 5117 587 5154 er
613 5116 646 5154 eo
672 5098 783 5155 immote
812 5102 969 5173 colligitur,
1002 5104 1162 5159 mandatum
1191 5107 1227 5163 de
1253 5112 1427 5177 sequeretur,
1452 5104 1515 5158 illos
1538 5104 1597 5159 sine
1623 5120 1698 5174 aqua
1724 5103 1894 5174 baptizasse,
1919 5109 2089 5164 contrarium

392 5185 518 5239 docendo
545 5191 573 5240 et
598 5184 768 5255 baptizando
796 5186 891 5243 itidem
909 5205 969 5243 esse
986 5191 1114 5259 generale
1131 5208 1227 5247 omues
1253 5191 1326 5248 euim
1338 5191 1400 5262 ipsa
1411 5189 1503 5260 praxis
1521 5190 1550 5245 iu
1567 5189 1647 5245 Actis
1663 5190 1785 5245 ostendit
1804 5208 1828 5247 c.
1847 5195 1871 5255 8,
1891 5209 1917 5249 v.
1936 5198 1979 5249 38.
2000 5210 2024 5248 c.
2049 5198 2128 5264 1⁰,ss

392 5270 514 5326 omnium
541 5278 697 5341 temporum
724 5278 821 5349 gentes
845 5274 1037 5343 complectens.
1086 5276 1226 5332 Addimus
1252 5296 1277 5333 v.
1295 5283 1338 5332 47.
1373 5281 1398 5329 ὁ,
1413 5276 1524 5329 Mirum
1541 5276 1618 5339 foret
1636 5277 1779 5345 apostolor
1800 5285 1859 5331 tom
1871 5296 1971 5346 pauca
1990 5282 2027 5335 ds
2042 5283 2087 5336 bo·

392 5363 421 5412 et
448 5357 501 5416 hoc
527 5363 738 5428 argumentum:
776 5358 806 5413 si
833 5360 994 5414 mandatum
1024 5362 1059 5415 de
1087 5361 1226 5432 baptismo
1248 5363 1352 5432 ptismo
1374 5363 1509 5426 scritum,
1541 5361 1568 5413 si
1593 5370 1663 5414 esset
1690 5363 1747 5417 tale
1771 5379 1805 5415 ac
1824 5370 1920 5417 tostae
1937 5368 2087 5436 efficacias

391 5459 447 5497 nou
466 5449 539 5498 esset
556 5443 728 5512 universale,
752 5444 788 5497 ad
808 5444 899 5499 omnia
919 5448 1094 5517 temporali.
1114 5430 1468 5520 urps-lrarramsntm,
1490 5465 1552 5501 eom
1579 5447 1614 5501 de
1640 5449 1707 5502 aliie
1724 5448 1808 5518 leupo
1823 5450 1985 5523 minoribus,
2003 5463 2035 5509 ut
2052 5457 2087 5510 de

390 5535 481 5597 ctans,
514 5536 688 5600 sequeretur,
713 5531 835 5585 homines
853 5530 958 5603 absque
982 5534 1151 5590 adminiculo
1176 5536 1225 5591 ba·
1252 5535 1417 5590 educatione
1442 5535 1611 5604 liberorum,
1630 5537 1665 5589 ds
1686 5536 1784 5605 officio
1800 5554 1944 5591 sorvorum
1959 5547 2009 5593 stc.
2030 5550 2086 5596 tom

391 5613 486 5685 ptismi
505 5632 622 5688 regnum
640 5617 782 5671 coelorum
799 5616 908 5688 ingredi
925 5634 1014 5688 posse.
1046 5620 1225 5693 Consequens
1252 5622 1363 5691 copiose
1389 5622 1523 5676 scribant.
1564 5620 1786 5693 Respondemus:
1812 5639 1883 5693 quae
1908 5627 2028 5695 apostoli
2052 5628 2086 5682 de

392 5707 533 5771 repugnat
549 5701 641 5757 verbis
661 5701 763 5757 Christi
774 5702 837 5757 ioh.
855 5709 884 5772 ³,
909 5722 934 5758 v.
954 5711 987 5759 5:
1014 5708 1082 5760 Nisi
1100 5710 1162 5776 quia
1180 5727 1225 5763 re·
1252 5708 1390 5781 baptismo
1409 5708 1547 5779 scribunt,
1573 5728 1628 5765 non
1645 5714 1710 5762 sunt
1728 5726 1832 5778 pauca,
1860 5727 1912 5765 nec
1933 5711 2025 5768 obiter
2043 5713 2085 5770 vel

391 5791 473 5841 aetus
485 5789 579 5851 fucrit
591 5794 646 5843 etc.
670 5792 694 5844 4.
707 5791 878 5845 Mandatum
890 5790 968 5845 illud
980 5793 1176 5861 accipiendum
1189 5797 1226 5850 ds
1251 5793 1405 5852 incidenter
1420 5795 1543 5865 prolata,
1562 5802 1595 5851 ut
1611 5797 1721 5849 constet
1738 5811 1771 5849 ex
1790 5796 1995 5866 superioribus,
2014 5806 2043 5855 et
2060 5797 2083 5854 si

390 5872 527 5944 bupts'sm
547 5874 708 5946 masos,
729 5894 787 5931 aon
803 5885 896 5934 meum
914 5879 949 5933 de
967 5873 1106 5948 baptism
1123 5899 1225 5952 equos,
1251 5880 1297 5939 rel
1308 5881 1426 5938 maxims
1437 5887 1530 5939 esent
1540 5878 1716 5954 paucissima,
1731 5877 1826 5939 amen
1839 5898 1901 5938 cum
1914 5883 1971 5939 sint
1982 5885 2085 5954 divine,
