4800 6659
484 617 523 672 ec
770 622 773 625 ·
902 606 904 609 ·
1071 603 1195 662 rocsss
1212 600 1382 660 oremus
1401 603 1588 690 asininus

483 762 545 834 quis
564 756 689 832 excipiat,
707 759 947 829 imperfectionem
964 760 1046 814 iilum
1069 760 1230 814 dilectionis
1246 760 1320 813 nihii
1354 761 1506 831 desiqnans
1531 761 1664 815 nimirum
1695 762 1802 832 optima
1828 778 1925 833 opera.
1956 772 2030 827 meat
2062 757 2188 811 mats

484 851 631 920 quiequam
651 848 799 901 detrahere
818 847 928 901 actuali
936 847 1073 916 justitiae,
1092 847 1249 917 quominus
1263 848 1321 917 ispi
1343 848 1461 917 publica
1479 849 1633 916 desectione
1650 866 1704 901 sua
1716 850 1905 918 praestiteras.
1932 843 1988 897 Hic
2009 844 2091 897 lom
2103 843 2188 912 oulen

478 936 606 1006 perfecte
634 934 804 1001 satisfacere
827 951 862 987 ao
884 949 1007 986 severrsm
1025 934 1085 987 Dei
1105 934 1248 1003 judicium
1274 951 1319 985 sse
1343 935 1506 1004 perniciosa
1526 936 1650 988 torsione
1658 937 1854 1005 corrumpitur,
1872 931 2016 999 aiiepatur
2033 930 2109 983 enim
2126 947 2189 1000 per·

483 1023 586 1076 stinere
602 1021 701 1091 possit,
721 1018 817 1075 audiat
833 1019 985 1092 Augustin.
998 1020 1076 1091 epist.
1090 1025 1132 1075 29.
1144 1019 1180 1074 ad
1192 1019 1322 1075 Hieron:
1344 1028 1430 1090 petuo
1458 1038 1492 1074 oc
1514 1022 1543 1074 si
1568 1038 1663 1074 sennis
1691 1022 1770 1075 illius
1792 1020 1923 1087 inferret,
1952 1018 2190 1071 eucdtentissima

488 1108 584 1162 Virtus
602 1114 644 1161 est
660 1106 776 1171 cars'tas,
797 1123 853 1175 qseo
871 1107 911 1173 id,
929 1108 1005 1175 quod
1023 1106 1199 1174 diiipendum
1212 1114 1259 1175 est,
1279 1107 1322 1159 di·
1349 1125 1473 1178 quaeque
1497 1110 1807 1177 praestantissimorum
1840 1104 2068 1160 Cisristsawsum
2099 1120 2190 1173 opera

476 1194 591 1263 tipum,
610 1195 679 1247 baec
698 1194 729 1245 in
748 1193 816 1246 aliis
835 1194 938 1262 major,
958 1193 988 1246 in
1005 1194 1074 1246 aliis
1091 1194 1192 1262 minor,
1210 1194 1240 1246 in
1253 1194 1321 1246 aliis
1350 1196 1403 1263 (ac
1422 1196 1547 1264 proinde
1574 1198 1656 1249 etiam
1672 1180 1886 1249 ardentissimas
1902 1209 2002 1262 preces
2025 1192 2056 1244 in
2075 1192 2189 1244 nomine

484 1281 574 1349 nulia,
590 1279 761 1350 plenissima
777 1296 851 1349 uero,
870 1296 942 1349 quae
955 1280 1020 1349 jam
1037 1297 1093 1333 non
1106 1287 1200 1348 potest
1214 1280 1321 1347 superi,
1351 1282 1457 1335 Christi
1465 1283 1569 1351 sessos,
1598 1283 1784 1348 eleemosynas
1803 1297 1836 1333 ee
1853 1280 1946 1333 animo
1963 1295 2026 1333 uere
2044 1285 2072 1331 et
2089 1278 2191 1330 intima

484 1368 620 1438 quamdiu
644 1366 689 1419 liic
711 1365 892 1434 inmaduit,
916 1373 957 1418 est
983 1367 1013 1419 in
1037 1366 1162 1433 nemine,
1187 1363 1322 1434 quamdiu
1349 1368 1547 1421 misericordia
1566 1375 1699 1422 commoto
1714 1367 1878 1437 praestitas,
1898 1365 2018 1435 denique
2036 1373 2063 1419 et
2082 1372 2191 1433 marty·

485 1461 578 1508 autem
598 1453 697 1520 cupa-i
710 1459 811 1522 potest,
825 1452 957 1521 profecto
978 1451 1061 1521 illud,
1080 1452 1264 1521 quodminus
1283 1459 1322 1505 est
1349 1456 1424 1508 rium
1438 1463 1556 1525 propter
1573 1455 1713 1511 Ctsristum
1731 1455 1772 1507 ad
1790 1453 1936 1523 sanquinis
1953 1452 2121 1523 effictionem
2144 1470 2191 1505 us·

486 1556 569 1609 quam
588 1540 675 1601 debet,
696 1536 808 1591 erudio
829 1545 869 1591 est
882 1540 967 1606 (nota,
987 1537 1323 1609 imperfectiodeputatur
1349 1558 1401 1610 que
1419 1542 1540 1610 obitum)
1557 1558 1615 1593 esse
1641 1548 1672 1593 ut
1687 1558 1815 1609 pannum
1841 1546 2044 1607 mendruatae,
2069 1539 2123 1593 isac
2151 1544 2193 1592 est

485 1626 564 1690 vitio,
591 1630 621 1679 at
643 1642 709 1686 num
735 1623 806 1679 forte
837 1629 879 1678 est
909 1630 1018 1679 tantum
1044 1624 1179 1680 neesulus
1209 1624 1322 1695 qnidam
1342 1629 1453 1696 foeda,
1481 1628 1684 1695 abominanda,
1721 1627 1865 1680 tenenda
1894 1644 1991 1679 coram
2019 1626 2101 1691 facie
2134 1624 2194 1678 Dei

485 1711 682 1784 perfectionem
709 1710 835 1781 justitias
865 1711 983 1765 actualis
1009 1707 1170 1782 neutiquam
1202 1711 1323 1766 tollens?
1349 1731 1495 1783 merasque
1515 1716 1587 1767 odeo
1603 1713 1833 1781 abominationes,
1851 1729 1906 1782 que
1925 1712 2035 1766 nomine
2046 1730 2112 1765 mem
2129 1711 2194 1766 sola

487 1800 528 1853 ita
545 1798 656 1870 quidem
676 1796 860 1851 Bellarminus
879 1798 985 1866 statuit,
1003 1797 1054 1852 sed
1072 1797 1242 1853 attendenda
1259 1802 1324 1851 suist
1345 1803 1462 1871 flapitia
1487 1810 1513 1856 et
1530 1804 1638 1855 scelera
1656 1801 1778 1853 marimo
1794 1800 1957 1869 nuncupari
1978 1800 2009 1852 in
2030 1799 2193 1870 Scriptus-is

365 1895 427 1936 vm.
441 1893 474 1935 tt.
489 1885 650 1957 sequentia),
667 1902 700 1939 ec
718 1901 772 1953 quo
791 1884 860 1937 uitio
882 1902 937 1938 non
956 1891 996 1938 est
1009 1886 1105 1954 justus
1123 1884 1152 1936 in
1172 1891 1258 1952 terra,
1276 1884 1326 1952 qui
1350 1889 1470 1958 soleant,
1497 1889 1624 1957 seqnitur
1644 1906 1748 1957 porro,
1769 1888 1874 1956 optima
1898 1894 1924 1939 et
1939 1886 2191 1956 praestantissima

489 1974 586 2026 bonum
603 1971 698 2037 faciat
715 1978 741 2024 et
758 1989 813 2025 non
825 1981 936 2041 peccet,
962 1990 995 2027 ea
1015 1990 1069 2042 quo
1086 1971 1153 2026 uitio
1172 1989 1228 2026 non
1239 1971 1325 2040 justi·
1351 1993 1439 2045 opero
1457 1974 1530 2028 nilsil
1547 1992 1566 2026 a
1577 1974 1699 2041 flopitiis
1717 1974 1926 2027 immanissimis
1953 1972 2085 2044 differre,
2109 1988 2193 2042 quem

480 2058 615 2127 strabitur
646 2058 676 2110 in
702 2065 851 2125 conspectu
876 2058 936 2110 Dei
958 2059 1047 2112 omnm
1074 2058 1181 2122 uirens,
1205 2064 1325 2126 propter
1351 2068 1511 2131 conceptum
1529 2061 1556 2113 si
1573 2061 1635 2130 quis
1651 2060 1736 2113 semei
1752 2060 1884 2125 hauserit,
1904 2077 1943 2111 an
1958 2077 2015 2112 non
2031 2075 2113 2112 omne
2130 2058 2192 2128 pie·

488 2147 564 2214 quod
574 2145 679 2212 uitium,
693 2144 895 2213 quantumlibet
903 2146 1119 2214 profecerimus,
1136 2144 1326 2198 necessarium
1352 2148 1417 2200 totis
1436 2148 1560 2201 studium
1580 2164 1729 2216 curamque
1748 2145 1954 2215 adjiciemini
1977 2144 2121 2199 Arminius
2140 2150 2193 2199 art.

409 2292 413 2306 ,
488 2240 528 2285 est
552 2231 630 2284 nobis
653 2231 759 2296 dicere,
788 2229 897 2283 dimitte
921 2231 1002 2284 nobis
1023 2232 1116 2284 debito
1136 2238 1250 2299 nostro,
1273 2236 1325 2287 etc.
1351 2234 1484 2306 perpend.
1507 2251 1534 2304 p.
1561 2239 1605 2289 36:
1636 2234 1871 2302 Perpendendum
1899 2240 1953 2299 est,
1984 2249 2022 2284 an
2047 2232 2084 2283 de
2111 2230 2193 2285 tonis

489 2325 512 2374 3.
532 2316 632 2371 Renmi
651 2316 679 2369 in
699 2315 753 2371 huc
774 2316 831 2371 vita
848 2334 904 2371 non
924 2323 990 2371 sunt
1009 2317 1133 2388 perfecti.
1175 2318 1251 2389 Ergo
1275 2334 1326 2372 nec
1352 2321 1482 2390 operibus
1498 2320 1625 2385 fidelium
1644 2337 1707 2373 uere
1719 2320 1846 2373 dicatur.-
1867 2319 2012 2371 immunda
2025 2333 2086 2370 esse
2098 2319 2193 2370 instar

488 2420 572 2475 opera
589 2420 683 2457 eorum
704 2410 770 2458 sunt
786 2403 918 2473 perfecta.
959 2403 1180 2474 Consequentiae
1197 2404 1268 2456 ratio
1286 2408 1328 2455 est
1348 2407 1442 2477 panni
1458 2407 1623 2461 menstmsati
1643 2409 1735 2476 eisque
1754 2413 1891 2475 competat
1909 2406 2014 2458 dictum
2032 2404 2110 2457 iliud
2121 2405 2193 2459 Era

488 2491 555 2546 satis
576 2488 739 2558 manifesta,
765 2490 831 2561 quia
850 2489 928 2543 nulla
946 2489 1080 2560 perfectio
1106 2490 1218 2545 effectui
1236 2496 1328 2560 potest
1353 2499 1395 2550 et.
1423 2512 1515 2547 omnes
1539 2503 1654 2547 neuros
1672 2494 1850 2563 justitiae.**
1893 2490 2078 2546 Bellarminus
2107 2490 2193 2543 etiam

487 2576 587 2645 tribui,
612 2593 684 2648 quae
702 2594 758 2630 non
776 2576 857 2629 sitin
874 2592 959 2630 causa
976 2576 1021 2630 vel
1040 2576 1195 2631 formaliter
1213 2576 1257 2632 rel
1275 2577 1326 2629 rir-
1353 2580 1413 2635 libr.
1432 2587 1455 2637 t.
1475 2581 1510 2635 de
1525 2579 1670 2650 justificat.
1688 2597 1711 2633 c.
1739 2586 1779 2635 20.
1804 2580 1935 2634 audacter
1956 2576 2073 2648 regerit,
2099 2577 2193 2630 locum

488 2664 609 2720 tualiter.
644 2661 1110 2733 Anueedenspsut1.cor.1s,
1139 2681 1163 2720 v.
1186 2669 1231 2718 10:
1258 2662 1327 2716 C‘um
1353 2670 1424 2721 trono
1437 2670 1546 2721 adrem
1563 2669 1635 2721 nihil
1646 2670 1791 2737 pertinere
1810 2673 1921 2739 propter
1938 2672 1994 2721 tres
2012 2663 2149 2719 rationes:
2171 2668 2193 2717 1.

488 2751 609 2815 uenerit,
635 2751 713 2818 qssod
736 2749 897 2817 perfectum
914 2758 969 2817 est,
996 2750 1183 2818 euammbitur,
1202 2753 1279 2820 quod
1295 2767 1328 2803 ec
1354 2755 1421 2824 quio
1439 2756 1544 2808 Esaias
1560 2774 1615 2808 non
1633 2756 1758 2825 loquitur
1782 2758 1817 2809 de
1836 2755 1926 2824 justis
1949 2752 2118 2819 hominibus,
2142 2753 2194 2804 sed

486 2845 569 2907 parte
595 2843 644 2892 est.
680 2833 752 2888 Phil.
780 2839 809 2900 3,
833 2852 859 2887 r.
882 2840 931 2890 12:
957 2836 1024 2889 Non
1044 2838 1121 2905 quod
1144 2837 1208 2905 jam
1226 2854 1327 2907 appre-
1355 2844 1391 2894 de
1409 2841 1564 2911 insipniius
1576 2842 1784 2910 peccatoribus,
1810 2842 1843 2895 oo
1861 2858 1977 2909 quorum
2004 2837 2115 2891 scelera
2135 2846 2193 2891 tra-

490 2923 634 2978 tenderim
653 2929 702 2975 aut
719 2922 865 2991 perfectus
882 2922 949 2988 sim,
975 2939 1076 2991 sequor
1094 2931 1195 2992 autem,
1213 2926 1240 2976 si
1257 2942 1328 2977 com-
1355 2930 1451 2983 denda
1476 2936 1536 2981 mat
1559 2927 1658 2982 ciuitas
1685 2936 1711 2981 et
1727 2937 1801 2981 totus
1817 2928 1942 2998 populus
1958 2926 1988 2978 in
2014 2942 2100 2977 manu
2117 2925 2194 2992 repis

486 3011 662 3081 prehendam
695 3014 746 3064 etc.
789 3008 850 3073 Quo
878 3025 944 3063 rero
967 3026 1050 3064 sensu
1082 3026 1116 3064 ac
1142 3017 1270 3082 respectu
1299 3010 1328 3064 in
1356 3016 1541 3083 Babyloniae.
1580 3013 1805 3085 Respondemus:
1831 3013 1886 3068 imo
1911 3028 1977 3067 vero
2001 3010 2099 3065 Esaias
2117 3026 2192 3064 mors

493 3096 658 3169 quibusdam
677 3095 836 3168 Scripturas
854 3096 935 3152 dictis
953 3098 1041 3152 renati
1060 3097 1188 3152 dicantm
1204 3098 1329 3170 perfecti,
1355 3101 1477 3155 omnium
1500 3106 1669 3174 sanctorum.
1681 3100 1869 3154 remissionem
1896 3103 2074 3170 peccatorum
2097 3097 2192 3152 sDeo

492 3184 561 3240 illud
585 3183 698 3254 exponit
721 3184 897 3255 Augustinus
916 3184 944 3237 in
964 3183 1026 3237 libr.
1046 3183 1080 3238 de
1098 3184 1268 3256 perfectione
1283 3186 1329 3254 ju·
1354 3187 1495 3243 humiliter
1517 3187 1597 3257 petit,
1620 3187 1723 3242 Psalm.
1753 3193 1799 3253 32,
1831 3203 1856 3240 r.
1888 3191 1911 3239 6.
1941 3202 1974 3239 ex
1991 3198 2058 3236 vera
2076 3188 2104 3237 et
2121 3183 2192 3237 seria

493 3272 587 3326 stitisse
614 3276 711 3326 contm
736 3270 904 3326 Goelestium
930 3269 1131 3342 Pelagianum,
1157 3271 1222 3326 vide
1248 3277 1328 3326 tract.
1355 3273 1525 3344 poenitentia
1543 3290 1637 3327 secum
1658 3273 1719 3327 aliis
1737 3272 1895 3344 conjungit,
1920 3286 2097 3342 nequaquam
2125 3285 2190 3323 vero

493 3359 527 3413 de
552 3358 615 3429 lege
640 3356 737 3411 morali
762 3353 878 3430 §.192
920 3363 944 3411 t.
965 3357 1153 3428 Quaecunque
1172 3374 1257 3427 opera
1274 3374 1329 3411 non
1355 3377 1388 3414 ex
1412 3359 1465 3414 huc
1488 3359 1603 3430 publica
1627 3359 1712 3413 totius
1738 3358 1835 3430 populi
1861 3356 2033 3412 confessione
2051 3372 2082 3409 se
2101 3355 2191 3427 ipsum

492 3445 647 3517 procedunt
664 3443 787 3498 totaliter
804 3447 832 3523 et
849 3442 972 3512 perfecte
989 3460 1022 3497 ex
1036 3443 1149 3513 Spiritu,
1166 3443 1219 3498 hoc
1239 3450 1281 3500 est
1293 3444 1328 3499 ab
1354 3446 1526 3520 hypocritice
1546 3446 1682 3515 excludit,
1701 3444 1802 3516 probat
1814 3445 1843 3499 id
1864 3445 1924 3514 ipse
1937 3444 2084 3498 verborum
2100 3458 2191 3510 sonus,

492 3531 611 3595 homine,
630 3528 678 3601 qui
695 3534 770 3585 totus
782 3534 825 3584 est
837 3528 988 3600 spiritualis
1002 3528 1076 3595 omni
1087 3535 1226 3585 vetustate
1240 3531 1330 3585 carnis
1348 3534 1430 3602 sacti
1446 3552 1541 3586 sumus
1559 3541 1590 3586 ut
1608 3532 1747 3585 immundi
1768 3548 1820 3584 nos
1844 3547 1954 3599 omnes,
1979 3528 2101 3601 probant
2123 3528 2192 3583 illud

493 3618 610 3684 abolita,
642 3633 676 3671 ea
701 3631 757 3670 non
781 3620 847 3669 sunt
871 3615 994 3686 perfecte
1029 3616 1110 3670 bona.
1157 3616 1240 3673 Ratio
1267 3635 1329 3672 con·
1357 3619 1551 3675 antecedentia
1569 3624 1598 3673 et
1621 3616 1820 3687 consequentia
1843 3617 1923 3671 istius
1947 3615 2006 3670 loci.
2049 3615 2193 3689 Quotquot

494 3703 616 3760 sexionis
634 3704 704 3758 haec
723 3707 775 3766 est,
795 3702 861 3774 quia
879 3703 923 3756 lec
941 3712 980 3757 est
998 3704 1172 3773 spiritualis,
1207 3704 1287 3760 Rom.
1307 3710 1330 3772 7,
1358 3705 1430 3760 enim
1448 3705 1519 3759 serio
1537 3703 1715 3775 'publicarum
1727 3704 2010 3759 calamitatnmsensu
2023 3700 2194 3770 afficiuntur,

494 3812 520 3845 v.
543 3798 582 3847 14.
598 3791 650 3844 hoc
670 3793 711 3844 est
730 3788 848 3859 requirit
866 3789 1047 3860 spiritualem,
1066 3790 1205 3863 integram
1224 3797 1253 3845 et
1270 3807 1331 3862 per·
1358 3798 1474 3864 peccata
1505 3808 1556 3844 sua
1589 3790 1693 3844 ibidem
1728 3796 1896 3861 agnoscunt,
1934 3788 2080 3859 deplorant
2109 3794 2195 3860 atque

493 3878 595 3934 factam
614 3875 807 3945 obedientiam,
825 3891 880 3929 non
900 3875 1120 3948 qualemcunque
1138 3878 1226 3931 solum
1245 3882 1331 3933 exter·
1359 3895 1452 3932 eorum
1470 3876 1659 3932 remissionem
1676 3881 1783 3948 petunt.
1818 3876 1904 3947 Atqui
1924 3875 2059 3947 propheta
2085 3878 2115 3930 et
2133 3874 2195 3928 reli-

495 3982 568 4032 nam,
586 3964 635 4018 sed
656 3963 739 4017 etiam
757 3962 909 4025 internam,
926 3966 998 4034 quac
1018 3981 1073 4017 non
1092 3964 1145 4017 nisi
1165 3963 1201 4017 ab
1222 3963 1333 4018 homine
1359 3964 1406 4035 qui
1427 3964 1465 4034 pii
1492 3964 1520 4018 in
1536 3964 1639 4033 populo
1656 3962 1810 4018 Israilitico
1834 3962 1993 4017 afficiuntur
2011 3959 2084 4015 serio
2103 3958 2195 4030 publi-

495 4050 606 4122 pcnitus
637 4047 776 4119 spirituali
805 4047 946 4119 proficisci
973 4054 1073 4119 potest.
1128 4049 1216 4120 Atqui
1248 4066 1333 4121 opera
1359 4067 1453 4104 carum
1474 4050 1662 4104 calamitatum
1681 4066 1772 4104 sensu.
1809 4049 1884 4120 Ergo
1902 4053 2018 4118 peccata
2032 4063 2084 4101 sna
2099 4045 2195 4099 unani·

495 4122 652 4192 renatorum
680 4152 735 4189 non
762 4134 918 4206 procedunt
947 4133 1070 4189 totaliter
1096 4141 1124 4188 et
1152 4135 1274 4207 perfecte
1300 4152 1333 4190 er
1360 4137 1441 4191 miter
1464 4141 1633 4207 agnoscunt,
1657 4135 1804 4206 deplorant
1828 4150 1861 4188 ac
1887 4133 2073 4188 remissionem
2101 4147 2195 4186 eornm

498 4222 611 4294 Spiritu,
628 4222 733 4277 honest
751 4221 787 4275 ab
805 4220 869 4290 illis,
889 4220 936 4292 qui
955 4220 1005 4276 toti
1023 4221 1079 4275 sint
1091 4221 1247 4292 spirituales
1260 4221 1334 4276 omni
1362 4227 1478 4293 petunt3
1497 4221 1598 4294 probat
1616 4221 1644 4275 id
1662 4221 1752 4292 ipsum
1768 4237 1821 4274 vox
1833 4221 2028 4289 justitiarum,
2045 4233 2115 4289 quas
2133 4234 2195 4288 pec·

497 4314 635 4365 vetustate
653 4308 742 4363 carnis
761 4306 881 4376 abolita,
908 4306 982 4377 quod
1010 4306 1153 4377 apostolus
1171 4308 1273 4363 ibidem
1292 4326 1334 4362 as·
1361 4309 1432 4363 catis
1451 4308 1650 4363 contaminatas
1669 4303 2071 4378 eeseprophctacouqueritnr,
2090 4304 2195 4371 etquis

497 4396 579 4464 serit,
603 4412 662 4448 sese
688 4395 781 4448 adisse
808 4394 952 4447 ramalem
977 4398 1021 4461 (ex
1039 4400 1117 4464 parte
1143 4394 1258 4461 scilicet)
1276 4412 1335 4449 esse
1362 4394 1517 4467 insignibus
1554 4393 1747 4465 peccatoribus
1786 4394 1907 4449 tribuere
1946 4388 2014 4444 velit
2049 4389 2195 4459 justitias?

499 4482 688 4556 pronuntians.
729 4479 805 4551 Ergo
830 4480 904 4534 bona
922 4496 1005 4550 opera
1023 4485 1179 4534 renatorum
1200 4499 1254 4536 non
1273 4486 1337 4535 sunt
1364 4482 1461 4537 “Non
1479 4480 1601 4551 loquitur
1623 4480 1658 4534 de
1683 4479 1774 4549 impiis
1794 4483 1825 4529 nt
1844 4473 1949 4543 impiis,
1969 4492 2020 4529 nec
2038 4475 2073 4529 de
2091 4475 2146 4546 piis
2166 4484 2195 4531 nt

501 4568 621 4624 totaliter
639 4572 667 4622 et
684 4566 807 4639 perfecte
825 4566 907 4622 bona.
1349 4564 1425 4646 ipiis,
1446 4568 1494 4622 sed
1513 4568 1542 4621 in
1559 4582 1660 4637 genere
1678 4566 1713 4614 do
1731 4559 1930 4629 peccatoribus,
1949 4562 1996 4631 qui
2012 4569 2129 4640 peccata
2147 4581 2195 4619 sua

372 4664 471 4703 immun-
536 4660 576 4710 64,
612 4652 820 4707 Immunditiem
843 4650 924 4705 bonis
950 4651 1079 4723 operibus
1110 4652 1259 4708 adhaerere
1292 4653 1532 4728 ‹ie-*agnoscam
1556 4648 1721 4705 confitentur
1743 4650 1771 4700 ct
1793 4645 2008 4701 misericordiam
2025 4646 2078 4703 Dei
2097 4648 2195 4722 implo-

374 4716 454 4806 iifiiff
502 4749 699 4795 monstramus:
728 4746 749 4795 1.
773 4754 806 4792 ex
825 4738 948 4793 evidenti
974 4739 1048 4793 dicto
1066 4737 1167 4793 Esaiae
1186 4707 1434 4810 prophetaeirans.
1464 4739 1510 4793 Ad
1528 4737 1600 4790 hanc
1618 4734 1733 4790 classem
1751 4733 1891 4803 pertinent
1908 4750 1963 4787 non
1981 4734 2069 4788 solum
2086 4735 2136 4805 illi,
2151 4739 2195 4810 qui

292 4853 294 4860 >
375 4818 482 4868 opertum
503 4846 526 4884 ρ,
551 4833 598 4893 64,
625 4844 650 4881 v,
669 4831 697 4881 ὃς
726 4826 812 4879 Facti
838 4842 932 4878 summ
956 4833 988 4878 es
1015 4825 1153 4877 immundi
1174 4843 1281 4893 omnes,
1314 4825 1487 4895 etpeccntis
1499 4826 1596 4875 contm
1608 4817 1803 4874 conscientiam
1816 4820 1966 4875 commissis
1978 4819 2068 4875 Deum
2079 4823 2195 4880 aditam

375 4870 482 4910 adhaere-

375 4922 475 5013 ἕοέιοῑ-ῐ.
505 4930 598 4967 omnes
616 4920 729 4966 nostrae
754 4912 882 4981 justitiae
902 4918 966 4964 sunt
986 4910 1077 4963 instar
1091 4916 1184 4977 panni
1206 4909 1551 4977 mentm-concitarunt,
1575 4904 1611 4959 ab
1635 4905 1669 4958 iis
1692 4911 1783 4960 tamen
1808 4925 1858 4979 per
1881 4908 2079 4978 poenitentiam
2099 4918 2194 4981 postes

375 5028 417 5066 m,
504 5008 577 5054 atae.
619 4998 692 5062 Quid
718 4996 892 5052 manifestius
920 4996 976 5051 dici
1002 5002 1110 5067 posset,
1139 5012 1223 5066 quam
1246 4998 1576 5060 omnesseaverterunt,
1595 4992 1744 5047 sedetiam
1763 4994 1802 5064 pii
1822 4994 1948 5076 etjusti,
1969 4992 2195 5063 quiaexinnats

377 5089 490 5132 tonnis
505 5092 613 5141 nostras
634 5084 757 5155 justitias
790 5090 903 5154 propter
935 5083 1130 5138 adhaerentem
1162 5080 1270 5148 peccati
1292 5079 1341 5129 im·
1366 5081 1430 5134 labe
1450 5083 1478 5133 et
1496 5077 1653 5132 infirmitate
1670 5097 1727 5134 non
1745 5080 2103 5148 fuernntsinepeccaus.**
2133 5085 2194 5141 pm,

374 5149 485 5241 iiiiii„
505 5171 667 5226 munditiem
691 5187 751 5225 esse
778 5170 880 5226 similes
902 5163 1229 5237 pannomenstruatae?
1270 5163 1339 5218 *²⁸P.
1366 5166 1416 5221 bat
1435 5165 1556 5236 denique
1573 5164 1601 5218 id
1622 5165 1711 5221 simile
1729 5166 1885 5236 exemplum
1904 5164 2056 5235 prophetae
2072 5170 2195 5227 Danieli,

376 5247 465 5344 affl„
506 5257 615 5313 Bertins
633 5256 661 5310 in
682 5256 800 5327 praefat.
819 5259 898 5307 tract
919 5249 1037 5304 Arminii
1057 5250 1091 5304 de
1110 5267 1174 5304 vero
1193 5256 1221 5304 et
1245 5248 1340 5320 genui·
1366 5270 1389 5308 c.
1409 5258 1439 5316 9,
1458 5270 1483 5304 v.
1505 5258 1534 5306 5:
1555 5252 1735 5305 Peccavimus
1753 5260 1778 5305 et
1799 5252 1894 5320 inique
1911 5252 2031 5319 epimus3
2051 5270 2077 5307 v.
2093 5263 2123 5311 ῖς
2142 5260 2194 5314 sibi

378 5356 442 5387 ¹¹³0ss-
506 5359 541 5396 no
560 5358 642 5395 sensu
660 5356 683 5393 c.
702 5346 725 5394 7.
744 5338 836 5392 Rom:
864 5338 954 5406 Apud
973 5336 1092 5388 Esaiam
1111 5337 1229 5389 ecclesio
1247 5337 1340 5387 Issai-
1367 5337 1498 5406 Domine,
1514 5337 1634 5406 justitia,
1648 5340 1728 5392 noeis
1741 5347 1832 5392 aurem
1845 5339 1976 5406 confusio
1990 5339 2095 5404 facim
2114 5362 2139 5401 ,Ι
2156 5351 2187 5402 18

378 5402 484 5490 simiis
507 5428 586 5481 litica
602 5424 752 5494 multiplici
771 5423 947 5486 idololatria,
967 5424 1124 5484 defectione
1141 5441 1160 5475 a
1179 5424 1242 5476 Deo
1261 5421 1340 5474 aliis·
1366 5444 1421 5478 non
1451 5424 1482 5477 in
1499 5424 1622 5493 justitiis
1646 5426 1750 5478 nostris
1764 5424 1969 5494 prosternimus
1988 5428 2195 5496 deprecationes

507 5532 559 5584 que
573 5513 691 5579 infinitis
709 5510 861 5565 sceleribus
889 5509 1130 5578 inquinatissima,
1153 5527 1216 5563 oum
1238 5527 1256 5560 a
1276 5510 1339 5561 Deo
1366 5519 1478 5564 nostras
1506 5511 1536 5563 in
1566 5521 1714 5582 conspectu
1742 5520 1802 5576 tuo,
1834 5513 1887 5564 3θᾶ
1916 5513 1945 5564 ¹⁶2¹
1974 5514 2195 5574 mifssfaiim'bw

502 5608 622 5670 propter
640 5601 710 5653 istas
721 5598 882 5668 foeditates
894 5597 1019 5664 praviter
1028 5596 1187 5665 puniretur,
1207 5596 1339 5649 inmemo-
1366 5597 1469 5652 miultis.
1517 5596 1612 5652 ”Nec
1645 5616 1679 5653 ex
1709 5597 1817 5666 verbis,
1849 5614 1929 5652 nemo
1960 5600 2072 5654 inuocat
2102 5622 2194 5660 nomer

456 5684 462 5695 .
510 5687 604 5740 hunda
634 5702 752 5755 quarm
781 5685 816 5738 ἀ,
846 5683 988 5753 pravitate
1015 5699 1173 5752 poenarum
1202 5681 1340 5751 simulque
1366 5692 1442 5737 tuum
1460 5682 1533 5737 Essi.
1552 5688 1592 5751 64,
1610 5701 1637 5738 v.
1657 5692 1680 5737 7.
1700 5689 1792 5755 potest
1813 5683 1910 5749 evinci,
1930 5685 1964 5741 de
1983 5686 2073 5758 impiis
2092 5696 2195 5747 tantun

507 5774 591 5826 gesem
612 5772 814 5842 exomologesin
827 5770 946 5840 faciens
957 5776 1136 5841 peccatorum
1147 5770 1261 5835 fatetur
1269 5770 1341 5823 inter
1366 5785 1518 5825 sermonem
1537 5786 1604 5826 esse.
1640 5770 1703 5828 Non
1720 5769 1793 5824 enim
1810 5777 1896 5842 negat
1915 5772 2075 5845 simpliciter
2092 5795 2195 5835 omnen

508 5868 611 5928 essere,
629 5860 760 5929 justitias
785 5875 852 5912 suas
875 5865 905 5911 ut
919 5874 1044 5927 pannum
1069 5862 1255 5909 menstruatae
1273 5873 1340 5925 esse,
1369 5856 1422 5911 Dei
1443 5856 1652 5925 invocationem,
1670 5855 1736 5928 quia
1753 5855 1864 5911 nomine
1882 5859 1978 5930 populi
1996 5878 2022 5914 r.
2041 5867 2064 5918 8.
2087 5869 2110 5918 o.
2147 5863 2194 5921 De
