4800 6659
421 549 482 609 306
1111 536 1235 596 LOCUS
1252 537 1457 600 Vlousfflue

420 699 546 753 0011001
570 698 701 767 corporis
727 696 893 763 abluuntur,
915 702 947 749 ut
968 702 994 747 ct
1011 710 1113 763 sapore
1130 702 1156 748 et
1174 694 1257 747 mitris
1284 695 1389 763 spersio
1411 693 1567 765 significare
1594 700 1702 767 potest,
1729 713 1780 752 uos
1799 694 1902 752 Christi
1928 696 2067 768 sanguine
2091 696 2124 753 in

421 792 448 838 st
479 785 578 840 0010010
605 800 713 853 puceis
739 783 912 851 adjumentis
941 788 967 834 u
990 781 1067 835 dolio
1094 786 1121 833 st
1144 781 1258 850 0100100
1282 780 1419 850 baptismo
1441 781 1580 852 adspergi,
1602 788 1624 837 1.
1645 782 1719 837 Petr.
1733 788 1754 850 1,
1772 800 1799 839 v.
1819 788 1843 837 2.
1861 789 1889 837 01
1906 782 1943 837 ab
1961 785 2036 838 omni
2056 801 2124 853 pec·

421 889 492 942 opus
508 873 553 939 sit,
573 872 671 940 quibus
689 869 769 923 ablui
786 877 812 922 st
829 869 965 921 mundari
982 867 1177 936 corpusculum
1189 885 1256 936 pos·
1282 872 1345 919 cato
1372 866 1513 930 mundari,
1543 873 1565 922 1.
1584 867 1648 923 Joh.
1675 873 1701 933 1,
1725 885 1752 923 v,
1772 873 1796 924 8.
1830 867 1941 924 Aliusio
1961 870 2124 941 significare

419 960 463 1013 sit.
499 960 595 1012 Aliter
619 965 718 1026 pectus
744 956 883 1009 00οά00110
906 954 1044 1020 abluitur,
1071 954 1155 1008 aliter
1181 971 1256 1007 mens
1282 951 1388 1021 potest,
1412 951 1545 1024 Spiritum
1563 972 1584 1007 s.
1602 954 1748 1022 opulenter
1769 956 1798 1008 in
1822 973 1873 1010 nos
1891 955 1999 1011 effundi
2017 957 2075 1012 Tit
2094 964 2122 1025 3,

419 1046 540 1099 bominis
552 1062 607 1114 per
622 1044 693 1107 fidei
708 1043 809 1096 merita
826 1044 986 1096 mundatur.
1016 1042 1077 1094 Nec
1091 1058 1255 1109 quempiam
1282 1056 1308 1091 v.
1327 1046 1351 1094 5.
1389 1045 1415 1093 4.
1434 1039 1474 1095 Ut
1494 1040 1677 1094 immersionis
1697 1047 1782 1110 typus
1808 1041 1903 1111 quaeri
1920 1049 2014 1111 potest
2030 1042 2061 1096 in
2078 1043 2123 1098 di·

418 1148 527 1186 mouere
547 1133 638 1194 debet,
654 1131 732 1198 quod
747 1128 886 1198 adspergi
906 1128 949 1181 uel
962 1127 1104 1197 persrsndi
1119 1135 1255 1181 uocantur
1282 1123 1364 1190 luvio,
1383 1124 1423 1178 ita
1436 1125 1623 1194 adspersionis
1642 1134 1726 1196 atque
1747 1126 1891 1179 effusionis
1909 1129 1971 1197 typi
1990 1145 2121 1198 praeces·

418 1219 506 1287 aspri,
527 1235 588 1270 cum
608 1217 733 1284 praciam
754 1215 934 1268 Dominicam
954 1221 1171 1281 consequuntur,
1191 1232 1252 1266 cum
1280 1216 1375 1263 serunt
1398 1210 1427 1264 in
1453 1210 1630 1279 adspersione
1656 1229 1707 1280 per
1730 1213 1895 1282 saugmnem
1909 1213 2120 1282 sacrificium,

332 1348 337 1357 .
420 1303 572 1372 Scriptura
584 1320 606 1357 0.
615 1319 671 1371 per
681 1300 852 1355 Ezechielem
856 1300 1027 1369 proplietam
1035 1300 1168 1369 10000100
1177 1307 1202 1352 01
1211 1299 1254 1352 di·
1278 1295 1307 1348 in
1326 1295 1475 1349 lotionibus
1493 1296 1619 1365 leviticis,
1638 1296 1668 1349 in
1687 1296 1839 1352 Naamanis
1859 1298 2003 1355 ablutione
2025 1306 2079 1357 etc.
2160 1293 2167 1304 ’

419 1398 480 1443 cat:
498 1391 679 1458 Adsparpam
698 1405 784 1457 super
802 1406 850 1441 uos
868 1404 970 1456 aquam
981 1387 1253 1454 mundam,ctmun·
1319 1387 1360 1437 st.
1397 1381 1545 1447 Quaeritur
1580 1388 1612 1438 2:
1654 1384 1701 1436 An
1742 1384 1838 1450 trina,
1879 1386 1923 1437 uel
1967 1404 2025 1439 una
2068 1389 2117 1441 ds-
2131 1379 2191 1470 ἐκ

418 1476 558 1528 sichimini
581 1475 618 1527 ab
637 1474 763 1529 omnibus
781 1474 971 1527 immundiciis
988 1473 1097 1526 uestris.
1131 1470 1205 1524 Item
1224 1471 1253 1524 in
1279 1468 1341 1521 beat
1366 1484 1423 1522 0000
1448 1469 1587 1521 immersio
1610 1468 1668 1521 siue
1687 1470 1856 1537 adspersio.l
1888 1470 2117 1541 Respondemus:
2131 1482 2190 1522 sess

417 1563 566 1616 Numerio:
589 1555 695 1630 Accipe
713 1561 825 1613 Levites
849 1551 889 1612 sia
904 1559 997 1612 scedio
1009 1558 1138 1627 filiorum
1159 1555 1254 1609 Imae‘l
1278 1552 1331 1607 hoc
1352 1551 1510 1627 ἀδιάφορον
1522 1571 1583 1609 esse
1596 1555 1753 1609 statuimus.
1786 1554 1820 1609 In
1838 1556 1978 1625 primitiva
1996 1543 2191 1635 0001001033.

417 1656 444 1702 st
457 1647 626 1717 purificabis
642 1664 697 1702 000.
741 1647 781 1699 Et
798 1648 840 1699 ita
849 1646 949 1713 facies
969 1646 1010 1698 eis
1024 1644 1252 1713 purificationem
1278 1640 1351 1695 trina
1369 1642 1506 1698 immersio
1525 1643 1629 1698 usitata
1648 1642 1710 1697 fuit
1747 1643 1936 1698 Tertullianus
1954 1646 2117 1704 adv.Prax.

336 1766 339 1776 ·
417 1751 525 1798 mrum,
548 1735 767 1803 circumsperges
793 1749 839 1786 eos
862 1749 938 1801 aqua
957 1730 1176 1799 purificationis.
1214 1731 1253 1783 Et
1279 1744 1302 1782 c.
1324 1734 1373 1784 26:
1397 1731 1464 1783 Non
1487 1730 1584 1795 semel,
1606 1732 1660 1783 scel
1683 1737 1726 1782 ter
1751 1732 1792 1782 ad
1817 1731 1932 1798 sinpula
1952 1732 2069 1787 uomina
2084 1735 2118 1788 in

283 3373 355 3425 Areu·

283 3430 386 3466 mentum

282 3486 325 3526 pro
339 3488 379 3518 ss·

415 1821 533 1874 iterum:
567 1837 643 1889 aqua
670 1818 864 1888 adspersionis
890 1818 1056 1887 purificatio
1088 1824 1133 1869 est.
1173 1816 1253 1868 Unde
1274 1830 1416 1881 personas
1433 1815 1578 1884 simpulas,
1607 1814 1723 1877 Patris,
1741 1816 1815 1868 Filii
1833 1823 1860 1868 et
1879 1815 2005 1885 Spiritus
2022 1836 2045 1874 s.
2063 1819 2119 1872 tlu-

416 1914 552 1977 apparet,
570 1905 781 1975 adspersionem
797 1920 904 1973 quoque
923 1920 1015 1971 aquae
1032 1902 1125 1954 inmas·
1142 1902 1255 1954 lauacri
1277 1900 1377 1966 pimur.
1412 1899 1461 1954 lib.
1484 1900 1520 1954 de
1536 1916 1628 1954 coron.
1648 1900 1728 1953 milit
1746 1917 1770 1953 c.
1789 1907 1819 1955 3:
1847 1903 1903 1954 Ter
1926 1905 2119 1971 mergitamur.

415 1993 554 2048 salutaris
581 1991 703 2045 obtinere
732 1996 783 2046 etc.
819 1988 993 2061 Augustinus
1022 1988 1066 2043 vel
1093 1987 1252 2058 quicunqne
1278 1984 1350 2041 Vide
1362 1986 1446 2040 etiam
1462 1985 1598 2055 Cyn'llum
1610 1985 1717 2041 catech.
1728 1991 1751 2041 2.
1779 1986 1915 2041 Basiliam
1930 1989 1964 2044 de
1975 1988 2083 2059 Spiritu
2094 2008 2118 2047 s.

415 2078 500 2133 fuerit
525 2085 622 2133 auctor
646 2077 710 2131 libri
736 2077 771 2131 de
789 2075 944 2131 ecclesiast.
964 2074 1058 2145 dogm.
1076 2090 1099 2128 c.
1123 2080 1168 2129 74:
1191 2074 1251 2125 Ba·
1277 2091 1300 2127 c.
1320 2078 1361 2127 11.
1386 2071 1564 2126 Ambrosium
1581 2071 1662 2127 liba.
1673 2072 1707 2126 de
1721 2089 1790 2128 sacr.
1800 2089 1825 2126 0.
1838 2079 1861 2129 7.
1886 2073 2118 2145 chrysostomum

411 2166 564 2236 ptisandus
581 2165 790 2225 catechumenus
808 2163 953 2222 confitetur
963 2162 1048 2226 fidem
1059 2177 1140 2213 msam
1155 2177 1251 2212 coram
1276 2158 1351 2212 hom.
1377 2165 1417 2214 24.
1443 2158 1471 2212 10
1490 2157 1552 2212 lah.
1578 2158 1767 2228 Augustinum
1794 2175 1874 2214 serm.
1893 2165 1952 2216 201.
1972 2162 2008 2217 de
2029 2169 2117 2235 temp.
2172 2181 2180 2188 ·

415 2253 562 2306 sacerdote
591 2258 617 2304 et
646 2251 836 2317 interropatus
861 2248 1030 2316 respondet,·
1050 2264 1084 2299 ac
1103 2254 1170 2315 post
1187 2263 1250 2299 con-
1277 2244 1399 2300 Isidorus
1411 2243 1585 2312 Hispalensis
1599 2244 1628 2297 in
1641 2243 1690 2297 lib.
1702 2244 1738 2298 de
1749 2244 1799 2301 vir.
1816 2245 1900 2303 illust.
1918 2264 1942 2303 c.
1961 2254 2002 2305 26.
2020 2249 2117 2314 refert,

413 2339 567 2404 samonem
604 2336 649 2389 uel
684 2335 869 2405 adspergitur
898 2350 976 2403 aqua
1011 2333 1056 2385 uel
1092 2333 1250 2401 iutinpitur.
1276 2330 1339 2386 doh.
1356 2329 1554 2401 Cappadocum
1572 2329 1749 2399 antiquorum
1767 2337 1879 2399 patrum
1902 2335 2056 2389 sententias
2080 2336 2117 2392 ds

415 2421 508 2486 Quare
534 2439 597 2476 cum
615 2422 645 2475 iu
667 2421 798 2489 ecclesia,
823 2420 985 2491 praesertim
1003 2418 1032 2473 in
1050 2418 1119 2473 locis
1140 2425 1250 2488 septen·
1276 2417 1350 2471 trina
1380 2416 1555 2472 immersione
1587 2415 1741 2485 collegisse.
1788 2415 1999 2488 ”cyprianum
2023 2420 2116 2491 primo

415 2508 587 2577 trionalibus,
605 2514 718 2578 propter
734 2507 806 2561 airis
823 2506 1005 2578 frigiditatem
1018 2505 1125 2560 tenellis
1138 2504 1250 2559 infanti·
1276 2502 1369 2565 semel,
1388 2509 1486 2572 postes
1499 2518 1565 2555 vero
1581 2506 1625 2557 ter
1637 2502 1765 2556 mersisse
1778 2504 1907 2572 parvulos
1921 2506 1951 2559 in
1963 2506 2115 2579 baptismo,

415 2593 468 2648 bus
498 2610 572 2664 aqua
595 2593 659 2646 lotis
682 2592 765 2647 facile
784 2591 938 2647 nocituram
958 2591 1115 2661 adspersio,
1139 2590 1184 2645 vel
1202 2608 1250 2661 po·
1276 2588 1360 2642 refert
1379 2587 1490 2658 Haymo
1514 2587 1544 2640 in
1571 2603 1596 2644 c.
1622 2593 1662 2643 14.
1689 2586 1768 2641 Rom.
1812 2588 1987 2646 lombardus
2010 2592 2061 2648 lib.
2088 2600 2118 2651 4.-

414 2679 470 2734 1100
497 2678 597 2733 sffusio
624 2695 713 2749 aquae
734 2678 838 2733 usitata
861 2676 910 2744 sit,
942 2676 1004 2732 ideo
1030 2676 1100 2731 haec
1118 2675 1250 2746 baptismi
1277 2675 1339 2730 dist.
1361 2679 1386 2728 3.
1403 2673 1444 2729 lit.
1464 2673 1493 2727 I:
1513 2674 1569 2736 Qui
1586 2675 1671 2727 000001
1689 2674 1827 2742 immeruit
1841 2684 1957 2746 tautum,
1974 2696 2032 2733 non
2043 2697 2114 2749 psa·

413 2762 503 2819 forma
529 2764 689 2832 retinenda,
713 2781 764 2819 nec
781 2769 894 2833 propter
911 2762 995 2816 ritum
1017 2762 1199 2832 adiaphorum
1217 2763 1249 2817 li·
1277 2768 1330 2827 cat,
1350 2760 1408 2812 nisi
1426 2762 1595 2815 causando
1613 2760 1746 2814 ecclesiae
1764 2762 1879 2816 obsistat
1895 2765 1940 2817 uel
1956 2766 2008 2820 boc
2028 2769 2113 2822 moda

412 2856 454 2906 tes
482 2866 545 2903 cum
578 2849 711 2904 ecclesiae
743 2848 873 2903 scandalo
899 2848 1061 2903 movendae.
1105 2847 1249 2902 “Mosco
1275 2854 1382 2900 tautum
1399 2846 1470 2913 fieri
1489 2847 1589 2899 debere
1607 2846 1768 2899 asseratitit
1811 2846 1844 2901 In
1862 2849 1963 2904 0001010
1981 2852 2111 2908 ecclesiis

412 2935 487 2991 vitae
510 2935 595 2991 totius
606 2934 740 3006 corporis
763 2933 965 2989 immersionem
990 2934 1147 3005 requirunt3
1175 2951 1249 3006 aqua
1275 2932 1371 2988 itidem
1382 2932 1456 2986 trina
1469 2932 1612 3001 adspersio
1624 2931 1804 2999 observatur,·
1816 2950 1875 3010 'nec
1893 2939 2036 2991 10100010
2053 2957 2113 2993 uua

413 3021 553 3076 interdum
586 3022 699 3094 quidem
730 3029 920 3093 conspergunt
948 3022 1161 3091 baptizandum,
1198 3022 1248 3077 sed
1273 3020 1330 3080 fido
1359 3019 1450 3087 officit
1482 3019 1615 3072 0001001αο
1639 3026 1754 3072 sanctae
1779 3024 1948 3075 0000001000
1977 3024 2094 3079 diuersa
2100 3046 2113 3093 ,·

411 3107 515 3176 000100,
544 3110 704 3180 conspersio
725 3109 799 3165 enim
823 3109 914 3163 minus
937 3107 1076 3163 sufficiens
1095 3108 1248 3178 judicatur.
1274 3103 1342 3171 quia
1360 3104 1482 3157 enimin
1500 3104 1589 3157 triduis
1608 3100 1795 3157 misissemus
1807 3124 1864 3159 una
1878 3107 2040 3163 substantia
2060 3120 2111 3178 est,

411 3193 447 3248 In
469 3211 554 3265 opere
580 3196 615 3250 de
640 3195 724 3251 variis
751 3212 843 3250 rerum
863 3193 1103 3249 Moscoviticarum
1129 3192 1247 3247 auctori·
1273 3189 1489 3257 repreliensibile
1517 3207 1574 3243 esse
1602 3191 1764 3243 nauatam
1778 3199 1884 3261 potest,
1913 3194 2056 3259 infantem
2081 3200 2113 3253 is

412 3278 465 3334 bue
481 3298 509 3351 p,
530 3284 626 3337 136,ss
1274 3276 1411 3342 baptismo
1429 3276 1531 3330 100001
1548 3276 1819 3346 semelimmerpere,
1838 3279 1906 3346 quia
1927 3288 1953 3332 ct
1969 3281 2000 3334 in
2018 3284 2111 3338 tribus

447 3371 488 3422 36.
523 3371 578 3435 Δ1,
603 3367 710 3439 inquis,
733 3366 874 3435 baptisare
896 3364 1017 3433 proprie
1035 3364 1177 3432 significat
1196 3365 1247 3416 im·
1273 3362 1456 3415 mersionibus
1480 3379 1671 3430 personarum
1700 3364 1829 3416 Trinitas
1847 3372 1873 3418 et
1891 3365 1922 3417 in
1940 3385 2000 3421 una
2013 3377 2110 3438 potest

410 3469 545 3523 00009000.
580 3453 661 3522 Erpa
680 3452 834 3521 baptismus
854 3467 910 3502 non
929 3448 986 3501 nisi
998 3449 1249 3515 immersiousyiesi
1273 3448 1432 3502 diurnitatis
1455 3449 1642 3516 simpulam‘tas
1669 3448 1781 3515 (unitas)
1805 3451 1952 3519 0100100001
1958 3494 1965 3521 ,
1992 3461 2025 3507 nt
2042 3457 2109 3512 seri·

282 3529 389 3569 “mim
412 3539 499 3593 astu.
524 3538 703 3594 Antecedens
717 3544 759 3592 est
770 3533 933 3591 Bellarmini
943 3534 991 3588 lib.
1009 3540 1030 3589 1.
1043 3535 1077 3589 de
1092 3534 1168 3604 bapt.
1179 3552 1201 3588 c.
1218 3540 1245 3590 l:
1273 3534 1343 3589 bunt
1365 3534 1488 3590 Isidorus
1510 3534 1685 3604 Hispalensis
1716 3535 1751 3589 de
1780 3535 1831 3590 vir.
1855 3536 1939 3592 illust.
1963 3554 1987 3593 c.
2013 3546 2055 3596 27.
2080 3549 2110 3599 et

280 3580 374 3620 100000·

281 3631 362 3674 sienis.

288 5681 325 5729 12
340 5683 384 5729 tlt.

411 3624 563 3694 Baptisma
575 3625 696 3692 propria
714 3623 854 3692 siguificat
866 3620 1083 3686 immersionem,-
1099 3620 1246 3673 ordinaris
1272 3620 1446 3675 Lombardus
1463 3620 1511 3677 lib.
1530 3626 1555 3675 4.
1574 3621 1639 3675 dist.
1657 3625 1682 3673 3.
1700 3626 1768 3676 sect.
1787 3626 1812 3676 9.
1843 3622 1915 3677 Item
1934 3641 1959 3682 c.
1978 3626 2014 3681 de
2031 3628 2107 3684 trina

409 3711 483 3766 enim
495 3709 649 3778 baptismus
655 3710 691 3778 fit
698 3724 753 3777 per
765 3707 930 3760 mersionem
944 3706 1029 3774 idque
1038 3707 1080 3759 ad
1089 3704 1196 3759 0101011
1203 3725 1245 3760 00-
1271 3707 1335 3762 dist.
1354 3712 1379 3760 4.
1399 3708 1434 3761 de
1452 3721 1558 3760 consec.
1593 3704 1709 3757 Trium
1733 3707 1897 3763 mersionem
1917 3709 1974 3766 sive
1992 3712 2107 3785 adsper-

403 3796 550 3864 pulturam
573 3794 851 3863 repraesentandam.
882 3791 1018 3848 Pistorius
1041 3791 1172 3861 disputat,
1191 3794 1244 3845 ad·
1270 3793 1374 3847 sionem
1403 3793 1527 3848 adhiberi
1559 3796 1672 3861 propter
1699 3793 1860 3861 mysterium
1888 3801 1934 3863 τῆς
1962 3808 2106 3871 uarayiau

407 3882 581 3951 spsrsionsm
603 3880 635 3933 in
665 3880 802 3949 baptismo
826 3896 858 3932 00
877 3878 1035 3947 Scripturis
1049 3879 1172 3947 probari
1187 3895 1243 3931 uon
1269 3877 1379 3949 τριάδος
1399 3879 1499 3933 docent
1518 3878 1704 3945 Hieronymus
1725 3878 1753 3932 in
1771 3896 1795 3932 c.
1808 3886 1833 3935 4,
1860 3881 1932 3950 Eph.
1945 3885 2104 3943 etAmbro·

402 3983 496 4036 posse,
516 3968 645 4019 sedasse
664 3965 847 4019 traditionem
865 3964 1012 4028 ecclesiae,
1036 3964 1073 4018 im
1092 3965 1243 4034 1310100110
1268 3966 1326 4018 0100
1347 3964 1393 4017 lib.
1423 3970 1445 4020 2.
1472 3965 1507 4018 de
1533 3980 1603 4017 sacr.
1629 3980 1653 4019 c.
1679 3970 1701 4019 1.
1728 3964 1775 4018 nlii
1802 3968 1923 4033 remed
1940 3973 2105 4041 mysterium

405 4066 433 4121 p.
448 4057 508 4109 491.
533 4052 640 4107 Eodem
658 4049 1241 4119 100000101000001000010.11104Ιο01
1268 4051 1413 4106 triduanae
1440 4050 1599 4120 sepulturae
1626 4049 1729 4104 Christi
1755 4052 1785 4106 in
1812 4070 1846 4108 ea
1868 4057 1969 4124 respici
1993 4058 2102 4115 docent

406 4153 430 4191 c.
452 4143 491 4193 15.
510 4134 539 4211 ξ.
563 4143 603 4195 19.
638 4138 715 4193 Beza
732 4134 811 4206 epist.
832 4140 855 4189 1,
873 4134 980 4205 Wolfg.
993 4135 1136 4189 Musculus
1148 4136 1240 4193 inloc.
1267 4136 1456 4191 Damascenus
1472 4135 1521 4191 lib.
1533 4142 1556 4190 4.
1574 4135 1644 4190 orth.
1665 4135 1712 4190 fid.
1732 4154 1756 4193 c.
1778 4144 1818 4193 10.
1845 4138 1996 4212 Gregorius
2016 4144 2064 4203 lib.
2080 4152 2103 4202 1.

405 4237 430 4277 c.
449 4222 484 4276 de
502 4222 580 4293 bapt.
615 4223 812 4279 Keckermann
828 4220 877 4275 lib.
891 4226 915 4275 3.
934 4226 1002 4290 syst.
1015 4220 1055 4275 th.
1068 4238 1092 4274 c.
1107 4227 1129 4275 8.
1140 4239 1166 4292 p.
1180 4229 1240 4281 451.
1267 4223 1345 4293 epist.
1375 4229 1418 4280 41.
1450 4223 1487 4277 ad
1511 4221 1630 4277 Leandr.
1663 4222 1760 4279 refert:
1797 4225 1866 4279 aum
1891 4229 2000 4283 Ariani
2023 4232 2102 4287 trina

404 4311 465 4363 452.
493 4307 646 4364 chassenio
665 4308 714 4364 lib.
735 4308 916 4365 1100000.
937 4312 1146 4364 albescit.
1185 4309 1239 4365 Re·
1266 4310 1401 4363 mersione
1432 4317 1574 4363 uterentur
1602 4312 1644 4363 ad
1666 4312 1870 4380 significandas
1897 4322 1955 4368 tres
1981 4325 2102 4373 naturas

404 4393 590 4463 spondemus:
611 4395 781 4449 ostendimus
801 4393 928 4463 superius
948 4393 1124 4449 contrarium.
1158 4393 1239 4458 Quod
1266 4396 1350 4449 trium
1370 4414 1581 4464 personarum,¹
1606 4398 1667 4451 loco
1694 4398 1755 4465 ejus
1781 4418 1865 4453 msam
1887 4404 2055 4459 mersionem
2071 4406 2101 4461 is

403 4477 440 4533 ad
463 4478 607 4534 mersionis
632 4479 862 4550 significationem
879 4477 991 4548 attinet,
1010 4478 1126 4534 dicimus
1151 4481 1238 4536 1100-
1266 4483 1410 4551 Hispania
1430 4484 1521 4547 fuim
1543 4492 1692 4553 receptam.
1743 4483 1855 4555 Haymo
1885 4487 1914 4540 in
1941 4505 1966 4544 c.
1996 4496 2036 4545 14.
2064 4492 2099 4547 ad

403 4563 534 4635 ptismum
559 4583 615 4621 000
638 4583 698 4622 0000
722 4574 837 4638 propter
853 4566 925 4621 hanc
943 4567 988 4621 vel
1006 4565 1083 4620 illam
1101 4566 1238 4638 significa·
1264 4567 1361 4623 Rom:
1393 4570 1429 4622 In
1454 4589 1506 4624 suo
1534 4588 1618 4625 sensu
1643 4571 1807 4625 attendebat
1833 4571 2006 4645 Cyprianus,
2038 4595 2099 4632 cum

403 4650 506 4705 tionem
528 4650 699 4723 institutum,
730 4653 780 4708 sed
803 4657 836 4707 ut
861 4652 899 4705 sit
922 4651 1021 4707 efficax
1041 4652 1162 4707 medium
1188 4672 1238 4725 per
1263 4655 1347 4708 semel
1371 4656 1511 4723 carpebat
1535 4657 1672 4724 baptismo
1692 4658 1844 4726 paruulos,
1868 4661 1937 4727 assia
1963 4664 2041 4729 quod
2056 4663 2098 4717 in·

404 4737 479 4809 qnod
511 4736 628 4807 Spiritus
657 4756 678 4793 s.
710 4738 849 4794 hominem
875 4745 1021 4810 regeneret
1054 4756 1087 4792 ac
1116 4746 1236 4819 teneret.
1263 4741 1416 4809 relliquias,
1443 4742 1567 4795 studiose
1591 4743 1725 4811 implebat
1753 4743 1832 4797 bouis
1858 4747 1988 4815 operibus
2012 4750 2098 4803 abun-

402 4828 427 4879 2.
444 4821 527 4879 Hanc
546 4825 734 4894 operationem
757 4825 876 4897 Spiritus
895 4843 915 4879 s.
934 4824 1044 4895 perficit
1060 4832 1146 4895 atqua
1164 4825 1237 4881 hunc
1263 4828 1373 4896 0100010,
1403 4829 1468 4882 licet
1492 4830 1522 4883 iu
1546 4830 1598 4882 bac
1615 4830 1727 4883 nescius
1744 4830 1932 4901 delinqueret,
1961 4837 2014 4889 scd
2031 4836 2098 4906 quia

402 4907 485 4966 finem
513 4910 670 4982 assequitur
697 4928 748 4982 per
778 4913 899 4969 salutare
931 4911 1062 4983 baptismi
1088 4900 1341 4981 lavacrumibonis
1360 4913 1491 4983 operibus
1510 4916 1687 4984 abundabas,
1711 4924 1814 4985 postea
1833 4928 1978 4988 correptus
1996 4940 2016 4974 a
2033 4924 2097 4976 Deo

402 4995 462 5052 sive
491 4995 573 5053 homo
600 4995 787 5068 baptizandus
817 5004 876 5054 1010
905 5014 1019 5069 corpore
1050 4998 1236 5072 immergatur,
1261 5000 1415 5055 0100010011
1433 5001 1534 5056 ultimi
1553 5020 1651 5072 sensu,
1675 5011 1719 5056 ter
1737 5004 1804 5057 11100
1821 5004 1981 5074 ms'rpsudo.
2021 5006 2178 5064 misnia

403 5082 461 5136 01νο
475 5098 548 5155 aqua
565 5083 656 5138 eidem
672 5082 839 5138 effundatur.
871 5090 895 5140 3.
911 5084 970 5140 Nec
988 5091 1080 5141 tamen
1098 5102 1235 5157 repugna·
1260 5087 1401 5154 babemus,
1419 5087 1511 5157 inquit
1530 5088 1706 5143 Lombardus
1725 5089 1743 5143 l.
1762 5089 1886 5159 d.,‹1uiu
1905 5092 2098 5166 (10110001,ᾳυί

401 5185 476 5233 mus,
504 5169 651 5241 quominus
680 5169 833 5225 concinnae
856 5172 992 5241 quaedam
1018 5172 1235 5244 significationes
1260 5174 1344 5227 semel
1360 5174 1474 5238 mersit,·
1491 5178 1543 5230 sed
1559 5177 1611 5231 boc
1627 5177 1709 5244 idae,
1736 5176 1804 5245 quia
1828 5178 1960 5233 aliterue
1978 5181 2095 5236 babebat

400 5253 532 5325 baptismi
556 5257 763 5329 excogitentur,
791 5258 873 5311 modo
895 5257 1050 5328 baptismus
1068 5265 1236 5330 agnoscatur
1260 5263 1432 5315 cousuetudo
1455 5261 1535 5315 iilius
1559 5262 1705 5327 0001001000,
1728 5263 1772 5317 uel
1796 5264 1864 5333 cuia
1883 5283 1967 5321 unam
1986 5276 2095 5324 tantum

400 5340 500 5396 0111000
511 5342 730 5414 regenerationis
741 5349 769 5397 et
781 5343 965 5397 renovationis
977 5344 1124 5399 lavacrum.
1151 5344 1234 5401 Tales
1245 5291 1424 5413 isaciendam
1444 5349 1609 5402 musmonem
1629 5349 1772 5419 afferebat

399 5434 492 5482 autern
522 5429 737 5501 significationes
767 5446 823 5483 uon
852 5429 941 5483 solnm
966 5430 1150 5495 immersione,
1182 5432 1233 5487 sed
1294 5437 1335 5488 98.
1373 5431 1523 5497 Quaeritur
1553 5440 1582 5490 3:
1612 5435 1660 5488 An
1688 5436 1844 5504 immersio,
1874 5439 1919 5492 uel
1945 5441 2133 5508 001ῳο001040
2139 5436 2172 5533 ³¹⁴3

398 5512 483 5567 etiam
501 5515 679 5586 adspersione
700 5533 789 5588 aquae
808 5515 899 5569 locum
923 5514 1032 5572 habent.
1075 5518 1115 5574 Ut
1133 5519 1232 5574 mersio
1244 5581 1247 5590 ‚
1259 5519 1358 5572 debant
1377 5537 1436 5574 0000
1452 5521 1558 5587 toralia
1577 5521 1686 5576 1100001
1705 5540 1743 5575 an
1764 5530 1849 5576 totum
1866 5540 1968 5592 corpus
1979 5506 2170 5589 ablues-iiius

398 5596 554 5669 significare
572 5607 672 5671 potest,
691 5618 742 5656 nos
759 5619 822 5655 cnm
841 5600 951 5656 Christo
968 5600 996 5655 in
1014 5609 1128 5659 mortem
1144 5604 1233 5674 ipsius
1244 5593 1247 5658 i
1259 5606 1347 5658 (10001
1374 5604 1599 5677 Respondemus:
1615 5615 1645 5664 et
1662 5608 1715 5664 hoc
1735 5605 1896 5678 ἀδιάφορον
1914 5614 1965 5674 est,
1983 5627 2047 5665 cum
2065 5611 2093 5667 in
2104 5596 2181 5694 ff*

397 5682 536 5754 baptisari
559 5687 639 5743 Rom.
668 5693 699 5753 6,
726 5706 752 5744 v.
779 5694 803 5744 3.
838 5689 882 5742 Ac
902 5694 1023 5743 veterem
1044 5696 1167 5744 00010010
1184 5675 1349 5786 0010001010
1369 5690 1552 5748 institutionis
1569 5693 1677 5749 nullum
1695 5694 1730 5749 de
1750 5711 1782 5749 eo
1800 5698 1890 5749 exstet
1904 5703 2092 5767 praeceptum,

396 5769 499 5827 minem
516 5771 546 5829 in
562 5774 702 5846 baptismo
719 5774 861 5846 submergi
878 5791 904 5832 v.
922 5779 949 5832 1.
990 5773 1036 5829 110
1055 5792 1165 5847 quoque
1182 5778 1231 5833 ed·
1243 5789 1246 5828 t
1258 5794 1323 5833 cum
1340 5777 1371 5832 in
1388 5779 1497 5836 actions
1515 5780 1710 5838 sacramentali
1721 5779 1950 5851 distinguendum
1966 5782 2003 5837 sit
2020 5784 2092 5840 inter
