4800 6659
435 579 496 636 330
797 640 805 662 .
1107 558 1452 622 monsvrcnsruus

439 725 618 796 baptismum,
640 728 733 775 tamen
758 720 789 774 in
813 719 877 788 ipso
902 718 1035 788 baptismi
1053 725 1117 772 actu
1136 718 1226 785 adsi,
1247 714 1275 768 si
1299 720 1351 768 art.
1376 715 1426 769 ult.
1464 715 1506 767 ad
1535 714 1680 768 maumam
1708 713 1823 779 feturas
1854 729 1912 767 esse
1944 730 2006 766 cum
2040 714 2139 783 tricis,-

436 811 536 877 insans
561 828 581 863 a
600 816 720 878 peccato
747 813 773 860 01
800 806 916 861 diabolo
943 805 1063 860 liberari
1087 804 1192 858 debeat.
1234 800 1275 854 At
1299 799 1477 855 Maldonatus
1504 800 1532 854 d.
1553 801 1573 854 l.
1600 802 1696 855 statim
1724 819 1758 855 ec
1780 802 1940 855 moriuntur
1964 818 2029 854 mou
2048 801 2078 852 in
2097 800 2138 852 in·

378 886 381 891 ⁴
437 897 506 969 quid
523 913 592 967 opus
612 900 671 948 erat
688 894 742 949 hac
760 893 915 948 corrective
933 892 1087 960 locutione,
1112 888 1274 944 0110100100
1298 887 1413 951 semron
1433 889 1616 956 descendere,-
1644 904 1678 942 er
1697 886 1795 944 concil.
1817 886 1977 943 Florentino
1996 886 2092 941 Canus
2111 885 2140 938 in

439 999 547 1053 semper
568 988 597 1036 et
619 980 775 1037 necessario
800 986 864 1035 aute
881 978 1049 1050 baptismum
1070 976 1153 1032 fidem
1171 974 1275 1030 habere
1300 973 1394 1027 relect
1424 973 1459 1028 de
1486 990 1602 1029 sacram.
1635 980 1705 1045 part.
1731 979 1754 1029 2.
1788 972 1816 1050 ξ.
1839 974 1976 1030 afferunt:
2009 973 2140 1044 Ipsorum

438 1069 595 1124 statueret?
641 1067 679 1123 Et
707 1085 817 1132 rursus:
863 1066 1045 1135 Quapropter
1076 1064 1127 1117 boc
1156 1062 1276 1116 dicimus
1301 1060 1411 1112 animas
1434 1078 1491 1112 una
1521 1078 1583 1114 cum
1607 1063 1772 1133 corporibus
1795 1062 1924 1116 0000001110
1945 1062 2140 1116 detrisdendas

438 1164 464 1210 et
486 1156 680 1210 concludimus
708 1157 835 1222 infantes
859 1155 938 1223 ipsos
956 1154 986 1207 in
1005 1152 1143 1221 baptismo
1160 1151 1278 1203 credere
1303 1162 1361 1199 esse
1380 1147 1409 1199 in
1428 1146 1604 1203 umbrante
1718 1182 1722 1189 .

440 1250 466 1295 et
493 1243 642 1311 propriam
664 1243 756 1310 fidem
784 1241 894 1309 babere,
925 1233 1024 1309 qaam
1039 1240 1119 1292 Deus
1147 1237 1178 1289 in
1205 1234 1276 1304 ipsis
1337 1238 1395 1287 231.
1439 1232 1624 1287 Bellus-minus
1656 1233 1704 1288 lib.
1729 1239 1754 1290 6.
1787 1234 1823 1288 de
1854 1233 1947 1290 omiss.
1975 1233 2085 1305 gratiae
2115 1238 2196 1288 etta!

441 1337 576 1397 operatur
592 1345 648 1400 per
660 1345 761 1399 preces
774 1328 970 1397 patrinorum,
989 1326 1039 1396 qni
1057 1342 1104 1379 eos
1118 1325 1160 1378 ad
1173 1323 1276 1390 baptis·
1302 1324 1377 1373 statu
1401 1319 1507 1389 peceati
1533 1337 1557 1375 c.
1579 1325 1602 1375 1.
1630 1320 1754 1391 quinque
1780 1325 1907 1376 numerat
1933 1319 2089 1376 sententias
2107 1319 2140 1374 de
2152 1302 2196 1397 iffi

439 1432 514 1467 mum
532 1413 734 1470 acauanttt
1303 1410 1378 1460 statu
1411 1405 1508 1459 talium
1546 1405 1698 1460 infantum:
1745 1408 1846 1461 Prima
1881 1414 1921 1461 est
1952 1423 2065 1475 eorum,
2095 1405 2196 1501 quim

312 1498 406 1550 Qmsrt·
476 1499 543 1555 233.Ι
571 1499 718 1565 Quaeritur
736 1505 765 1555 b:
795 1499 872 1561 Quia
894 1499 1073 1552 statuendum
1096 1497 1132 1549 de
1158 1492 1277 1558 infanti-
1302 1508 1415 1559 repnum
1447 1492 1588 1545 coelorum
1619 1493 1779 1557 infantibrm
1809 1511 1865 1546 non
1898 1493 2049 1563 baptizatio
2074 1511 2190 1562 pro-e„

311 1549 386 1653 iibri:
442 1584 491 1639 bus
516 1593 581 1638 ante
600 1603 679 1639 uerum
696 1585 843 1655 baptismi,
861 1585 905 1638 rel
923 1585 953 1637 in
971 1592 1050 1637 utero
1070 1589 1211 1648 materno,
1233 1577 1278 1631 rel
1303 1577 1411 1631 mittere
1430 1578 1579 1647 audebant,
1594 1579 1705 1632 etiamsi
1723 1598 1779 1633 non
1797 1587 1947 1649 neparent,
1968 1596 2015 1632 cos
2031 1580 2061 1633 in
2079 1568 2196 1655 ρεσ-ἦῑζξ

312 1656 415 1744 ffiffi
441 1672 861 1727 statimanatiuitatemortuis!
874 1665 1277 1741 RespondemustAugustinus
1303 1670 1365 1717 cato
1385 1664 1524 1730 oripinali
1540 1673 1685 1734 conceptos
1702 1674 1728 1720 et
1745 1673 1835 1721 natos.
1860 1666 1965 1720 Altera
1985 1674 2026 1719 est
2039 1682 2142 1728 corum,
2153 1667 2194 1707 ¹⁸³¹

313 1755 403 1795 uranu-
443 1756 536 1812 studio
562 1758 727 1813 asserendae
745 1757 918 1813 necessitatis
935 1756 1066 1826 baptismi
1085 1759 1182 1809 eontra
1197 1749 1277 1805 Pela·
1304 1750 1354 1818 qni
1373 1750 1513 1818 parvulos
1540 1770 1596 1804 non
1623 1752 1777 1822 baptizatas
1803 1753 1987 1806 mcludcbant
2013 1770 2032 1805 a
2055 1729 2195 1820 repnom

312 1808 430 1898 aas&
442 1843 540 1913 manos
562 1843 592 1897 in
616 1843 753 1899 duriorem
777 1843 853 1898 illam
876 1843 1021 1914 prolapsus
1045 1846 1088 1897 est
1104 1836 1277 1899 senteutiam,
1303 1836 1444 1889 coelorum
1463 1844 1489 1889 et
1506 1837 1565 1890 rita
1584 1839 1673 1891 beatis
1688 1840 1833 1909 promissa
1838 1860 1850 1908 ,·
1868 1848 1963 1893 tamen
1982 1840 2024 1893 eis
2036 1839 2142 1892 dabant

314 1909 401 2000 m*
443 1944 516 1999 quae
534 1927 688 1984 infantibus
708 1947 764 1985 non
779 1929 929 2000 baptizatis
950 1928 1036 1982 vitam
1055 1933 1196 1982 aeternam
1213 1921 1277 1976 sim·
1303 1922 1388 1976 vitam
1408 1930 1553 1977 aeternam
1570 1932 1596 1977 et
1616 1927 1776 1980 naturalem
1789 1926 1989 1980 beatitudinem
2009 1927 2071 1979 sine
2083 1925 2142 1979 ulla

315 2010 416 2052 manuu.
442 2014 552 2086 pliciter
577 2015 713 2087 denegat,
742 2020 774 2069 ut
799 2014 893 2070 videre
919 2019 962 2069 est
992 2014 1073 2085 epist.
1105 2019 1143 2069 17.
1167 2016 1209 2068 82.
1235 2016 1278 2065 92.
1304 2010 1430 2064 molestia
1448 2018 1498 2063 aut
1517 2011 1618 2065 dolore
1637 2020 1718 2066 entra
1735 2029 1851 2083 repnum
1872 2014 2018 2067 bectonem
2039 2020 2065 2065 et
2078 2029 2142 2081 pro·

314 2064 411 2154 idnii-
444 2107 472 2157 et
490 2107 531 2158 es.
550 2101 596 2156 lib.
616 2102 651 2155 de
669 2101 724 2157 fide
742 2102 778 2157 sd
798 2102 913 2157 Petrum
929 2118 953 2158 0.
973 2106 1015 2157 27.
1053 2097 1184 2168 Interim,
1207 2113 1279 2168 qnae
1305 2095 1351 2147 cul
1375 2114 1394 2148 a
1412 2113 1525 2149 carcere
1546 2100 1755 2169 dominatorum,
1785 2099 1835 2153 boc
1855 2107 1896 2152 est
1916 2098 1948 2152 in
1967 2100 2031 2153 ioco
2051 2099 2142 2153 medio

315 2165 408 2214 “¹⁸⁰⁰''
443 2186 530 2257 ipsius
560 2187 712 2252 modestia,
741 2187 902 2243 dubitanter
931 2193 963 2242 ut
992 2185 1141 2256 plurimum
1169 2185 1198 2238 in
1226 2181 1279 2237 hac
1305 2180 1378 2234 inter
1400 2184 1553 2251 pehennam
1578 2192 1603 2237 et
1627 2185 1741 2242 coelum.
1781 2185 1877 2238 Tertia
1897 2186 2036 2239 sententia
2055 2187 2141 2253 docet,

442 2272 604 2342 quaestione
622 2273 762 2344 procedit,
781 2273 843 2328 libr.
862 2277 885 2330 1.
906 2272 942 2327 de
961 2278 1067 2344 peccat.
1084 2271 1221 2343 maritet
1237 2286 1278 2323 re·
1301 2268 1440 2336 purvulos
1465 2271 1525 2323 sine
1551 2271 1687 2340 baptismo
1717 2272 1879 2325 decedentes
1905 2271 2043 2324 damnari
2065 2271 2143 2340 apud

313 2359 408 2399 ronue-
443 2357 516 2411 miss.
536 2375 560 2413 0.
580 2363 621 2414 15.
643 2359 692 2415 lib.
710 2364 735 2415 8.
756 2359 791 2413 de
811 2358 910 2431 origin.
928 2376 964 2413 00
983 2376 1005 2413 c.
1028 2364 1067 2414 18.
1091 2362 1144 2413 etc.
1182 2356 1278 2410 Ponti·
1304 2354 1415 2419 inferos
1438 2362 1555 2409 aeterna
1575 2364 1682 2422 morte,·
1704 2359 1757 2411 sed
1781 2365 1875 2412 tamen
1905 2358 1947 2411 sic
1968 2358 2073 2427 puniri
2099 2375 2141 2410 ca-

315 2412 409 2452 01οωῦ
442 2442 498 2497 ficii
522 2449 554 2497 ut
580 2444 701 2515 rigorem
718 2444 794 2498 illius
811 2444 965 2499 sententiae
982 2444 1076 2515 aliquo
1094 2441 1176 2498 modo
1196 2439 1279 2496 corri-
1304 2441 1397 2493 rentr'a
1420 2442 1539 2496 visionis
1557 2444 1628 2509 Dei,
1653 2444 1848 2514 praedicitur
1862 2461 1959 2514 poena
1978 2444 2091 2512 damni,
2114 2451 2140 2495 nt

442 2536 548 2602 gerent,
565 2529 686 2584 medium
705 2530 797 2585 locum
815 2530 889 2585 inter
905 2531 1013 2586 coelum
1032 2536 1060 2585 et
1076 2529 1215 2585 infernum
1233 2544 1278 2583 ex·
1304 2526 1413 2579 nntium
1434 2529 1586 2596 patiantur
1611 2530 1751 2598 dolorem,
1777 2547 1865 2601 neque
1889 2531 2031 2599 internum
2054 2545 2140 2599 nepte

441 2616 613 2687 cogitarunt,
637 2622 843 2689 quemvocant
866 2618 981 2670 limbum
1000 2617 1157 2684 infantum,
1175 2616 1204 2669 in
1223 2631 1278 2686 quo
1305 2620 1454 2669 arternum.
1501 2615 1608 2676 Quarta
1629 2615 1765 2670 sententia
1789 2616 1890 2671 liberat
1906 2618 2051 2687 parandos
2071 2617 2139 2684 cius-

442 2718 494 2758 nec
510 2702 582 2758 bens
601 2719 653 2757 nec
672 2703 745 2758 male
763 2702 799 2757 sit
817 2702 921 2757 talibus
935 2702 1097 2767 infantibus,
1115 2707 1148 2756 ut
1161 2705 1279 2772 apparet
1305 2699 1384 2752 morli
1406 2718 1424 2752 a
1449 2704 1576 2755 cneciatu
1601 2703 1675 2771 ipnzb
1693 2711 1718 2757 et
1734 2702 1849 2768 0000010,
1873 2720 1946 2773 qnae
1960 2703 2084 2773 proprie
2101 2702 2139 2754 cli·

443 2806 476 2844 er
496 2788 695 2843 Beneventum
711 2788 773 2854 libr.
786 2794 810 2843 2.
834 2793 904 2845 sent.
930 2788 994 2844 dist.
1013 2793 1055 2845 33.
1082 2793 1186 2859 quaest.
1212 2804 1278 2859 pen·
1304 2784 1378 2837 citur
1390 2803 1502 2855 poenae
1520 2805 1634 2856 sensus,
1651 2791 1703 2843 sed
1720 2807 1776 2844 non
1796 2789 1897 2842 liberat
1913 2806 1961 2843 eos
1981 2790 2017 2842 ab
2034 2790 2139 2843 interno

442 2872 492 2929 ult.
534 2874 618 2930 Unde
648 2860 713 2929 mos'
735 2878 847 2943 enatus,
885 2872 1005 2928 10100100
1038 2889 1095 2928 000
1123 2873 1278 2945 baptizatos
1305 2872 1419 2942 dolore,
1446 2875 1495 2942 qui
1516 2877 1642 2946 sepritur
1664 2892 1697 2928 ec
1721 2876 1826 2929 ambra
1853 2875 2026 2929 beatitudine
2043 2874 2139 2943 senpi-

443 2958 605 3014 ceremoniis
629 2959 789 3030 sepulturae
809 2957 984 3014 Christianae
1002 2959 1152 3015 fraudandi
1175 2976 1278 3032 eosque
1303 2964 1401 3011 100000
1416 2961 1576 3024 felicitatis.
1616 2962 1720 3023 Quinta
1737 2962 1872 3015 sentemia
1890 2964 1987 3030 docet,
2003 2962 2139 3031 par-cetos

443 3045 473 3099 in
494 3045 629 3115 peculiari
655 3046 748 3117 aliquo
772 3045 929 3102 coemeterii
957 3046 1060 3119 angulo
1089 3052 1180 3102 terrae
1202 3064 1278 3101 man-
1300 3053 1421 3114 propter
1441 3048 1581 3115 oripinale
1596 3055 1743 3118 peccatum
1765 3056 1881 3116 retroque
1902 3064 2004 3118 penere
2021 3065 2137 3118 poenae,

443 3130 537 3188 dandi.
580 3131 745 3187 Dominicus
777 3149 794 3186 0
825 3131 891 3188 Soto
922 3130 984 3188 libr.
1012 3138 1034 3187 2.
1063 3133 1098 3187 de
1124 3139 1226 3188 nutura
1251 3137 1279 3188 et
1305 3132 1405 3185 (100001
1425 3129 1532 3187 scilibet
1558 3142 1585 3187 et
1605 3152 1702 3189 sensus
1718 3136 1748 3190 in
1768 3136 1895 3205 pebcnna
1908 3144 2062 3207 perpetuo,
2082 3155 2137 3190 cru·

442 3218 576 3290 petiae.
597 3224 637 3274 10.
655 3219 687 3273 in
705 3218 824 3273 ecelesia
845 3218 1104 3273 constitutissimnm
1124 3236 1182 3275 esse
1201 3219 1278 3289 dicit,
1304 3218 1387 3274 cieri.
1428 3218 1524 3275 Habes
1553 3220 1709 3292 exemplum
1726 3238 1875 3278 consensus
1894 3220 2036 3276 Pontificii
2054 3228 2137 3277 10010

442 3306 551 3360 nullum
573 3305 725 3374 paruulum
750 3305 852 3373 absque
877 3306 1014 3374 baptismo
1032 3306 1062 3359 in
1082 3323 1126 3374 re,
1150 3323 1230 3376 quem
1249 3308 1279 3361 in
1304 3322 1370 3374 pere
1395 3305 1597 3377 depraedicati,
1623 3326 1685 3363 cum
1709 3315 1822 3379 praeter
1838 3308 1954 3380 primam
1975 3310 2136 3364 sententian

441 3401 504 3446 uoto
525 3392 628 3447 babere
652 3410 708 3447 non
730 3400 837 3462 potest,
860 3394 969 3446 intrare
992 3410 1106 3463 repnnm
1131 3396 1278 3451 coelorum.
1304 3390 1427 3463 reliquae
1451 3411 1544 3449 omnes
1572 3411 1636 3449 0000
1658 3394 1853 3449 inPontificia
1876 3394 1996 3450 ecclesia
2018 3396 2137 3451 habeant

442 3477 629 3533 ”Lindanus
654 3477 717 3534 libr.
736 3484 760 3533 4.
783 3477 895 3548 panopl.
926 3495 950 3535 o.
970 3484 1010 3535 15.
1030 3497 1081 3551 pro
1100 3480 1208 3537 haeresi
1226 3482 1278 3538 Pe·
1304 3485 1461 3535 assertores.
1504 3482 1659 3537 Secundam
1686 3482 1758 3537 enim
1782 3482 1958 3553 amplectitur
1976 3482 2136 3538 Ambrosius

442 3564 554 3636 lagiana
572 3563 794 3619 Protestantibus
813 3563 958 3637 impingit,
986 3568 1061 3638 quod
1081 3567 1212 3636 doceant,
1236 3570 1278 3622 in·
1306 3562 1471 3621 Catharinus
1494 3574 1522 3621 et
1547 3568 1654 3625 Albcrt.
1673 3567 1807 3640 Piggius;
1843 3568 1953 3624 tertiam
1972 3568 2095 3624 Thomas
2112 3573 2136 3623 et

436 3654 538 3720 fantes
563 3651 623 3704 sine
642 3652 780 3719 baptismo
795 3667 880 3721 posse
899 3651 1016 3706 salvari.
1052 3652 1278 3723 Respondemus:
1304 3650 1410 3723 aliquot
1434 3651 1596 3709 scholastici
1623 3653 1765 3724 doctores;
1801 3662 1928 3726 quartam
1954 3653 2135 3718 Lombardus‚

443 3738 496 3793 boc
521 3736 668 3807 Pelagiani
688 3753 745 3792 non
763 3737 932 3808 docuerunt,
956 3738 1005 3793 sed
1020 3741 1157 3810 proprius
1178 3744 1208 3796 in
1225 3745 1278 3798 bac
1305 3756 1387 3809 quem
1411 3738 1459 3794 alii
1485 3740 1610 3795 nonnulli
1630 3745 1695 3795 sunt
1713 3742 1815 3810 secuti3
1841 3742 1967 3813 quintam
1988 3741 2135 3815 Gregorius

439 3832 526 3895 parte
555 3839 637 3876 error
662 3824 886 3894 Pelapianorum
913 3825 973 3890 fuit
1005 3842 1110 3894 nepare
1134 3838 1278 3899 peccatum
1305 3825 1457 3880 Arimensis
1481 3832 1509 3880 et
1527 3825 1590 3881 Joh.
1608 3826 1720 3882 Driedo.
1745 3827 1820 3883 unde
1842 3834 1909 3883 02.
1930 3824 2029 3902 §.boc
2050 3829 2134 3882 solun

445 3910 564 3979 originis
591 3910 765 3979 simpliciter.
813 3911 998 3968 Bellarminus
1029 3913 1063 3968 de
1092 3919 1148 3969 not.
1181 3917 1277 3973 eccles,
1303 3910 1407 3967 fatetur
1432 3911 1617 3967 Bellarminus
1648 3917 1785 3982 quosdam
1817 3913 2008 3969 scholasticos
2040 3914 2136 3970 consti-

446 4013 469 4053 0.
491 4003 514 4052 9.
538 4000 589 4049 art.
613 4002 656 4052 45.
692 3995 843 4068 Gregorius
864 3997 899 4053 de
918 3997 1028 4054 Valent.
1053 4000 1088 4055 de
1113 4017 1188 4072 pecc.
1210 4004 1279 4077 orig,
1304 4007 1381 4052 tuere
1404 4000 1529 4066 infantes
1552 4000 1582 4054 in
1600 4008 1687 4070 parte
1712 4001 1823 4068 inferni
1840 4001 1954 4071 altiore,
1974 4020 2060 4073 cruam
2079 4004 2135 4057 lim-

446 4098 469 4137 0.
485 4089 509 4138 2.
541 4081 640 4137 Merito
657 4099 724 4154 ergo
741 4082 787 4138 bic
804 4082 904 4154 aliquis
922 4084 1021 4140 dixerit
1038 4103 1102 4140 cum
1116 4087 1232 4144 Ernsmo
1250 4092 1278 4145 in
1305 4088 1367 4139 bum
1381 4104 1536 4156 puerorum
1550 4087 1705 4158 appellant,
1718 4083 1855 4157 precedam
1868 4105 1933 4143 uero
1946 4107 2008 4143 cum
2022 4090 2137 4144 00010010

445 4170 524 4238 epist.
562 4168 599 4223 ad
631 4169 712 4225 Card.
742 4169 868 4240 Mogunt.
902 4186 966 4240 pag.
996 4177 1054 4227 475.
1088 4172 1152 4227 edit.
1191 4176 1278 4236 Baril,
1305 4174 1449 4227 donaretis
1473 4174 1504 4228 in
1524 4175 1642 4228 minden
1665 4173 1756 4228 locum
1776 4175 1985 4246 correctique,
2010 4177 2057 4231 001
2075 4192 2135 4232 vero

444 4270 507 4310 ann.
530 4261 609 4311 1521:
629 4259 806 4326 Compertum
823 4264 873 4321 001,
894 4258 1032 4311 (10000010
1051 4260 1278 4319 01100νο11ραὶη
1304 4257 1490 4314 Bellarmiuus
1517 4259 1646 4315 aceedit?
1676 4276 1699 4314 e.
1724 4265 1749 4316 2.
1779 4259 1893 4327 asserit,
1915 4263 2057 4331 parvulos
2080 4263 2135 4316 sine

445 4340 525 4394 libris
551 4343 680 4408 Lrnberi,
711 4360 783 4413 quae
810 4344 840 4396 in
875 4344 1042 4399 Bernharrli
1072 4346 1277 4419 Aupustiniqne
1304 4346 1440 4414 baptismo
1452 4348 1615 4401 0100οἀ001100
1626 4346 1724 4401 mortis
1736 4333 1867 4400 00100000
1879 4350 2060 4403 damnandos
2074 4364 2135 4402 0000.

444 4425 525 4479 libris
551 4436 582 4480 ut
600 4430 758 4482 ortlrodona
781 4429 836 4481 imo
859 4436 884 4482 et
906 4429 960 4498 pia
980 4430 1163 4497 lamentant*
1199 4436 1278 4492 Hun.
1303 4438 1372 4486 01.
1396 4432 1514 4502 probare
1537 4440 1668 4499 conatur,
1687 4436 1828 4503 paruulos
1851 4435 1912 4489 sine
1937 4436 2136 4506 1001100010-

444 4528 526 4583 gerus
550 4513 579 4567 in
605 4514 703 4585 colloq.
728 4513 921 4569 Ratisbonens.
948 4533 975 4585 p.
997 4521 1038 4571 31.
1063 4518 1128 4572 edit.
1156 4517 1277 4579 Lutea:
1304 4521 1429 4572 cedentes
1447 4523 1784 4592 nonpunienclospocna
1802 4523 1973 4577 0000000100
1990 4522 2138 4593 ipnissen·

446 4599 598 4667 Ejrssmodi
614 4601 749 4669 infantes,
766 4601 817 4672 qni
830 4602 891 4655 sine
905 4600 1041 4671 baptismo
1057 4605 1201 4675 decedunt,
1221 4628 1277 4662 nan
1303 4605 1403 4661 sibilis.
1445 4622 1469 4661 0.
1495 4613 1519 4663 6.
1549 4607 1674 4680 disputat
1698 4614 1795 4664 contra
1823 4607 1958 4663 Thomum
1993 4614 2022 4665 et
2051 4611 2136 4665 Bona·

443 4686 598 4754 salvantur,
616 4690 693 4756 quod
711 4696 750 4743 est
765 4690 841 4758 fides
863 4687 1018 4745 Catholica.
1053 4690 1277 4766 ”Huugeriano
1304 4696 1466 4759 venturam,
1491 4695 1640 4764 probabile
1667 4711 1738 4763 esee,
1756 4696 1895 4765 paruulos
1919 4695 1987 4750 illos
1999 4714 2137 4765 passrrros

410 4778 412 4782 '
444 4770 485 4825 illi
511 4770 595 4827 effato
620 4772 649 4826 10
674 4774 771 4830 eodem
799 4774 952 4845 colloquio,
986 4775 1010 4828 si
1037 4783 1113 4831 recte
1140 4780 1278 4852 aestimes,
1304 4779 1465 4833 interiorem
1477 4781 1566 4834 anr'ni
1579 4782 1714 4851 dolorem,
1729 4782 1856 4852 qrmrnois
1867 4782 2053 4855 mitissimum,
2065 4785 2138 4855 qnod

444 4857 609 4913 contradicit
631 4857 775 4914 Tannerus
801 4878 829 4931 p.
854 4865 912 4915 257.
938 4859 1004 4915 edit.
1022 4860 1170 4919 Lubente
1207 4869 1277 4924 Ano-
1304 4866 1411 4921 scilicet
1430 4868 1598 4938 intellipcnt,
1622 4886 1651 4923 se
1676 4869 1845 4943 beatitudine
1865 4871 2011 4941 priuatos,
2041 4891 2060 4925 a
2077 4889 2137 4925 con·

444 4944 501 5001 rius
522 4943 630 5000 Jeeuita
652 4944 701 5001 lib.
720 4950 744 5003 2.
771 4946 857 5003 100111.
875 4947 970 5003 moral.
991 4964 1014 5002 c.
1038 4954 1082 5005 17:
1110 4953 1277 5024 Aliquando
1304 4954 1390 5007 sartio
1402 4956 1518 5023 piarum
1535 4957 1661 5021 fratrum
1678 4963 1705 5010 01
1717 4963 1869 5026 parentum
1887 4956 2137 5027 0110000000-

444 5032 604 5102 aliquorum
624 5039 740 5101 patrum
764 5035 861 5103 opinio
885 5053 947 5090 cum
971 5037 1111 5091 communi
1136 5040 1278 5112 tbeolopa-
1305 5056 1393 5095 cerem
1410 5042 1519 5111 inferni
1535 5045 1663 5097 detrusos
1681 5051 1706 5097 ct
1724 5044 1752 5096 in
1768 5042 1887 5097 tencbmb
1894 5044 2042 5113 perpetuis
2056 5043 2137 5098 011001

444 5137 506 5175 rtem
530 5119 666 5173 sententio
688 5128 814 5191 pupnat,
844 5129 875 5176 ut
900 5140 961 5176 cum
979 5125 1079 5178 elocent
1098 5133 1211 5196 patres,
1237 5130 1278 5183 in-
1305 5133 1423 5181 acturos.
1458 5128 1501 5183 De
1530 5128 1632 5201 quibus
1658 5128 1785 5184 omnibus
1814 5128 1855 5183 ita
1882 5128 2008 5200 disputat
2034 5129 2137 5193 Beller-

437 5208 540 5274 suntes
568 5205 671 5276 absque
707 5205 842 5274 baptismo
870 5210 1018 5263 morientes
1049 5212 1113 5279 ipne
1138 5222 1277 5284 perpetuo
1305 5212 1408 5280 minua,
1432 5233 1464 5270 00
1488 5216 1511 5269 01
1537 5233 1569 5271 er
1587 5215 1716 5272 infernali
1738 5214 1785 5272 illo
1804 5214 1941 5270 infantum
1961 5233 2073 5274 earcere
2091 5234 2137 5272 nu·

444 5292 577 5347 cruciari.
621 5291 779 5346 Communis
806 5299 898 5347 antem
919 5294 1156 5352 Sciralaatie‘ernm
1181 5302 1277 5369 opinio
1304 5317 1355 5371 per
1374 5301 1409 5355 ad
1429 5319 1478 5357 nos
1497 5303 1632 5360 rediisset.
1894 5308 1905 5321 “

445 5386 485 5434 est
505 5387 532 5432 et
554 5380 660 5448 nerim,
684 5396 731 5433 000
750 5395 845 5449 poena
866 5396 963 5435 sensus
983 5399 1038 5436 non
1057 5384 1173 5456 puniri;
1210 5389 1241 5423 **
1251 5395 1279 5444 01
1340 5392 1397 5442 215.
1439 5388 1667 5444 itiTortullianus
1698 5388 1761 5446 libr.
1789 5390 1824 5446 de
1851 5387 1991 5460 baptismo
2016 5389 2139 5462 disputat

444 5465 506 5522 libr.
532 5471 557 5521 9.
590 5470 655 5523 tom.
683 5471 705 5523 1.
734 5481 800 5521 mor.
833 5481 856 5519 0.
886 5471 926 5522 33.
955 5465 983 5543 ὅ.
1013 5476 1035 5526 3.
1063 5471 1189 5539 infantes
1216 5476 1277 5528 atc-
1304 5474 1436 5529 advorsus
1465 5475 1641 5543 Quintillum,
1666 5476 1797 5531 feminam
1820 5476 1944 5531 haeresis
1970 5476 2046 5534 illius
2066 5478 2138 5533 nei·

444 5569 496 5622 qrre
514 5552 650 5621 baptismo
668 5553 752 5606 etiam
770 5553 799 5605 in
816 5568 885 5606 casu
897 5557 1068 5611 necessitatis
1081 5566 1205 5615 mortuos
1220 5579 1279 5618 0000
1304 5560 1361 5616 riae
1385 5562 1549 5635 auctricem,
1573 5580 1644 5636 quse
1662 5563 1831 5636 baptismum
1851 5562 1888 5617 ad
1908 5563 2028 5619 00101001
2047 5583 2137 5622 neccs-

444 5640 542 5693 rnortis
567 5638 901 5696 mensurarentur
937 5639 1081 5699 Lindanus
1106 5646 1168 5703 libr.
1188 5654 1210 5704 4.
1228 5666 1276 5720 pa·
1304 5647 1406 5702 sarium
1429 5666 1488 5705 esse
1507 5651 1689 5723 pernegabat,
1717 5669 1800 5724 quarn
1827 5649 1960 5707 feminam
1989 5650 2138 5707 Tertullin-

444 5724 1161 5797 nepio.15.nseconaennanacs.tto1donnusin
1175 5735 1276 5795 Matth.
1304 5751 1356 5789 000
1377 5735 1454 5792 101110
1472 5739 1566 5793 statim
1585 5739 1646 5809 ejus
1666 5738 1754 5795 libelli
1773 5744 1855 5794 vocat
1872 5739 2001 5810 emeram
2020 5747 2048 5795 01
2067 5740 2138 5809 api·
2165 5780 2167 5784 ι

445 5816 488 5880 25,
507 5830 534 5870 v.
555 5818 598 5868 23.
611 5814 723 5886 perire,·
750 5814 936 5871 Bellarminus
952 5813 999 5873 lib.
1021 5823 1043 5873 1.
1064 5819 1098 5876 de
1116 5819 1191 5892 bapt.
1210 5839 1233 5877 0.
1249 5830 1276 5880 t.
1304 5825 1375 5894 dem,
1388 5827 1466 5892 procl
1476 5826 1704 5897 taprinne'aqnas
1715 5828 1837 5896 srrperct,
1852 5843 1915 5878 riam
1929 5825 2044 5898 (inquit)
2057 5843 2137 5882 uerae
