4800 6659
957 674 1009 732 Da
1025 675 1139 734 BONIS
1159 675 1357 736 OPERIBUS.
1945 691 2002 746 105

308 828 527 885 adversitatibus
557 837 585 886 et
601 832 838 902 persecutionibus
861 839 975 904 propter
998 834 1088 889 carnis
1105 833 1144 887 in·
1171 843 1271 890 noceat
1290 837 1338 894 eir.
1382 835 1474 904 Atque
1491 835 1535 889 bia
1563 834 1668 889 similes
1684 840 1749 888 enat
1768 835 1815 902 bi,
1843 835 1893 903 qai
1911 833 2005 889 calam

308 914 471 972 firmitatem
487 917 579 971 animo
597 917 756 987 deJicimur,
776 920 914 991 erigamus
932 938 982 975 nos
999 921 1074 992 ipsos
1092 920 1146 992 piis
1171 925 1272 992 Deam,
1289 922 1389 976 nasibi
1405 930 1503 976 noceat
1520 923 1551 976 in
1564 923 1712 990 praesenti
1727 921 1820 976 secale
1835 930 1861 975 et
1880 924 2003 989 neforte

309 1001 345 1057 de
371 1003 460 1073 gloria
481 1003 556 1058 vitae
582 1009 710 1060 aeternae
729 1004 894 1062 afflictiones
915 1012 1044 1061 secutura
1061 1006 1145 1061 medi·
1171 1009 1254 1062 etiam
1272 1018 1339 1079 poet
1362 1017 1477 1062 mortem
1503 1008 1649 1078 adjudicet
1672 1009 1748 1078 ipsm
1771 1009 1919 1077 pebennae.
1964 1010 2003 1062 Et

307 1088 473 1146 tationibus.
498 1095 523 1144 3.
541 1088 599 1145 Nec
617 1089 668 1146 boc
686 1092 714 1145 in
722 1093 883 1164 quaestione
894 1094 1004 1165 proprie
1016 1094 1143 1169 positum,
1171 1096 1239 1149 lraec
1263 1098 1374 1165 quidem
1396 1097 1472 1150 ratio
1492 1097 1564 1149 bona
1582 1103 1636 1164 eet,
1664 1103 1695 1148 at
1713 1096 1817 1164 aliquis
1833 1096 1889 1148 eibi
1906 1096 2002 1149 timeat
2029 1117 2032 1120 ⁴

309 1191 347 1229 an
367 1175 455 1231 solum
483 1177 529 1232 vel
549 1179 697 1249 praecipue
714 1179 743 1233 in
760 1181 888 1251 operibns
915 1181 1070 1236 mercedem
1086 1197 1146 1250 sps—
1171 1199 1190 1234 a
1208 1182 1309 1251 ΠΕΟ,
1337 1185 1389 1236 aed
1411 1199 1467 1235 non
1490 1190 1529 1235 ert
1550 1182 1763 1247 fondamentum
1785 1182 1873 1235 mdia
1903 1182 2003 1249 divini,

310 1269 387 1317 ctare
409 1263 578 1334 debeamus,
602 1265 642 1319 ita
666 1272 699 1319 ut
716 1266 739 1319 si
765 1284 870 1323 merces
889 1268 966 1322 nulla
983 1273 1069 1334 essct,
1094 1282 1146 1320 nco
1172 1270 1240 1338 qnia
1255 1269 1414 1337 praecipua
1430 1286 1529 1336 caasa,
1553 1270 1595 1320 ad
1617 1284 1700 1336 quam
1724 1268 1855 1336 intendit,
1883 1276 1921 1321 est
1935 1286 2003 1338 pro·

309 1347 431 1404 Domino
449 1351 624 1420 serviremus,
644 1352 672 1405 id
691 1353 763 1406 enim
781 1353 1035 1425 ipseBellarminus
1053 1361 1145 1425 negat.
1167 1355 1265 1423 priam
1291 1357 1472 1410 commodam.
1517 1354 1609 1408 Multi
1629 1370 1737 1422 quoqne
1764 1354 1857 1406 colant
1884 1370 1944 1407 enm
1968 1372 2003 1408 ea

309 1437 373 1489 Noa
391 1437 504 1508 (inquit)
523 1457 579 1492 non
598 1439 729 1508 dicimus,
752 1441 783 1493 in
808 1442 886 1495 bonis
910 1442 1039 1510 merides
1057 1441 1147 1494 colam
1172 1442 1340 1511 conditione,
1359 1451 1389 1495 at
1408 1441 1566 1508 benefaciat
1582 1442 1653 1510 ipris
1671 1441 1701 1493 in
1712 1441 1861 1508 praesenti
1875 1441 2003 1494 ranna

310 1531 361 1575 ant
377 1525 533 1594 praecipue
545 1527 727 1594 spectandam
737 1542 796 1580 esee
809 1531 970 1591 mercedem,
989 1529 1042 1580 sed
1053 1528 1146 1581 Deum
1172 1527 1202 1581 in
1221 1530 1319 1591 saturo
1339 1530 1441 1592 seculo,
1458 1545 1529 1598 qnae
1546 1535 1571 1581 et
1588 1527 1655 1595 ipra
1674 1527 1745 1580 bona
1764 1529 1840 1581 ratio
1858 1535 1914 1595 eet,
1935 1528 2001 1597 qnia
2098 1537 2102 1543 ’

309 1612 426 1678 ejusque
455 1610 578 1678 aleriam
609 1619 741 1680 tanquam
774 1615 856 1678 tinem
884 1615 1019 1668 nltimam.
1064 1620 1088 1668 1.
1112 1611 1146 1666 Id
1172 1615 1306 1682 creditur,
1330 1617 1407 1683 qnod
1426 1617 1506 1668 Deae
1522 1615 1575 1680 sit,
1594 1614 1645 1683 qni
1659 1616 1796 1682 rependat
1815 1615 1915 1668 bonam
1933 1631 2002 1667 mer·

310 1711 378 1766 ergo
398 1697 510 1767 proprie
530 1697 679 1767 quaeritur,
697 1715 734 1752 an
746 1698 848 1754 intuitu
860 1700 994 1755 mercedis
1008 1705 1146 1767 aeternae,
1172 1703 1272 1756 cedem.
1307 1702 1408 1757 Veram
1419 1703 1548 1755 neclaec
1561 1701 1720 1770 praecipua
1739 1710 1876 1755 caueaeet
1891 1702 2004 1755 comedi

310 1779 364 1835 hoc
389 1788 432 1836 est
460 1782 548 1852 ipsius
578 1783 652 1838 vitae
679 1791 807 1839 aeternae
837 1785 970 1841 mercedis
999 1786 1067 1849 loco,
1098 1802 1147 1855 per
1172 1787 1274 1843 Deam.
1310 1788 1385 1841 Nam
1409 1806 1532 1841 mmmas
1549 1788 1656 1856 pradia
1676 1787 1789 1840 colendi
1805 1789 1900 1840 Deam
1925 1804 2002 1841 crea·

310 1884 425 1937 operum
452 1868 552 1923 merita
575 1869 741 1926 obtinendae
761 1871 831 1926 bone
848 1871 957 1942 operari
974 1870 1145 1926 debeamus?
1171 1880 1258 1926 terem
1286 1881 1340 1941 eet,
1381 1881 1410 1926 nt
1444 1873 1551 1927 serviae
1582 1875 1609 1925 ei
1642 1889 1674 1925 ec
1710 1872 1858 1926 dilectione
1892 1882 1919 1927 et
1945 1891 2002 1927 non

310 1952 355 2009 Ibi
386 1971 454 2010 vero
477 1955 546 2026 quid
574 1956 794 2027 respondendnm
819 1957 868 2022 sit,
898 1975 931 2013 ex
958 1957 1145 2028 superioribus
1169 1966 1335 2028 propterea,
1361 1968 1393 2014 nt
1418 1961 1571 2015 mercedem
1598 1960 1655 2012 aiae
1680 1960 1842 2029 praemium
1866 1960 1999 2031 accipiar.

310 2040 386 2095 facili
412 2041 528 2113 negotio
553 2050 677 2113 apparet.
718 2042 789 2099 Cum
811 2044 884 2099 enim
908 2046 984 2100 bona
1006 2059 1091 2116 opera
1116 2043 1145 2097 in
1171 2046 1263 2114 Atque
1289 2046 1353 2100 binc
1377 2054 1417 2100 eet
1440 2048 1518 2116 qaod
1541 2046 1673 2100 dianam
1696 2047 1840 2116 manietri:
1877 2048 1920 2101 Ne
1938 2047 2001 2101 sitis

311 2145 340 2183 se
363 2144 420 2182 non
438 2127 562 2184 habeant
578 2128 650 2183 hanc
666 2129 722 2184 vim
740 2147 774 2185 ac
792 2130 969 2202 dignitatem,
989 2137 1021 2185 ut
1043 2148 1094 2202 per
1111 2147 1144 2186 ac
1170 2133 1276 2187 eimrlee
1300 2133 1401 2203 servre,
1434 2133 1484 2203 qai
1505 2134 1628 2188 acridani
1646 2133 1770 2189 Domino
1794 2149 1826 2188 eo
1844 2142 1948 2204 pacto,
1971 2142 2001 2188 at

310 2221 423 2285 proptor
444 2215 544 2270 merita
563 2233 656 2272 eorum
670 2218 757 2272 sitam
773 2225 914 2273 aeternam
936 2217 1061 2273 obtinere
1081 2235 1143 2289 pos·
1170 2211 1311 2289 recepiant
1330 2222 1490 2274 mercedem
1529 2220 1602 2283 Quin
1614 2221 1711 2290 potiar
1727 2221 1828 2288 delicet
1845 2220 1998 2275 Dominum
2057 2289 2059 2294 Ι

312 2301 409 2369 simus;
442 2318 507 2356 cum
536 2302 583 2356 alii
610 2304 639 2358 in
670 2303 817 2375 Scripturis
848 2303 918 2359 fines
948 2310 1144 2375 proponantur,
1170 2307 1198 2359 in
1222 2314 1278 2360 toto
1303 2308 1387 2360 corde
1409 2314 1455 2361 tao
1477 2307 1554 2361 etin
1577 2315 1637 2360 tota
1661 2306 1757 2360 anima
1783 2314 1832 2360 tna
1851 2315 1877 2360 et
1894 2309 1924 2361 in
1941 2316 2001 2361 tota

310 2394 421 2458 propter
440 2389 718 2459 quoslaciendssint
736 2390 922 2461 operabam,
943 2390 1061 2461 denique
1079 2407 1142 2445 cum
1169 2391 1323 2444 roborantia
1340 2401 1390 2444 tao
1407 2394 1495 2447 etet*
1531 2391 1626 2448 Verba
1645 2391 1774 2448 Hebraea
1794 2393 1860 2448 vide
1876 2393 1905 2447 in
1927 2394 2000 2448 notis

311 2473 366 2527 vita
391 2481 508 2531 aeterna
531 2492 564 2531 ex
589 2476 649 2531 sola
666 2475 720 2532 Dei
744 2477 836 2548 gratia
862 2482 890 2530 et
914 2483 1026 2547 propter
1056 2478 1143 2532 solnm
1170 2476 1311 2533 Tremellii
1337 2477 1374 2532 ad
1399 2477 1513 2548 paraph.
1541 2477 1646 2549 Syriae.
1675 2478 1774 2533 Matth.
1804 2484 1844 2534 22.
1868 2486 1896 2535 et
1924 2478 1999 2549 apud

311 2558 449 2615 Christum
474 2561 529 2617 fide
561 2563 762 2634 apprehensum
784 2563 866 2619 nobis
885 2564 1042 2635 contingat,
1071 2564 1145 2618 unde
1170 2561 1294 2620 Schindl.
1319 2561 1348 2616 in
1362 2563 1425 2636 ,lea
1443 2564 1565 2634 pentagt
1583 2564 1612 2619 in
1631 2581 1697 2620 roes
1714 2567 1787 2633 pia.
1807 2565 1880 2632 (Hoc
1895 2565 1998 2620 dictum

312 2648 391 2702 etiam
405 2648 536 2723 χάρισμα
556 2651 606 2703 τοῦ
627 2654 696 2706 θεοῦ
715 2652 745 2706 tr
765 2652 875 2724 Χριστῷ
894 2656 1008 2704 vocatur
1025 2649 1105 2707 Rom.
1119 2656 1143 2719 6,
1170 2649 1303 2721 Antigoni
1323 2655 1421 2720 postea
1436 2650 1602 2706 Tsaddolrus
1614 2650 1674 2721 ejus
1689 2650 1840 2721 discipulus
1858 2657 1907 2705 ant
1920 2651 1997 2722 igno·

311 2750 335 2790 r.
363 2739 404 2790 13.
433 2735 497 2791 ideo
520 2736 679 2808 negandum
703 2736 756 2791 hoc
779 2736 835 2792 fine
858 2743 887 2791 et
910 2736 963 2791 bac
993 2736 1145 2792 intentione
1169 2736 1260 2791 rantia
1284 2742 1334 2791 sut
1357 2736 1532 2807 improbitate
1557 2737 1731 2808 depravavit,
1764 2737 1828 2791 hinc
1854 2753 1998 2808 perperam

313 2821 481 2892 operandum
502 2839 571 2878 esse.
618 2830 641 2878 5.
658 2822 687 2877 Si
703 2840 770 2879 vero
790 2829 938 2894 quaeratur
954 2839 1009 2877 non
1028 2823 1063 2878 de
1084 2823 1145 2893 ipsa
1170 2820 1318 2894 colligens,
1349 2839 1400 2877 nec
1426 2821 1578 2878 benefactis
1599 2824 1735 2894 praemia,
1763 2841 1815 2880 nec
1846 2824 1999 2880 malefactis

313 2908 368 2963 rita
385 2915 508 2977 aeterna,
528 2908 578 2965 sed
596 2909 631 2964 do
648 2910 776 2981 praemiis
794 2911 823 2965 in
840 2910 893 2964 hnc
919 2915 947 2965 et
963 2909 1057 2964 futura
1077 2910 1143 2978 vita,
1170 2925 1273 2978 poenas
1283 2909 1416 2979 repositas
1424 2926 1492 2973 esse,
1505 2910 1580 2965 unde
1596 2918 1672 2966 secta
1689 2910 1911 2967 Sadducaeorum
1931 2918 1998 2967 orta

312 3013 346 3050 sn
369 2997 474 3051 intuitu
499 3013 593 3051 eorum
616 2998 688 3053 bens
714 2997 822 3069 operari
845 2998 1009 3063 debeamus,
1037 2997 1089 3067 (ita
1113 3003 1144 3051 ut
1170 2992 1321 3066 Gregorius
1333 2994 1521 3052 Nazianzenus
1535 3002 1603 3068 orat,
1615 3002 1657 3051 40.
1670 2996 1737 3053 iuS.
1751 2997 1833 3069 Bapt.
1845 3015 1872 3068 p.
1886 3003 1949 3054 645:
1965 2997 2000 3052 Si

264 3089 300 3135 ut
311 3081 414 3136 meritis
438 3083 540 3138 nostris
564 3100 598 3139 ea
619 3100 669 3138 nos
693 3082 817 3138 obtinere
843 3086 994 3154 speremus)
1014 3082 1143 3154 jubemus
1169 3098 1265 3135 ceruice
1282 3099 1323 3148 es,
1337 3083 1443 3152 pbrpae
1459 3091 1562 3152 metae·
1579 3082 1606 3136 ei
1622 3085 1828 3152 mercenariae,
1845 3087 1997 3138 mercedem

311 3169 478 3224 considerari
508 3171 653 3241 sequentia
681 3171 867 3226 firndamenta
919 3178 940 3227 1.
971 3169 1060 3224 Filius
1088 3187 1143 3224 non
1170 3171 1309 3224 dantaaat
1325 3178 1438 3240 epecta,·
1466 3171 1512 3224 εἰη
1533 3179 1626 3224 antem
1644 3189 1732 3240 cupra
1749 3172 1799 3225 boe
1817 3173 1943 3239 aerarais
1963 3189 1997 3224 ac

311 3255 485 3327 obtemperat
496 3257 659 3327 parentibus
674 3257 777 3312 intuitu
789 3257 929 3326 mercedis,
951 3257 1000 3311 sed
1015 3274 1048 3312 er
1061 3257 1143 3311 corde
1163 3256 1245 3323 filiae
1259 3274 1301 3326 er,
1327 3266 1357 3310 at
1370 3265 1482 3327 patrem
1498 3274 1592 3312 cerne
1614 3275 1649 3311 ac
1666 3259 1744 3312 bonis
1763 3258 1891 3327 oper-ibice
1908 3259 1995 3326 stade,

310 3342 416 3397 sincero
434 3349 463 3398 et
480 3341 567 3397 filiali.
614 3344 715 3398 Renati
732 3349 797 3398 sunt
814 3345 874 3397 Dei
885 3344 953 3411 filii.
997 3343 1071 3415 Ergo
1095 3344 1142 3398 ob·
1169 3343 1346 3412 qniabonam
1363 3351 1404 3397 eet
1418 3345 1500 3414 patri
1515 3345 1714 3413 obtemperare,
1736 3343 1847 3397 etiamsi
1863 3360 1895 3397 ea
1914 3359 1949 3397 ea
1964 3360 1996 3398 re

310 3435 467 3500 temperant
483 3430 596 3485 coelesti
613 3432 720 3501 parenti
739 3447 795 3485 non
813 3430 916 3486 intuitu
934 3431 1076 3501 mercedis,
1094 3430 1142 3486 sed
1169 3429 1242 3482 nibil
1268 3437 1397 3498 quaeram
1420 3431 1462 3483 ad
1485 3437 1510 3483 tc
1537 3430 1693 3484 redituram
1715 3430 1759 3485 sit.
1806 3429 1996 3500 ”Theologia

309 3530 340 3569 ex
365 3516 452 3570 eorde
475 3515 583 3571 sincero
610 3520 639 3570 et
660 3515 746 3570 filiali.
787 3515 878 3586 Major
904 3522 946 3572 est
971 3516 1038 3570 satis
1056 3515 1142 3569 mani·
1170 3513 1336 3570 Germanica
1354 3531 1372 3570 a
1389 3515 1422 3570 B.
1434 3515 1556 3571 Luthero
1573 3515 1686 3571 laudata
1705 3533 1728 3572 c.
1748 3521 1794 3572 ³6:
1816 3516 1873 3578 Qui
1892 3516 1998 3571 Christi

309 3599 386 3656 testa
436 3600 467 3657 Si
494 3602 567 3657 euim
593 3601 694 3657 intuitu
713 3602 846 3658 mercedis
866 3602 957 3657 filialis
985 3602 1143 3658 obedientia
1168 3602 1254 3655 citam
1283 3602 1347 3656 ideo
1377 3601 1470 3672 nabe,
1499 3609 1529 3654 at
1557 3619 1591 3656 ea
1615 3603 1727 3671 aliquid
1757 3610 1922 3671 assequatur
1946 3609 1996 3655 aut

307 3693 497 3758 pnestaretur
520 3688 566 3743 vel
591 3690 726 3760 praestari
751 3691 875 3755 deberet,
899 3690 976 3744 nulla
1002 3690 1074 3745 ieret
1091 3690 1142 3744 dii·
1169 3696 1320 3758 moratur,
1343 3688 1369 3741 ie
1386 3704 1447 3741 eam
1463 3688 1544 3742 babet
1561 3697 1592 3743 at
1610 3690 1795 3743 mercenariae
1814 3707 1870 3744 non
1892 3704 1994 3752 amore,

308 3772 426 3830 imantia
441 3775 515 3830 inter
530 3774 619 3830 filiurn
637 3782 665 3830 et
682 3794 803 3842 servum3
827 3776 897 3832 item
912 3778 1000 3847 major
1012 3774 1141 3831 obedien·
1168 3775 1213 3830 ael
1227 3776 1323 3846 potira
1341 3776 1452 3829 omnino
1471 3793 1525 3831 non
1543 3775 1629 3828 babet
1674 3775 1805 3839 Quicum
1826 3793 1881 3828 non
1900 3790 1995 3828 amore

307 3861 345 3916 tia
376 3862 528 3918 deberetur
559 3862 720 3933 parentibus
751 3862 818 3930 illia,
848 3879 865 3918 a
892 3863 993 3936 quibus
1026 3862 1142 3933 amplior
1168 3863 1259 3928 baba,
1278 3864 1303 3916 ie
1320 3879 1376 3916 non
1393 3863 1486 3929 baba,
1506 3869 1586 3931 patet
1602 3862 1666 3916 licet
1683 3878 1745 3915 eam
1761 3877 1791 3914 ee
1807 3861 1921 3930 babere,
1945 3861 1996 3914 aed

309 3954 435 4020 speratim
460 3964 573 4004 merces.
606 3948 696 4004 Minor
718 3948 875 4003 clarissimis
897 3948 1055 4020 Scripturas
1078 3965 1140 4021 pro·
1166 3950 1291 4014 fallitur.
1334 3949 1441 4004 Habuit
1459 3946 1586 4002 Circeius
1607 3948 1694 4002 ritem
1710 3964 1790 4001 neam
1807 3964 1864 4000 non
1877 3955 1995 4016 propter

309 4035 441 4090 nuntiatis
460 4035 565 4091 nititur.
602 4036 665 4093 Joh.
685 4043 711 4105 1,
733 4054 758 4089 v.
782 4041 820 4092 12.
848 4036 927 4091 Rom,
948 4042 971 4106 8,
988 4053 1015 4090 v.
1032 4042 1071 4093 lb.
1084 4043 1136 4092 etc.
1166 4039 1327 4100 mercedem,
1343 4037 1395 4089 aed
1411 4052 1512 4104 amore,
1529 4043 1556 4089 et
1572 4052 1652 4089 amor
1662 4035 1748 4089 citam
1763 4034 1859 4087 reddit
1868 4034 1994 4101 facilem,

310 4121 336 4177 Si
354 4123 444 4178 dicas:
469 4125 564 4177 renati
586 4142 643 4178 non
660 4124 750 4179 roiam
769 4133 833 4177 sant
853 4124 922 4192 etii,
940 4125 993 4176 sed
1010 4132 1036 4178 et
1051 4125 1141 4189 serci‚·
1166 4142 1221 4178 nan
1237 4140 1361 4194 procem,
1388 4123 1543 4191 efficitque,
1571 4130 1601 4175 nt
1622 4122 1740 4176 libenter
1757 4120 1890 4174 babeatar
1907 4127 1933 4173 et
1949 4137 1994 4174 co-

311 4211 401 4279 utiqne
438 4227 506 4279 erpa
532 4213 687 4265 mercedem
709 4212 740 4265 in
766 4212 896 4281 operibns
929 4211 987 4263 enie
1013 4219 1138 4281 spectare
1167 4211 1254 4265 lenter
1269 4210 1390 4274 feratur.
1420 4209 1479 4263 Sed
1497 4208 1621 4277 quicum
1639 4226 1695 4262 non
1713 4224 1808 4261 amare
1824 4206 1917 4272 babet,
1942 4207 1995 4259 esd

312 4297 424 4364 debent,·
472 4297 683 4367 respsndemus:
719 4297 844 4369 quamvis
882 4297 953 4352 servi
987 4296 1043 4351 sint
1075 4297 1139 4367 jure
1162 4304 1282 4367 propter
1298 4295 1458 4365 praemium
1476 4310 1506 4348 ee
1524 4294 1625 4348 babere
1643 4298 1743 4364 putat,
1773 4294 1837 4348 baie
1853 4301 1893 4348 eet
1911 4309 1994 4363 quam

311 4382 457 4437 creationis
477 4390 506 4437 et
522 4383 719 4454 redemptionis
739 4384 851 4439 coelesti
869 4383 987 4439 Domino
1004 4383 1138 4451 obstricti,
1165 4383 1341 4452 mardrino,
1359 4382 1394 4435 ab
1412 4397 1497 4452 eaque
1515 4380 1631 4435 libenter
1646 4382 1701 4436 cito
1719 4381 1896 4449 liberaretur,
1912 4387 1993 4448 atquae

310 4477 399 4525 umen
417 4469 579 4525 obedientia
597 4487 690 4525 eorum
707 4487 762 4525 non
781 4471 865 4525 debet
881 4486 941 4527 esse
958 4469 1073 4539 servilis,
1090 4468 1139 4524 sed
1166 4470 1217 4523 lrac
1242 4476 1283 4523 eet
1308 4470 1441 4540 cujusque
1459 4468 1627 4522 mercenarii
1647 4468 1811 4538 poprium,
1838 4476 1869 4521 at
1887 4466 1993 4521 laboris

311 4554 412 4623 filialis,
432 4556 557 4612 serviant
572 4557 647 4625 Deo,
665 4573 720 4610 non
737 4562 831 4612 autem
847 4555 988 4611 serviliter.
1024 4555 1058 4609 111
1076 4554 1139 4612 libr.
1165 4557 1212 4610 eai
1228 4558 1309 4623 finem
1327 4563 1451 4626 caepim
1486 4562 1516 4608 at
1533 4572 1614 4608 conr
1630 4562 1741 4608 amatm
1759 4571 1846 4623 neque
1862 4554 1992 4622 menen,

313 4634 402 4705 Nini!
419 4643 500 4720 '2⁸29
517 4643 681 4713 (sententiae
691 4643 817 4711 Petrum)
834 4660 857 4698 a
872 4648 893 4698 1.
905 4642 1023 4698 refertur
1035 4642 1140 4696 dictum
1165 4651 1215 4697 aat
1232 4650 1347 4713 tempas,
1365 4648 1414 4697 aar
1432 4642 1653 4712 doloremaepre
1664 4643 1731 4707 fert.
1761 4639 1863 4696 Confer
1880 4657 1904 4696 c.
1920 4641 1993 4696 10.il

312 4729 442 4801 Antigoni
471 4729 544 4785 inter
569 4729 710 4786 Hebraeos
733 4731 859 4786 doctores
885 4729 1068 4799 celeberrimi,
1092 4728 1139 4802 qui
1166 4736 1190 4787 1,
1216 4729 1380 4802 Quicunque
1405 4733 1557 4799 spontanec
1578 4727 1682 4798 Spiritu
1704 4726 1765 4782 Deo
1796 4726 1992 4799 obsequuntur,

311 4821 433 4886 tempora
451 4815 539 4871 Erras
558 4817 680 4888 proxime
698 4823 823 4887 recubu,
848 4816 922 4887 quod
944 4816 1054 4871 scholae
1071 4833 1139 4871 suae
1164 4833 1214 4872 nec
1240 4832 1343 4888 poenas
1363 4830 1414 4870 nec
1431 4815 1553 4885 praemia
1579 4813 1712 4870 hactenus
1731 4819 1815 4886 atque
1829 4813 1883 4868 hoc
1900 4829 1990 4883 respe-

311 4903 417 4973 saepius
440 4903 581 4958 inculeare
600 4903 783 4959 consueverit:
807 4904 852 4957 Ne
873 4903 935 4956 sitia
959 4904 1030 4957 sicat
1056 4903 1140 4972 servi,
1163 4909 1211 4959 ctu
1233 4903 1387 4967 intuentur,
1411 4901 1485 4973 quod
1511 4900 1583 4956 enim
1610 4899 1819 4956 comminatione
1842 4915 1992 4970 poenarum

312 4990 357 5059 qai
381 4989 546 5044 ministrant
573 4990 684 5043 dommo
714 4990 748 5045 cb
776 4990 960 5045 conditionem
993 4989 1138 5054 mercedis,
1163 4996 1347 5062 extorquetur,
1365 4989 1408 5044 vel
1428 4987 1612 5060 praemiorum
1628 4985 1807 5059 promissione
1824 4985 1944 5055 elicitur,
1963 4984 1991 5040 id

311 5077 541 5146 qnodacceptari
554 5078 611 5131 rint
623 5077 789 5145 praemium.
821 5074 1135 5148 ”Fagiusinparupb
1162 5082 1276 5131 eatenus
1302 5093 1359 5130 non
1384 5071 1564 5145 proficiscitur
1589 5090 1622 5128 ex
1643 5071 1741 5144 spiritu
1759 5079 1925 5144 spontane03
1963 5075 1992 5124 at

311 5161 389 5220 beat
415 5169 439 5219 6.
468 5162 582 5218 adducit
604 5181 637 5219 ex
663 5162 799 5219 Hebraeis
825 5164 909 5219 talem
926 5162 1134 5235 explicationem
1160 5162 1250 5218 renati
1263 5157 1990 5233 spontaneoSpirituDEOobsequuntur,Psalmitb,

311 5247 374 5321 legis
394 5249 511 5306 Denter.
527 5255 557 5304 b:
584 5249 698 5320 Dilipee
721 5249 873 5305 Dominam
896 5251 990 5303 Deam
1009 5258 1085 5303 taam
1103 5266 1137 5303 aa
1161 5266 1186 5306 r.
1207 5255 1235 5305 3:
1259 5247 1386 5318 Populea
1410 5255 1473 5300 tuas
1494 5255 1664 5316 spontaneae
1688 5247 1858 5317 sacrificabit
1888 5241 1940 5299 tibi
1960 5240 1989 5295 in

310 5344 362 5391 tcto
388 5338 484 5392 corde⁴
514 5337 615 5391 lbibas
632 5338 723 5391 modis
739 5338 886 5392 admonuit
904 5339 983 5391 Deae
1000 5336 1136 5391 Irae'litae
1160 5335 1356 5406 splendoribus
1370 5333 1535 5389 samtitatie.
1572 5330 1675 5389 Psalrn.
1703 5339 1764 5403 119,
1788 5350 1813 5391 v.
1843 5338 1905 5389 108:
1936 5330 1988 5389 Vo-

311 5425 348 5476 ad
359 5424 509 5478 colendam
519 5439 558 5487 ec,
568 5423 668 5477 timore
677 5423 786 5478 scilicet
790 5424 877 5493 jacta
891 5423 924 5476 id
933 5424 1010 5492 qnod
1017 5423 1136 5477 dmdar:
1161 5422 1288 5476 lnntaria
1307 5421 1371 5476 'oris
1393 5421 1450 5474 mci
1466 5420 1518 5474 tibi
1533 5419 1589 5474 sint
1613 5427 1706 5490 prata.
1748 5418 1823 5492 Ergo
1841 5436 1893 5476 nec
1909 5438 1987 5492 prac-

312 5510 463 5564 Dominam
480 5511 573 5563 Deam
590 5516 664 5563 amm
682 5509 806 5580 timebie,·
835 5509 992 5579 acceptione
1011 5508 1138 5579 praemii
1160 5508 1217 5564 mia
1240 5523 1293 5563 nec
1316 5522 1419 5578 poenas
1446 5506 1577 5563 hactenus
1599 5513 1684 5580 atque
1710 5506 1765 5563 boc
1790 5512 1918 5579 respectu
1948 5509 1988 5565 in·

310 5597 376 5650 rica
393 5596 516 5651 dicitar:
539 5601 571 5649 nt
589 5594 655 5649 benc
671 5596 709 5650 cit
730 5596 783 5650 tibi
799 5605 825 5650 et
836 5597 989 5666 prolanqee
1007 5596 1085 5664 dire,-
1110 5601 1136 5648 et
1160 5601 1281 5664 tuentur,
1297 5593 1361 5650 inde
1378 5591 1511 5665 Theolog.
1523 5591 1652 5650 German
1663 5593 1766 5665 passim
1779 5595 1890 5666 repetit,
1907 5597 1935 5651 ri
1944 5596 1989 5651 ael
2000 5604 2061 5649 vm,
2073 5604 2119 5648 iss.

311 5683 465 5751 dlertimrc,
483 5690 513 5736 at
531 5682 584 5737 bic.
620 5684 766 5753 Differam
784 5691 876 5737 amem
892 5682 960 5736 laec
976 5683 1136 5737 triatamen
1160 5683 1279 5737 mamma
1303 5696 1353 5735 nec
1375 5680 1481 5735 cochem
1504 5695 1554 5736 nec
1575 5681 1703 5745 infernin
1721 5688 1805 5747 acet,
1831 5690 1945 5738 renatos
1963 5691 1989 5740 et

308 5785 399 5839 perse
419 5768 512 5825 Multi
519 5768 592 5824 enim
600 5769 724 5824 bominee
732 5768 859 5838 nmmos·
863 5769 1136 5838 saciantpraecepta
1161 5769 1221 5824 Dei
1241 5763 1317 5834 filice
1339 5766 1519 5822 aebdominae
1542 5774 1635 5821 mmen
1657 5766 1722 5820 bene
1749 5776 1920 5838 operaturos.
1958 5769 1988 5828 Si
2053 5834 2056 5840 r

309 5857 378 5927 recia
401 5860 462 5912 non
473 5863 595 5927 propter
613 5856 647 5910 id
667 5858 745 5927 qreod
769 5855 890 5926 ddipant
917 5870 1022 5924 recem,
1048 5870 1136 5926 neqnee
1161 5853 1252 5923 dicas,
1284 5869 1335 5908 car
1356 5868 1422 5924 erpo
1440 5851 1572 5924 praemia
1592 5858 1619 5906 et
1637 5856 1749 5922 poenae
1775 5853 1805 5910 in
1831 5853 1987 5928 Scriptaris

309 5950 335 5998 a
348 5943 494 6017 nuptant
507 5944 682 6009 mercedem,
702 5944 755 5998 aed
776 5941 844 6012 qaia
860 5941 955 5996 timeat
973 5956 1080 6012 repen,
1101 5957 1136 5998 ne
1154 5938 1373 6013 proponantur!
1407 5937 1630 6011 Respondemus:
1658 5945 1772 6012 propter
1794 5952 1908 6000 emani
1937 5955 1988 6000 nu·
