4800 6659
882 638 883 642 ‘
958 638 1012 696 nn
1030 638 1142 698 nouis
1160 637 1349 700 ornemus
1891 585 1899 606 ’
1927 653 1984 710 101

306 793 410 851 cereri.
451 795 515 852 Non
540 796 639 850 abnuit
660 793 843 852 Belluminus
866 794 916 854 lib.
935 804 960 855 5.
984 798 1018 852 de
1040 795 1129 869 jmtis.
1158 797 1237 853 idem
1264 798 1293 854 in
1319 799 1398 870 epist
1420 798 1457 853 ed
1476 797 1578 852 Fidum
1598 797 1633 853 de
1653 796 1818 853 infandbus:
1853 799 1910 862 Qui
1935 802 1986 856 tce

305 886 367 935 et.
385 877 416 956 §-
442 881 510 936 Alie
528 881 591 938 loca
612 882 653 938 sic
670 883 806 939 scribens:
836 883 920 947 Quod
942 902 993 938 nos
1011 884 1130 938 dicimus
1158 883 1222 952 ipso
1243 886 1278 939 ds
1302 903 1353 956 ope
1376 894 1474 939 nostro
1490 904 1524 939 ac
1541 886 1576 938 de
1595 885 1692 939 divina
1710 886 1904 940 misericordia
1918 888 1986 956 pius

303 969 412 1038 meri,
432 970 530 1023 dicunt
545 970 651 1024 Graeci
666 969 819 1033 ἀξιοῦσθαι.
855 970 943 1042 Atqui
961 969 1130 1026 ostendimus
1159 979 1310 1040 merentur,
1340 975 1417 1041 quod
1446 972 1476 1025 in
1501 972 1597 1041 primo
1623 972 1716 1024 statim
1740 972 1896 1024 natiuitatis
1918 990 1986 1025 suae

303 1053 440 1125 nuperius,
465 1055 541 1110 uliud
559 1073 618 1112 esse
635 1057 733 1113 mereri
752 1057 862 1128 proprie
881 1057 1034 1129 loquendo,
1053 1053 1130 1111 aliud
1160 1062 1222 1108 ortu
1240 1056 1388 1124 plorantes
1412 1075 1447 1109 oc
1465 1058 1565 1125 flentes
1588 1057 1631 1109 nil
1650 1057 1732 1125 uliud
1748 1058 1872 1121 faciunt,
1902 1076 1986 1127 quom

302 1140 418 1212 dignum
435 1139 533 1195 baberi
551 1159 585 1197 ac
601 1143 739 1213 reputari3
759 1143 833 1198 uude
850 1144 934 1198 etiam
951 1149 1030 1197 setus
1049 1142 1130 1196 inter·
1160 1142 1352 1209 deprecantur.
1387 1141 1490 1198 Notum
1513 1149 1556 1197 est
1572 1140 1700 1213 Gregorii
1724 1142 1841 1207 dictum,
1860 1143 1934 1213 quod
1958 1142 1986 1195 in

300 1243 370 1297 pres,
398 1227 559 1300 ubicunque
589 1229 619 1282 in
647 1229 681 1286 N.
711 1229 744 1283 T.
774 1233 973 1292 narcissinum
1003 1227 1130 1291 occurrit,
1159 1226 1254 1297 vigilia
1287 1227 1437 1283 nstivitutir
1463 1228 1627 1283 Domiuicae
1658 1228 1686 1282 in
1719 1229 1835 1283 ecclesis
1861 1228 1984 1284 canitur:

299 1313 429 1384 nuspiam
445 1330 499 1385 per
514 1313 544 1368 τὸ
563 1314 669 1378 mereri,
686 1315 735 1370 sed
752 1320 886 1385 perpetuo
903 1331 953 1385 per
970 1310 1001 1367 τὸ
1015 1313 1130 1382 dipnum
1161 1315 1184 1366 O
1210 1315 1290 1367 beato
1321 1315 1419 1384 csslpc,
1450 1333 1522 1384 queue
1551 1317 1635 1369 telem
1659 1316 1759 1368 meruit
1786 1313 1986 1369 redemtorem!

300 1399 398 1454 iuberi
414 1400 563 1458 transtulit
597 1400 732 1472 Exempla
749 1401 871 1457 invenies
890 1400 959 1455 Luc.
979 1407 1027 1468 20,
1044 1415 1070 1455 v.
1089 1405 1130 1454 35.
1159 1399 1234 1468 apud
1257 1400 1404 1472 Augustin.
1429 1400 1457 1454 in
1482 1402 1566 1472 gestis
1592 1401 1684 1456 collat.
1710 1401 1841 1471 carthag.
1859 1418 1939 1472 cogn.
1963 1406 1986 1456 1.

299 1485 395 1542 Actor.
415 1494 445 1552 5,
466 1504 492 1541 v,
510 1494 552 1543 ll.
590 1490 615 1543 2.
631 1486 726 1541 Thess.
750 1492 779 1556 1,
803 1503 828 1542 v.
849 1492 873 1543 5.
911 1493 933 1541 2.
951 1485 1067 1541 Latinus
1090 1485 1130 1538 in·
1159 1490 1208 1539 art
1227 1490 1251 1540 8.
1277 1486 1344 1541 dicit
1366 1486 1520 1542 Petilianus
1546 1486 1706 1556 Donatista,
1734 1489 1784 1557 qui
1807 1489 1861 1539 isto
1886 1488 1986 1540 elicere

298 1577 405 1643 terpres
428 1572 482 1628 hoc
503 1572 640 1628 vocabulo
663 1572 829 1645 quandoque
858 1572 945 1627 utitur
970 1571 1130 1643 simpliciter
1158 1581 1317 1625 meruerunt
1357 1572 1396 1641 (id
1431 1581 1473 1628 est
1514 1573 1709 1644 obtinuerunt,
1750 1575 1784 1628 de
1823 1573 1987 1627 adversariis

299 1675 347 1729 pro
378 1660 514 1732 consequi
543 1660 634 1728 ubud,
671 1659 778 1714 etiamsi
809 1659 839 1713 id
865 1659 954 1731 mstis
979 1658 1130 1729 contingat.
1158 1654 1230 1710 enim
1260 1674 1412 1712 sermonem
1440 1658 1545 1727 hebet).
1589 1659 1728 1713 Emeritus
1760 1659 1911 1713 Donatista
1936 1658 1986 1712 ibi-

299 1743 400 1801 (ienes.
424 1752 456 1815 l,
481 1764 506 1799 v.
531 1750 575 1801 13:
603 1745 704 1814 Major
730 1752 770 1799 est
789 1746 922 1814 iniquitas
940 1763 1017 1814 meo,
1045 1762 1130 1814 mmm
1158 1744 1222 1797 dem
1239 1760 1318 1816 cogn.
1338 1749 1362 1801 3.
1380 1752 1430 1799 art
1450 1750 1496 1801 16:
1524 1745 1593 1807 Quis
1608 1745 1801 1815 supplicante
1819 1747 1881 1815 quis
1900 1745 1986 1813 tepem

299 1840 327 1884 ut
354 1833 468 1886 nenium
494 1847 620 1901 mmecr,
650 1832 737 1887 Hetr,
773 1822 1129 1906 circumsessusne,
1159 1830 1257 1883 meruit
1291 1830 1337 1896 (ab
1371 1830 1535 1902 imperatore
1569 1831 1712 1900 obtinuit),
1749 1831 1811 1901 quis
1842 1832 1986 1901 judicium

300 1933 382 1987 quam
406 1922 440 1972 ut
461 1917 616 1973 remittatur
642 1918 700 1986 (ubi
718 1918 893 1973 menifestum
911 1922 954 1973 est
970 1916 1129 1989 gratuitam,
1156 1916 1327 1985 postularit!
1353 1925 1403 1973 nrt
1427 1925 1491 1975 258:
1522 1920 1597 1973 Nom
1620 1927 1651 1972 ιιι
1668 1919 1839 1982 omittamus,
1867 1926 1986 1987 quantus

299 2018 353 2057 nou
377 2003 550 2058 meritoriam
575 2003 762 2059 remissionem
784 2004 894 2075 proprie
914 2004 953 2059 sie
971 2003 1072 2058 dictum
1090 2002 1130 2056 in·
1157 2003 1273 2072 sonpuis
1291 2003 1468 2059 Utrimicnns
1486 2007 1589 2076 effusus
1604 2005 1641 2059 sit
1652 2022 1708 2075 per
1723 2005 1877 2073 Leontium,
1899 2006 1984 2057 Urso-

300 2089 411 2161 telligi).
445 2089 551 2147 Eccles.
573 2096 618 2159 16,
642 2109 668 2146 v.
687 2097 732 2147 15:
764 2092 957 2162 Unusquisque
979 2090 1130 2144 secundum
1156 2088 1241 2159 tium,
1269 2091 1447 2156 Macorium,
1475 2092 1599 2145 Pontum
1623 2099 1778 2161 ceterosque
1806 2100 1984 2159 succentores,

301 2178 428 2230 meritum
452 2193 567 2246 operum
590 2195 704 2231 suorum
727 2178 864 2245 smmse;
889 2177 919 2231 in
942 2174 1050 2232 Graeco
1068 2172 1130 2227 sim-
1158 2192 1226 2243 quos
1244 2176 1274 2229 in
1299 2184 1457 2231 concionem
1475 2194 1567 2231 necem
1592 2195 1611 2231 a
1628 2177 1808 2246 principibus
1826 2177 1916 2231 seculi
1931 2192 1985 2228 me·

301 2261 411 2333 pliciter
431 2262 532 2318 dicitur
556 2262 624 2317 reri
643 2261 676 2318 τὰ
695 2264 763 2339 ἔργα
782 2263 867 2318 αὐτοῦ
886 2262 1002 2336 εὑρήσει.
1032 2261 1129 2317 Οειεο-
1156 2270 1274 2315 ruerem
1293 2265 1342 2329 'tex
1365 2279 1420 2334 quo
1441 2270 1569 2335 apparet,
1593 2269 1683 2318 aetate
1703 2262 1854 2333 Augustini
1878 2278 1933 2334 quo
1956 2261 1985 2314 in

301 2348 391 2403 dimus
410 2356 505 2403 antem
526 2349 665 2420 superius,
691 2350 881 2416 diversissime
894 2366 954 2404 esse
977 2347 1129 2404 secundum
1157 2347 1315 2419 significatu
1339 2350 1389 2404 illa
1408 2368 1461 2405 vox
1484 2352 1634 2420 usurpata).
1674 2349 1836 2404 Ambrosius
1859 2349 1919 2403 libr.
1946 2353 1984 2402 10.

302 2448 385 2506 opera
413 2441 444 2491 et
468 2435 619 2491 secundum
647 2437 774 2492 meritum
809 2454 922 2510 operum
950 2435 1060 2507 proprie
1091 2434 1130 2488 sic
1157 2435 1186 2488 in
1215 2436 1285 2493 Luc.
1313 2453 1373 2508 cap.
1401 2443 1441 2493 22.
1471 2437 1507 2493 de
1533 2436 1642 2491 homine
1669 2441 1799 2506 portante
1825 2434 1985 2504 amphoram

302 2519 405 2575 dictum
432 2522 564 2593 recipere.
598 2520 684 2577 Hebr.
704 2529 751 2593 13,
776 2540 802 2578 r.
825 2528 869 2579 16:
900 2522 1016 2576 Talibus
1033 2520 1131 2575 hortiis
1157 2538 1260 2593 squas:
1280 2525 1304 2577 0
1321 2542 1405 2593 aquo,
1422 2540 1494 2593 quoe
1511 2529 1714 2577 sacramentum
1734 2520 1842 2574 Christi
1857 2537 1914 2574 esse
1932 2536 1985 2573 me·

298 2616 475 2674 promeretur
493 2611 589 2677 Deum·
606 2608 636 2661 in
653 2606 761 2663 Graeco
780 2616 822 2664 est
840 2606 1030 2682 εὐαρεστεῖται,
1048 2605 1130 2661 bene·
1156 2609 1247 2678 ruisti,
1266 2627 1339 2678 quae
1360 2611 1439 2664 ιοοοι
1452 2611 1547 2665 omnio
1563 2609 1740 2663 nmluoeris.
1767 2607 1846 2661 Idem
1859 2623 1937 2661 serm
1953 2612 1984 2660 6:
2034 2655 2037 2662 .

236 2691 395 2763 ttsplmee
417 2693 487 2764 sibi;
511 2693 626 2765 proinde
644 2692 745 2750 Letino
763 2695 906 2767 interpreti
925 2695 977 2749 hoc
996 2693 1057 2748 loco
1074 2709 1130 2747 me·
1159 2695 1232 2757 Quia
1262 2696 1361 2750 diuina
1385 2696 1498 2767 cloquio
1523 2697 1624 2750 andire
1646 2695 1757 2749 minime
1781 2694 1921 2747 meminis
1945 2691 1985 2760 tid

303 2780 353 2834 reri
369 2786 413 2836 εει
429 2780 522 2835 facere
540 2796 609 2852 opus
627 2780 688 2837 Deo
705 2786 815 2853 gratum
833 2785 862 2836 et
879 2786 1039 2852 acceptum3
1063 2776 1129 2833 alibi
1156 2787 1199 2836 est
1215 2781 1360 2851 voluistis).
1396 2782 1533 2837 Eusebius
1551 2781 1695 2836 Emisenus
1714 2781 1785 2835 dom.
1807 2787 1830 2835 4.
1849 2780 1913 2853 adv.
1933 2778 1982 2833 fer.
1997 2796 2056 2839 vm.
2071 2796 2115 2839 uu

302 2872 392 2923 tamen
419 2867 454 2922 de
480 2873 624 2938 peccatore
652 2884 755 2936 poenas
776 2867 944 2939 justissimas
967 2866 1020 2921 sibi
1045 2870 1128 2921 attru-
1155 2876 1179 2925 ι.
1199 2869 1235 2922 de
1252 2868 1354 2923 Maria:
1371 2871 1452 2923 Hoec
1469 2871 1531 2924 solo
1550 2878 1640 2923 muter
1659 2868 1778 2923 Domini
1789 2868 1859 2937 fieri
1874 2867 1982 2921 meruit.

302 2951 381 3009 bente
397 2954 510 3025 proprie
528 2954 653 3026 usurpari
670 2972 725 3009 nou
742 2971 883 3026 negamus.
914 2954 980 3010 dud.
993 2959 1073 3022 20,v.
1087 2959 1127 3009 tt.
1157 2954 1195 3022 (id
1215 2954 1380 3026 Fulgentius
1405 2956 1441 3011 de
1459 2956 1562 3012 incarn.
1583 2963 1611 3011 et
1630 2962 1700 3027 grat.
1718 2973 1778 3025 cap.
1800 2961 1823 3009 7.
1843 2954 1883 3007 sic
1902 2970 1983 3023 expo-

302 3039 435 3098 2Pml.
459 3046 505 3106 19,
522 3058 546 3095 v.
566 3045 595 3097 t..
631 3039 829 3109 Hebr.10,u
856 3046 896 3097 19.
917 3046 970 3098 etc.
1007 3046 1030 3095 3.
1047 3037 1128 3092 Hanc
1154 3041 1210 3096 nit:
1234 3041 1333 3111 Ipsum
1359 3043 1450 3096 Deum
1469 3043 1604 3096 hominem
1622 3045 1731 3107 fuctum
1749 3049 1775 3095 et
1793 3041 1937 3108 concipere
1958 3048 1983 3092 et

302 3124 488 3200 ἆιυροιογιιιν
505 3127 594 3181 secuti
613 3133 678 3181 suut
695 3126 858 3197 interpretes
876 3126 1044 3182 Graecorum
1063 3124 1128 3179 seri·
1151 3144 1256 3197 parere
1274 3146 1330 3181 non
1346 3128 1475 3181 tumom's
1491 3128 1605 3197 merits‘s,
1623 3131 1676 3181 sed
1694 3127 1821 3195 concepti
1833 3126 1983 3179 noscentis-

301 3222 417 3283 ptorum.
458 3213 584 3286 Ignatius
608 3214 687 3285 epist.
700 3212 806 3277 ,Rom.:
834 3214 891 3268 Per
917 3232 1000 3284 prom
1021 3214 1128 3283 possim
1155 3232 1207 3284 que
1225 3232 1257 3269 cu
1276 3231 1310 3268 eo
1329 3215 1428 3268 memmi
1438 3214 1498 3267 Dei
1509 3215 1671 3283 ‹tipnotione
1683 3215 1850 3284 promeruit
1881 3209 1983 3282 Epipb.

301 3301 392 3354 Deum
417 3302 593 3371 promerem
622 3301 651 3354 in
676 3299 783 3355 Graeco
811 3305 854 3355 est
879 3302 928 3354 τοῦ
950 3302 1018 3355 θεοῦ
1045 3319 1128 3354 κατα·
1155 3301 1258 3357 haeree.
1283 3309 1329 3358 79:
1355 3306 1572 3363 καταξιωθεῖσαν
1589 3302 1743 3375 οἰκητήριον
1757 3304 1805 3355 wir
1822 3302 1885 3353 υἱοῦ
1903 3302 1982 3369 pert-

263 3434 267 3441 .
301 3390 401 3457 ιιιριῖν.
438 3386 591 3457 Dionysius
616 3386 652 3441 de
669 3387 780 3442 coelest
799 3386 952 3442 hierarchia
971 3404 995 3447 c.
1018 3394 1045 3443 1:
1075 3386 1129 3448 Qui
1155 3396 1240 3458 otus3
1259 3388 1326 3460 quin
1343 3388 1403 3459 ipse
1422 3388 1581 3444 Emissenus
1599 3387 1672 3442 ibid:
1692 3389 1802 3455 Mcpno
1821 3386 1892 3440 enim
1906 3387 1982 3438 etim

301 3473 459 3528 dm‘nitcts's
475 3475 724 3543 participationem
738 3483 951 3544 pronwrcntum·
970 3473 1000 3528 in
1020 3473 1128 3529 Graeco
1155 3475 1278 3545 effoditis
1297 3475 1393 3545 pretio
1411 3484 1459 3544 est,
1478 3484 1508 3547 ut
1526 3493 1584 3529 unu
1602 3492 1635 3528 cr
1653 3475 1738 3527 tontis
1756 3474 1880 3527 mnitibus
1898 3473 1983 3541 elipa-

301 3566 340 3615 est
358 3560 544 3634 ἐδωρήσαντο,
561 3576 633 3631 quse
652 3578 705 3616 vox
723 3577 825 3616 merum
840 3560 959 3632 gretiam
981 3558 1127 3632 significat.
1155 3562 1229 3631 tur.)
1267 3578 1290 3616 c.
1313 3562 1385 3625 Quia
1408 3577 1508 3632 corpus
1532 3562 1595 3615 dist.
1616 3567 1643 3616 2:
1668 3563 1715 3613 De
1732 3560 1797 3630 filio
1812 3557 1984 3628 perditionis

300 3662 322 3700 c.
339 3653 366 3703 2.
383 3654 467 3719 roget
484 3647 676 3719 baptizandus,
695 3649 803 3701 utDeo
818 3646 973 3716 dirimique
990 3646 1129 3716 mysteriis
1155 3647 1304 3716 adoptivus
1322 3650 1381 3703 Dei
1397 3648 1476 3714 tilius
1497 3648 1561 3713 fieri
1582 3646 1720 3711 mersisti,
1745 3645 1794 3699 ubi
1814 3646 1897 3715 gloss.
1916 3645 1983 3698 obti-

300 3734 361 3798 rius‘
381 3741 540 3803 mercatum·
567 3735 596 3788 in
620 3732 728 3789 Graeco
753 3741 794 3789 est
817 3738 885 3787 θεοῦ
908 3738 1129 3789 retineretur
1155 3734 1248 3792 ruisti.
1296 3740 1320 3790 t.
1346 3734 1489 3789 Pertinent
1511 3733 1565 3787 huc
1589 3750 1684 3803 preces
1710 3732 1929 3799 ecclesiasticae,
1954 3730 1983 3783 in

300 3827 399 3891 τυχεῖν.
440 3819 567 3876 Justinus
590 3821 700 3892 apolog.
726 3826 749 3879 2.
784 3821 912 3875 meritum
939 3838 1069 3891 operum;
1099 3820 1129 3873 in
1155 3821 1256 3892 quibus
1273 3821 1328 3876 alio
1346 3837 1429 3875 sensu
1449 3838 1505 3876 non
1523 3826 1615 3891 potest
1632 3819 1701 3875 haec
1718 3836 1772 3873 vox
1792 3817 1882 3888 accipi
1900 3833 1983 3888 quam

300 3903 406 3962 umas
425 3913 469 3962 εει
486 3907 575 3969 ἄξιαι.
609 3906 746 3961 Eusebius
764 3906 812 3962 lib.
830 3912 854 3962 8.
877 3906 1011 3965 demonst.
1029 3923 1126 3977 evang.
1154 3925 1205 3979 pro
1233 3924 1282 3976 eo,
1310 3907 1384 3979 quod
1407 3913 1449 3962 est
1473 3908 1560 3978 gratis
1581 3906 1721 3978 consequi.
1760 3906 1841 3960 Dom.
1863 3911 1885 3961 1.
1905 3904 1982 3959 adn:

299 4008 324 4064 p.
341 4000 408 4050 240:
427 3995 531 4048 Petrus
550 3995 696 4048 admirans
706 4010 761 4058 eos,
773 3994 992 4062 quieoefomilio
1005 3993 1131 4049 Cornelii
1155 3995 1462 4064 Ereito,‚quoeeumus‚
1481 3996 1637 4064 potentium
1657 4004 1732 4048 tuom
1749 4002 1775 4048 ct
1797 3993 1873 4060 veni,
1899 4000 1930 4044 ιιι
1947 3991 1983 4043 ot

300 4079 438 4150 Spiritum
462 4086 589 4133 sommum
612 4081 740 4149 occepere
765 4089 940 4150 meruerunt‚·
969 4080 998 4136 iu
1020 4078 1128 4135 Graeco
1155 4082 1359 4137 imminentibus
1373 4089 1552 4151 peccatorum
1569 4089 1727 4134 nostrorum
1740 4078 1916 4149 peremtum
1929 4094 1982 4130 me-

298 4172 338 4221 at
362 4165 427 4226 τούς
450 4168 501 4220 τοῦ
523 4165 605 4237 dytov
622 4165 777 4240 πνεύματος
795 4165 990 4240 ἠξιουμένους.
1013 4165 1127 4222 Masurii
1153 4187 1268 4227 reamur
1285 4175 1446 4238 protepente
1473 4168 1550 4237 eripi·
1568 4175 1595 4221 et
1624 4168 1759 4221 liberante
1784 4164 1894 4218 sulcari
1916 4165 1981 4230 (me-

296 4250 430 4324 interpres
452 4250 578 4323 pluribus
595 4252 625 4306 in
642 4252 710 4308 locis
727 4253 889 4323 praesertim
905 4253 976 4309 hom.
993 4260 1017 4309 9.
1033 4259 1061 4308 ει
1080 4260 1125 4310 17:
1154 4256 1216 4320 reri,
1234 4260 1265 4309 ut
1275 4254 1400 4325 potentie
1417 4261 1446 4308 et
1461 4252 1650 4308 misericordie
1660 4252 1714 4306 Dei
1731 4251 1811 4305 nobis
1828 4249 1981 4318 subveniat,

297 4338 410 4393 Donum
429 4337 554 4407 Spiritus
571 4340 669 4405 suncti,
689 4341 766 4409 quod
775 4341 876 4409 fidelis
893 4342 988 4394 enimc
1006 4349 1125 4394 moretm
1152 4357 1208 4395 non
1225 4346 1317 4412 potest
1335 4340 1417 4395 aliter
1432 4340 1530 4410 accipi,
1550 4356 1632 4410 quam
1650 4345 1683 4393 ut
1701 4344 1798 4408 potens
1815 4338 1864 4391 illa
1878 4336 1981 4391 miseri-

296 4427 431 4496 oceipere.
469 4423 552 4480 Item:
573 4425 729 4480 Christiani
739 4428 880 4496 perfecti,
899 4429 949 4497 qui
966 4436 1126 4481 merserunt
1152 4427 1247 4482 cordia
1263 4444 1297 4482 εο
1314 4426 1467 4481 misericors
1486 4425 1611 4498 potentia
1628 4443 1678 4480 nos
1695 4424 1748 4479 hoc
1767 4424 1901 4479 beneficio
1920 4424 1981 4495 dig·

297 4514 334 4565 ud
353 4511 477 4581 pierium
497 4513 682 4582 perfectionis
698 4513 865 4582 persertim,-
892 4512 940 4567 ubi
962 4513 991 4567 in
1017 4512 1125 4568 Graeco
1152 4517 1253 4583 netur).
1284 4513 1366 4568 Dom.
1387 4520 1410 4569 2.
1435 4513 1586 4567 secundum
1601 4512 1685 4566 ritum
1704 4510 1851 4566 Mediolon.
1870 4511 1981 4565 eccles:

296 4594 484 4667 ιιιεαξιοῠεαι,
513 4602 741 4669 seruientium,
770 4600 856 4670 digne
885 4600 1016 4669 babetur,
1048 4600 1126 4671 digni
1153 4603 1248 4668 Dono,
1256 4615 1430 4669 mmmumus,
1442 4600 1614 4669 omnipotens
1627 4601 1713 4668 Deus,
1726 4606 1839 4652 cunctae
1844 4599 1982 4665 familiae

296 4683 389 4741 babiti.
425 4684 485 4741 Ant
511 4700 578 4757 ergo
601 4685 764 4758 interpretes
782 4686 823 4740 illi
842 4686 962 4741 criminis
982 4686 1045 4741 falsi
1062 4704 1124 4741 con·
1152 4697 1229 4752 tuoe,
1258 4687 1312 4740 troc
1341 4686 1481 4738 voluntate
1523 4686 1634 4739 Cirristc
1667 4685 1745 4739 Filio
1778 4693 1824 4738 tuo
1858 4684 1981 4738 Domino

295 4773 456 4841 ducem,
480 4778 530 4827 aut
547 4773 644 4828 mereri
662 4773 731 4827 nihil
748 4773 825 4828 uliud
849 4774 901 4829 erit
922 4789 1006 4845 quam
1031 4789 1124 4829 conse·
1152 4782 1248 4828 nostro
1264 4772 1385 4826 venienti
1403 4772 1433 4824 in
1451 4771 1580 4841 operibus
1592 4771 1681 4839 jectis
1693 4779 1758 4841 apte
1776 4778 1932 4834 occurrere,
1950 4775 1981 4821 ut

296 4858 349 4929 qui.
385 4863 411 4912 »t
434 4857 528 4912 latini
551 4863 658 4929 putres,
686 4860 734 4931 qui
760 4875 860 4915 nomen
887 4858 977 4914 meriti
996 4860 1125 4931 operibus
1152 4862 1213 4930 ejus
1239 4862 1353 4914 clectos
1378 4858 1481 4911 sociati
1506 4875 1620 4925 repnum
1649 4874 1805 4911 mereamur
1836 4857 1981 4927 possidere

295 4931 404 5015 piorum
421 4943 556 5013 tribuunt,
573 4945 719 5001 manifeste
735 4946 855 5011 addunt,
875 4946 948 5001 bona
965 4962 1049 5016 opere
1066 4962 1126 5001 esse
1153 4947 1276 5000 eoeleste.
1317 4944 1428 5000 Domin.
1458 4943 1519 5000 ead
1542 4945 1624 5013 juxta
1655 4942 1739 4997 ritum
1764 4942 1843 4998 Rom.
1870 4942 1982 4996 eccles:

295 5032 402 5103 guntiae
426 5030 536 5087 divinae
562 5032 648 5097 dona,
675 5032 766 5088 Deum
790 5049 823 5086 ex
848 5033 938 5104 petia
955 5032 1124 5088 remunerari
1153 5031 1280 5085 Concede
1296 5031 1386 5098 notis,
1404 5037 1433 5082 nt
1448 5030 1632 5083 sicutJesum
1645 5029 1785 5084 Christum
1799 5027 1982 5099 peruirpinis

294 5113 366 5173 boun
389 5132 489 5187 opere,
514 5134 574 5173 esse
603 5118 699 5174 eudem
718 5118 892 5190 imperfecta,
920 5118 1038 5189 ideoque
1057 5118 1125 5173 nlibi
1149 5127 1263 5189 portum
1288 5118 1319 5170 in
1342 5118 1440 5181 formo
1457 5118 1548 5169 nostri
1566 5116 1694 5186 corporis
1713 5116 1861 5171 meruimus
1881 5114 1982 5168 tubere

294 5203 392 5259 merita
420 5204 512 5258 omnia
538 5204 677 5274 (videlieet
702 5221 765 5260 vere
791 5211 820 5259 et
842 5203 952 5275 proprie
974 5204 1015 5259 sic
1039 5204 1124 5272 dicta)
1147 5206 1329 5274 participem,
1348 5210 1375 5256 et
1394 5203 1424 5255 in
1442 5219 1528 5271 repro
1548 5204 1658 5270 pratioe
1676 5220 1831 5256 mereamur
1848 5202 1909 5269 ejus
1923 5216 1982 5252 esse

294 5288 396 5346 diserte
413 5291 578 5361 excludunt;
604 5308 637 5347 ex
655 5307 709 5363 quo
727 5290 873 5345 manifeste
891 5296 1019 5361 apparet,
1049 5290 1124 5361 quod
1152 5299 1293 5345 consortes
1314 5289 1386 5360 (quis
1410 5305 1475 5343 vero
1495 5289 1597 5344 dixerit
1615 5288 1830 5343 incarnationem
1847 5285 1910 5339 Filii
1926 5284 1982 5341 Dei

292 5375 427 5432 vocabulo
443 5377 533 5433 meriti
551 5376 646 5433 itidem
666 5378 694 5431 in
713 5394 795 5432 sensu
816 5376 913 5431 laxiori
932 5381 1053 5440 utantur,
1071 5391 1123 5447 pro
1151 5393 1211 5431 esse
1240 5375 1350 5447 proprie
1378 5374 1523 5442 meritum).
1567 5375 1611 5431 De
1640 5376 1768 5430 cncumc.
1797 5373 1885 5429 domn
1919 5372 1982 5425 Tri*

293 5477 335 5528 εο,
362 5463 440 5534 quod
459 5469 501 5519 εει
520 5480 553 5520 ex
572 5463 627 5519 tide
648 5462 755 5534 aliquid
776 5470 886 5534 gratum
902 5461 964 5516 Deo
985 5462 1076 5517 fecere
1094 5469 1123 5517 et
1151 5464 1214 5527 tue,
1239 5479 1418 5532 quaesumus,
1444 5470 1476 5516 ut
1493 5463 1628 5531 sirpincm
1642 5480 1699 5531 pro
1714 5460 1792 5515 notis
1810 5459 1982 5513 intercedere

292 5548 442 5619 gratuitam
470 5551 530 5621 ejus
563 5549 809 5605 remunerationem
842 5565 861 5602 a
889 5547 950 5602 Deo
989 5548 1119 5618 recipere.
1149 5550 1319 5618 sentiamus,
1351 5566 1406 5617 per
1442 5568 1526 5619 quum
1557 5548 1707 5601 meruimus
1738 5552 1879 5599 cremorem
1908 5548 1982 5600 vitoe

293 5639 315 5689 t.
332 5634 366 5690 ld
385 5635 476 5706 ipsum
494 5642 571 5707 patet
596 5653 629 5693 ex
651 5635 713 5691 eliis
737 5634 819 5704 loeis,
849 5633 878 5688 in
903 5634 1005 5705 quibus
1030 5634 1121 5689 meriti
1149 5638 1301 5705 mrscmere.
1332 5634 1405 5690 Vide
1422 5635 1547 5690 libellum
1560 5633 1653 5689 Germ.
1670 5630 1832 5702 Hieronymi
1843 5632 1982 5687 Witticbii

290 5736 390 5777 nomen
406 5730 548 5794 murpunt.
580 5721 742 5794 Cyprianus
759 5721 828 5776 illud
846 5721 922 5793 quod
936 5720 1042 5777 Paulus
1054 5721 1122 5777 dicit
1148 5721 1258 5777 Eriord.
1277 5738 1343 5777 ann.
1361 5728 1435 5778 1551.
1454 5722 1568 5789 editum
1585 5720 1614 5773 in
1626 5734 1681 5791 quo
1700 5734 1733 5772 ex
1750 5718 1908 5790 missalibus
1919 5736 1981 5789 pre·

292 5807 401 5864 t'l'inn
415 5815 444 5872 1,
459 5825 488 5866 ν.
508 5816 553 5867 lt:
571 5813 624 5865 sed
640 5808 864 5865 misericordium
881 5816 1042 5862 coruecrstus
1059 5825 1121 5861 sum
1148 5809 1271 5867 canones
1296 5809 1368 5865 tales
1392 5808 1506 5881 collegit
1522 5806 1687 5878 complures.
1724 5812 1748 5862 7.
1769 5806 1846 5862 Neve
1864 5804 1920 5859 ulla
1939 5822 1981 5859 re·

289 5894 328 5952 sd
356 5894 530 5953 tenemium
562 5896 648 5970 legit:
681 5899 732 5953 scd
764 5894 988 5951 misericordium
1021 5894 1121 5951 merui.
1149 5902 1205 5953 stet
1233 5894 1387 5964 dubium,
1415 5909 1598 5968 provocamus
1632 5893 1669 5951 ad
1697 5892 1836 5966 judicium
1867 5888 1982 5960 Georgii
