4800 6659
481 609 542 674 too
728 573 735 580 ’
1075 600 1383 663 1555555551115
1404 603 1580 666 saravus

483 764 612 816 statuunt
627 760 726 834 igitur,
751 768 925 817 5551555515
948 762 1079 833 prodesse
1102 779 1135 817 ex
1153 778 1237 834 opere
1253 776 1316 831 ope·
1340 758 1544 826 Beneventum,
1565 762 1672 833 855155,
1690 762 1850 833 Durandus,
1871 762 2038 833 1115151155,
2058 761 2164 833 Ossam,

483 855 543 903 rato
560 848 621 902 sine
640 848 703 903 fide.
733 848 918 904 Bellarminus
937 849 1048 920 exeipit,
1066 850 1133 903 illas
1151 868 1208 905 nvn
1225 848 1315 903 solum
1339 846 1710 912 115151115565111151154.
1731 848 2165 918 intumescentium,

470 935 652 1004 <credidere
680 937 757 1004 quod
788 943 965 991 sacramenta
985 936 1140 1006 justificent
1170 952 1202 990 ea
1232 952 1315 1005 opere
1338 933 1428 987 solum
1445 935 1539 989 Deum
1556 938 1713 1005 producere
1731 936 1865 1004 qratiam,
1882 937 1926 990 ita
1944 943 1976 989 ut
1993 944 2166 989 sacramenta

483 1030 608 1093 operato,
628 1022 778 1076 sedetiam
791 1022 953 1091 credidisse,
970 1024 1047 1092 quod
1057 1039 1113 1075 non
1121 1021 1213 1092 possit
1225 1023 1316 1077 amini
1339 1037 1395 1073 non
1411 1020 1468 1073 sint
1487 1038 1591 1075 causae
1606 1021 1750 1093 physicae,
1769 1021 1828 1077 nisi
1843 1022 1904 1076 sine
1916 1021 2016 1091 5151155
2028 1023 2168 1091 5555115551

481 1109 577 1178 qratia
602 1116 628 1162 et
655 1110 734 1163 salus
758 1109 844 1162 semel
868 1116 984 1179 accepta
1012 1109 1042 1161 in
1062 1116 1238 1163 sacramento
1260 1124 1315 1178 per
1340 1106 1469 1176 effectus;
1490 1106 1685 1163 3555555555
1708 1107 1847 1178 11555151,
1865 1108 1989 1177 qratiam
2009 1125 2068 1162 non
2083 1109 2168 1162 inesse

482 1213 661 1266 qrmecrtnque
690 1203 809 1266 peccata
833 1204 934 1267 postea
964 1197 1141 1264 accedentia,
1176 1213 1248 1265 quae
1277 1196 1314 1249 se
1339 1192 1522 1246 sacramentis
1545 1194 1744 1264 essentialiter,
1769 1196 1823 1248 ssd
1844 1195 2071 1249 ministerialiter
2088 1202 2115 1247 et
2131 1194 2169 1247 in·

481 1283 600 1337 Lutheri
617 1284 762 1349 sententia,
791 1282 928 1338 hominem
946 1282 1053 1337 scilicet
1072 1283 1240 1353 baptizatum
1259 1301 1314 1336 non
1338 1278 1565 1333 strumentaliter.
1606 1278 1647 1333 sic
1676 1278 1749 1335 enim
1778 1279 1877 1337 scribit
1906 1287 1932 1339 4.
1958 1284 2030 1336 sent
2060 1280 2121 1334 dist
2149 1287 2169 1336 1.

478 1385 562 1441 posse
581 1370 698 1424 salutem
715 1388 794 1423 atam
807 1371 930 1439 perdere
948 1368 1167 1439 quantiscunque
1180 1370 1315 1439 peccatis,
1339 1381 1366 1434 q.
1386 1368 1414 1421 3:
1436 1364 1525 1419 Nullo
1543 1367 1625 1421 modo
1643 1367 1793 1421 dicendum
1810 1375 1862 1434 est,
1880 1368 1959 1438 quad
1974 1366 2073 1436 qratia
2090 1365 2170 1420 551111·

482 1455 540 1508 nisi
562 1456 634 1508 nolit
652 1458 775 1510 medere.
809 1455 857 1510 lib.
877 1454 1124 1526 decsptBahyh
1144 1455 1314 1525 51511551.
1338 1458 1420 1503 aaut
1447 1451 1477 1503 ia
1503 1450 1575 1519 15515
1600 1454 1783 1507 sacramentis
1810 1453 2010 1523 esseatialitsr,
2039 1460 2171 1525 tauquam

481 1542 704 1613 Respondemus:
722 1542 767 1597 De
783 1559 848 1597 vero
867 1559 950 1597 sensu
968 1541 1076 1596 illorum
1094 1541 1240 1597 verborum
1257 1542 1314 1597 Ln-
1338 1553 1414 1605 aava
1437 1536 1467 1589 ia
1489 1554 1554 1592 vase
1573 1546 1622 1591 aut
1640 1539 1780 1595 medicina
1798 1538 1829 1593 in
1843 1538 1956 1609 515115,
1979 1540 2038 1595 ima
2065 1539 2116 1595 hoc
2131 1540 2170 1593 in·

481 1626 554 1683 theri
576 1627 695 1682 diximus
720 1627 749 1682 in
770 1634 851 1683 tract.
871 1628 906 1684 de
930 1628 1011 1684 bonis
1029 1628 1166 1700 operibus.
1203 1627 1315 1699 Opinio·
1340 1622 1467 1692 talliasse
1489 1631 1530 1677 est
1555 1628 1714 1693 erroneum,
1737 1628 1789 1680 sed
1814 1626 1948 1681 1151551155·
1965 1626 2109 1681 conanae
2122 1642 2172 1695 per

351 1725 410 1767 5111
423 1722 469 1766 aa
482 1732 545 1769 nem
569 1714 659 1784 illam,
679 1715 754 1786 quod
777 1715 869 1787 gratia
887 1713 941 1771 Dei
960 1721 989 1770 et
1006 1715 1127 1770 5515515
1144 1722 1315 1770 sacramento
1339 1710 1471 1777 aratiam,
1485 1710 1554 1779 attia
1565 1727 1626 1765 sam
1636 1712 1805 1781 sipiificanl·
1829 1711 1925 1785 Atque
1935 1712 2052 1769 iterum:
2069 1712 2171 1768 Gratia

482 1800 566 1855 semel
597 1807 711 1870 accepte
734 1819 784 1872 per
807 1816 990 1871 quaecunque
1013 1806 1129 1870 peecata
1147 1801 1237 1856 amitti
1260 1819 1315 1856 non
1339 1802 1378 1848 ast
1403 1795 1433 1849 in
1462 1797 1572 1866 anima,
1601 1816 1659 1852 non
1685 1800 1714 1852 in
1737 1798 1826 1868 siqnis
1843 1799 2009 1854 visibilibus.
2048 1799 2163 1856 Rursus:

482 1885 578 1957 possit,
595 1886 736 1955 rejicimus
754 1891 783 1941 et
800 1887 975 1941 detestamur.
1000 1884 1096 1941 Manet
1110 1886 1314 1960 1515155555-
1340 1882 1390 1934 Ad
1411 1881 1501 1951 illud,
1527 1887 1605 1953 quod
1626 1885 1773 1955 objicitur,
1799 1887 1877 1956 quod
1894 1886 2022 1940 remissio
2045 1895 2170 1957 peccata

482 1979 603 2027 mentum
628 1977 761 2027 nostrum.
805 1972 834 2028 si
852 1977 1024 2028 sacramente
1043 1979 1160 2044 prosunt
1177 1990 1211 2029 ex
1232 1989 1316 2046 opere
1338 1988 1402 2022 rum
1419 1970 1488 2024 latet
1506 1970 1536 2023 ia
1553 1971 1697 2042 baptisma,
1719 1972 1868 2027 dicendum
1888 1980 1945 2042 est,
1965 1975 2045 2043 quod
2063 1973 2115 2029 hee
2132 1975 2170 2027 is-

481 2065 603 2130 operato,
621 2059 717 2130 utique
737 2059 784 2131 qui
803 2058 980 2130 baptizantur
999 2064 1028 2114 51
1045 2076 1124 2114 sacra
1136 2076 1223 2115 coena
1234 2066 1314 2114 utun·
1339 2054 1477 2122 tellieitur
1495 2057 1530 2110 de
1547 2056 1665 2111 latentia
1682 2058 1790 2127 siqnati
1807 2059 1837 2112 in
1857 2059 1946 2128 siqno,
1965 2062 2046 2129 quod
2063 2061 2170 2131 quidest

481 2153 544 2210 tur,
567 2162 622 2199 non
642 2144 766 2199 damnari
785 2150 915 2215 possunt,
941 2143 1007 2201 licet
1026 2146 1081 2199 sint
1098 2146 1157 2200 sine
1175 2161 1243 2200 5515
1258 2144 1313 2200 fide
1340 2141 1499 2195 5155155555
1524 2142 1605 2197 habet
1629 2145 1781 2214 rationem,
1804 2162 1888 2215 quam
1913 2146 2055 2201 rationem
2070 2148 2169 2217 51555111·

481 2238 510 2288 51
527 2230 712 2287 conversione.
751 2230 780 2288 si
807 2247 927 2303 namque
946 2232 988 2286 vis
1011 2231 1171 2288 conferendi
1194 2232 1314 2304 gratim
1340 2228 1435 2294 candi,
1451 2246 1507 2281 non
1524 2237 1619 2284 tamen
1635 2231 1821 2288 essentialiter
1838 2232 2002 2287 continendi
2017 2233 2050 2287 in
2065 2250 2109 2302 ss,
2125 2235 2171 2287 sed

481 2325 510 2376 st
533 2318 650 2373 salutem
674 2323 716 2372 est
737 2318 767 2372 in
791 2318 968 2374 sacramentis
992 2318 1069 2374 velut
1091 2319 1133 2373 115
1151 2319 1267 2373 sanandi
1285 2319 1314 2373 in
1340 2313 1409 2382 qaia
1435 2314 1525 2383 1551515
1550 2318 1628 2385 quod
1654 2318 1811 2387 siqnificat,
1839 2319 1994 2373 conanum
2021 2320 2053 2374 in
2072 2320 2169 2375 anima

480 2405 639 2478 pharmaco,
657 2403 754 2475 utique
772 2411 945 2460 sacramenta
957 2404 1041 2459 etiam
1053 2410 1168 2473 prosunt
1180 2403 1314 2473 sinefide‚
1341 2399 1448 2454 Horum
1471 2401 1607 2457 modestia
1629 2420 1684 2458 non
1704 2403 1797 2475 placet
1813 2404 1997 2474 Bellurmino,
2015 2405 2065 2478 qui
2083 2406 2171 2478 dispn7

482 2494 555 2547 sicut
572 2490 750 2562 pharmacum
770 2490 829 2545 sine
844 2490 899 2545 fide
912 2491 1099 2562 operationem
1112 2507 1191 2545 suam
1205 2491 1314 2548 exserit.
1341 2489 1383 2539 tat
1400 2484 1448 2542 lib.
1468 2492 1491 2543 2.
1511 2487 1546 2543 de
1565 2494 1728 2544 sacrament.
1755 2506 1779 2544 c.
1801 2495 1840 2547 12.
1865 2507 1936 2562 resp.
1955 2491 1992 2547 51
2012 2498 2172 2565 51555511.

480 2579 639 2634 Referenda
662 2576 716 2631 huc
742 2576 817 2631 diets
840 2576 945 2644 omnia,
967 2577 996 2630 in
1020 2575 1121 2647 quihus
1140 2576 1315 2648 Augustinus
1341 2582 1517 2627 sacramenta
1544 2591 1602 2629 esse
1627 2593 1728 2629 causas
1752 2577 1902 2644 es'ficientes
1924 2578 2010 2633 etiam
2033 2578 2173 2649 physicas,

481 2671 574 2737 negat,
595 2668 767 2719 sacramenta
782 2662 950 2733 prodesse'
929 2679 988 2718 s1ne
1009 2662 1181 2734 poenitentia
1200 2668 1228 2719 et
1250 2661 1314 2721 fide.
1341 2660 1393 2711 sed
1407 2658 1640 2719 instrumentales

481 2752 531 2807 lib
548 2749 768 2819 5115115515
788 2754 828 2806 14.
847 2747 896 2805 lib.
910 2754 934 2806 5.
950 2754 1118 2807 55555115
1131 2749 1211 2821 55151.
1224 2748 1315 2803 Ρ51111.
1376 2749 1417 2800 85.
1453 2744 1627 2803 scholastici
1640 2748 1676 2804 de
1692 2765 1776 2819 opere
1795 2756 1908 2822 operato
1927 2749 2197 2846 511115511555115111ι

482 2855 507 2896 5.
525 2844 549 2894 5.
569 2844 621 2893 ste.
658 2835 794 2890 ”Petrus
815 2833 1002 2907 chrysologus
1020 2853 1100 2894 serm.
1121 2841 1168 2891 50:
1191 2836 1243 2890 Sol
1261 2835 1314 2906 tip·
1341 2848 1458 2903 quorum
1480 2833 1624 2905 opiniones
1646 2836 1734 2891 videri
1757 2843 1873 2908 possunt
1894 2837 1971 2909 apud
1990 2837 2028 2893 Ι).
2048 2816 2197 2898 chenu-i

478 2924 619 2997 pientibus
649 2922 738 2976 oculis
762 2939 818 2976 non
845 2922 932 2976 lucem
958 2924 1071 2987 tribuit,
1102 2925 1153 2976 sed
1179 2923 1313 2993 tenebas,
1341 2909 2197 3023 51511151515111.5511511.Ἰ11(1551.555.15555155551515,Ι

482 3012 576 3067 vinnm
596 3010 670 3063 vires
692 3009 871 3075 febrientium
892 3028 947 3064 non
965 3017 1094 3081 reparat,
1118 3011 1170 3064 sed
1188 3018 1315 3075 enervam
1341 3005 1398 3061 Nos
1410 3005 1609 3062 Bellerminum
1627 3008 1780 3080 audiemus,
1798 3009 1846 3082 qui
1864 3010 2020 3067 doctrinam
2031 3010 2197 3070 1155155551

482 3098 541 3153 sine
565 3096 673 3150 medico
698 3096 772 3150 vitae
793 3096 929 3164 poculum
945 3098 982 3167 fit
1007 3096 1110 3151 151515
1097 3138 1106 3166 ,
1134 3096 1175 3151 sic
1189 3097 1314 3169 perfidis
1341 3092 1473 3148 cadusiae
1499 3094 1534 3149 de
1557 3093 1682 3151 efficacia
1710 3103 1943 3153 scemmentorum
1973 3097 2104 3169 55551555
2128 3090 2197 3173 51·,“Ι

476 3183 671 3282 perpiciosnm
688 3191 727 3236 est
743 3181 804 3235 sine
816 3184 878 3252 fide
889 3183 1219 3251 fideisccramentum**
1246 3182 1314 3241 Gra
1341 3180 1452 3234 modum
1470 3179 1562 3252 pingit
1579 3182 1695 3238 5111555
1712 3183 1900 3255 quaestionem
1917 3184 2049 3256 deopere
2062 3194 2197 3287 55515155

481 3268 574 3343 gorius
591 3268 621 3324 in
639 3268 753 3323 Erech:
770 3268 861 3321 Nobis
873 3284 929 3338 per
947 3269 1030 3332 fidem
1048 3269 1143 3322 omnia
1161 3269 1192 3322 in
1211 3270 1314 3338 baptis·
1341 3264 1576 3323 intricatissimam
1613 3268 1713 3325 reddit.
1739 3268 1787 3325 lib.
1819 3274 1843 3326 2.
1875 3269 1910 3326 15
1945 3286 2064 3329 sacram.
2094 3288 2118 3327 a
2152 3246 2197 3331 h*

482 3365 554 3413 mate
569 3364 686 3427 peccata
704 3356 846 3412 laxantur.
882 3353 1214 3418 'lheodorstminlevit
1227 3374 1253 3427 q
1269 3363 1312 3414 19:
1340 3355 1448 3409 monet:
1470 3358 1493 3411 1.
1512 3371 1569 3408 non
1587 3370 1645 3409 esse
1662 3372 1725 3409 eum
1739 3356 1914 3456 ,afflationis
1930 3365 2051 3429 51511555,
2074 3379 2114 3415 an
2131 3377 2172 3414 sa·

437 3434 441 3446 '
485 3443 540 3507 Qui
556 3440 767 3496 creditChristo
785 3440 930 3505 salvatori,
949 3442 1124 3495 samosancti
1140 3442 1315 3511 baptismatis
1341 3447 1482 3493 crementa
1500 3442 1556 3494 sint
1576 3458 1678 3495 musae
1692 3442 1860 3515 primariae,
1878 3446 1931 3499 sed
1947 3462 1986 3499 an
2004 3446 2063 3502 sint
2075 3447 2171 3502 instra

484 3547 560 3598 aqua
598 3528 733 3581 imtratus
770 3534 949 3595 peccaterum
984 3528 1103 3580 mametis
1140 3528 1316 3626 absterqitur
1342 3532 1434 3579 5555515
1452 3526 1524 3594 Dei,
1555 3528 1607 3583 hoc
1637 3537 1733 3582 estun
1753 3532 1833 3585 Deus
1855 3542 2109 3600 persacrasuenta
2125 3551 2170 3589 5555

484 3611 1099 3670 ΑΙ5111151555515111.5.31;(1551151515
1116 3614 1212 3668 anima
1230 3615 1316 3671 hami·
1336 3612 1486 3680 justificet,
1509 3632 1565 3668 non
1582 3622 1674 3668 autem
1692 3634 1730 3668 an
1747 3603 1922 3672 rasamenta
1936 3617 1999 3673 sine
2014 3620 2090 3675 Dec.
2123 3619 2170 3675 Be-

483 3704 528 3756 nis
552 3704 631 3755 Dens
658 3706 792 3768 operatu
815 3705 871 3767 per
899 3707 1075 3753 sacramenta
1102 3707 1236 3771 tanquam
1261 3719 1316 3773 per
1343 3697 1523 3768 spondemus:
1548 3699 1725 3757 Sacramenta
1753 3719 1813 3758 esse
1832 3717 1932 3759 causas
1952 3702 2168 3763 instrumentales

484 3787 719 3842 instrumentalem
738 3802 854 3838 causam
870 3803 926 3838 non
944 3785 1006 3839 alia
1019 3786 1138 3855 ratione,
1157 3804 1207 3842 nec
1225 3790 1316 3843 minvs
1339 3784 1545 3855 justificationis
1572 3786 1654 3842 155115
1682 3789 1869 3859 concedimus,
1898 3790 1928 3845 id
1951 3807 2019 3848 vero
2038 3792 2167 3865 1111515115·

482 3892 545 3929 oere
574 3891 657 3942 quam
691 3872 770 3926 homo
804 3872 908 3924 dicitur
933 3872 1054 3927 scribere
1083 3890 1138 3944 per
1166 3875 1314 3935 calamum
1343 3888 1418 3940 mus,
1436 3871 1511 3944 quod
1529 3872 1642 3944 quidam
1663 3890 1696 3928 ex
1715 3874 1891 3931 Scholasticis
1910 3882 2047 3948 statuunt,
2063 3878 2092 3935 in
2108 3878 2164 3950 ipsis
2189 3918 2197 3930 .

483 3961 568 4033 Hugo
588 3958 635 4013 lib.
655 3965 679 4015 5.
693 3958 726 4012 15
746 3972 860 4013 sermm.
866 3962 951 4027 5511.
972 3963 997 4027 9,
1014 3975 1038 4016 5
1058 3966 1086 4014 2:
1106 3962 1194 4015 Dona
1205 3964 1316 4029 pretias
1342 3958 1521 4013 sacramentis
1563 3960 1719 4030 ponendam
1764 3962 1884 4035 aliquam
1916 3962 2048 4020 1111515111
2081 3982 2162 4037 super

482 4046 647 4118 spiritualia
664 4043 747 4114 55551
764 4045 902 4112 quaedam
921 4045 1053 4106 antidota
1072 4055 1136 4100 sunt
1154 4048 1316 4107 inuisibilia
1342 4045 1503 4115 naturalem,
1521 4062 1606 4115 supra
1623 4046 1751 4103 virtutem
1769 4049 1933 4121 naturalem,
1953 4066 2027 4123 qnae
2040 4051 2076 4108 sit
2091 4068 2160 4125 quse

483 4135 520 4188 ln
538 4131 720 4187 sacramentis
739 4129 895 4183 visibilibus
913 4132 1175 4201 quasiquibusdam
1193 4137 1316 4192 vascula
1343 4131 1408 4185 dam
1431 4147 1476 4186 res
1494 4131 1803 4204 absolutespiritualis,
1824 4136 2006 4192 5511115155
2023 4136 2099 4195 illam
2113 4152 2159 4193 esst

483 4221 590 4274 homini
605 4220 808 4289 pessimatur,
831 4217 897 4286 jam
923 4218 995 4270 sicut
1021 4222 1097 4287 qvod
1125 4229 1165 4274 est
1194 4222 1224 4275 in
1243 4241 1316 4294 ease,
1343 4234 1391 4272 555
1408 4216 1580 4283 ahsolutum,
1600 4217 1667 4273 lieet
1682 4236 1738 4274 non
1757 4222 1931 4294 completum,
1948 4221 2003 4280 hoc
2019 4231 2063 4279 est
2079 4224 2157 4280 551111

484 4325 539 4361 non
557 4314 596 4359 est
615 4306 680 4359 de
668 4322 737 4374 ipso,
753 4320 841 4374 neque
860 4320 892 4357 es
906 4303 976 4372 ipso,
995 4306 1046 4358 sed
1061 4323 1122 4358 cum
1140 4307 1202 4377 ipso
1220 4309 1315 4363 hauri-
1343 4302 1495 4359 efficaciam
1519 4304 1595 4359 illam
1618 4305 1778 4361 conferendi
1794 4308 1914 4380 gratiam
1932 4315 1960 4365 et
1979 4311 2109 4382 operandi
2123 4324 2154 4363 ss

482 4403 545 4463 tur;
565 4395 606 4445 sic
623 4394 720 4463 qratia
736 4410 792 4446 non
809 4400 849 4445 est
870 4408 890 4445 a
906 4393 1089 4446 remanentis
1108 4409 1195 4464 neque
1215 4399 1250 4450 cie
1270 4415 1315 4451 sa·
1341 4389 1427 4445 lutem
1452 4389 1594 4447 inhaerere
1617 4393 1809 4459 sacramentis,
1831 4400 1863 4448 ut
1888 4394 2019 4454 aecidem
2036 4396 2154 4471 quoddsn

482 4481 645 4548 momentis,
669 4481 722 4533 sed
746 4479 837 4532 mitur
858 4496 877 4531 a
906 4480 986 4543 fonte
1017 4486 1129 4535 aeterno
1155 4489 1181 4535 et
1206 4483 1242 4536 ab
1263 4484 1315 4538 illa
1341 4476 1501 4548 physicum,
1525 4477 1602 4533 velut
1628 4478 1704 4534 calor
1725 4478 1850 4537 inhaeret
1872 4481 1945 4554 igni,
1966 4484 2116 4540 conducens
2129 4496 2154 4535 ⁸¹

482 4568 614 4622 hauritur
641 4567 676 4619 ab
703 4566 800 4620 antima
822 4566 852 4620 in
876 4566 947 4635 15515
969 4568 1157 4624 sacramentis.
1192 4568 1314 4624 ’11151555
1341 4579 1424 4633 opere
1448 4570 1561 4634 operato
1586 4579 1642 4618 non
1666 4564 1866 4623 interveniente
1883 4565 1947 4624 fide.
1983 4563 2154 4641 crispiniani

481 4672 509 4726 p.
522 4659 546 4709 3.
566 4670 591 4724 q.
601 4658 642 4708 62.
661 4656 751 4707 arte:
773 4650 877 4706 Gratia
894 4669 950 4704 non
970 4651 1073 4706 dictem
1091 4670 1150 4707 esse
1168 4654 1198 4707 in
1218 4673 1314 4710 sacra
1341 4656 1415 4705 recte
1434 4650 1597 4721 5555551111
1615 4649 1792 4709 Chemnicius
1817 4654 1940 4725 51511151
1956 4660 1987 4710 51
2001 4671 2110 4713 nersoss
2122 4651 2154 4706 sis

481 4747 581 4808 mento,
599 4740 672 4793 sicut
689 4739 719 4791 in
737 4738 874 4807 subjecto,
892 4754 979 4806 neque
996 4738 1067 4792 515111
1085 4740 1116 4792 in
1135 4757 1212 4806 vase,
1226 4753 1315 4811 prone
1341 4735 1465 4791 scribens
1483 4753 1543 4808 cap.
1564 4738 1600 4792 de
1619 4755 1735 4793 sacram
1755 4738 1839 4797 effic:
1868 4742 2062 4798 Sacram
2077 4738 2154 4796 sn'tsi
2195 4726 2197 4738 ’

481 4844 532 4880 cas
548 4832 590 4878 est
609 4824 686 4878 locem
703 4825 828 4894 qiidam,
847 4826 900 4878 sed
912 4832 1001 4893 prout
1019 4842 1068 4878 vas
1089 4826 1194 4879 dicitur
1213 4828 1315 4883 instra
1340 4825 1492 4882 tanvirtus
1510 4824 1564 4878 illa
1582 4833 1608 4878 et
1625 4825 1766 4896 efficacia,
1784 4844 1839 4882 nvn
1856 4831 1934 4897 qsscd
1950 4826 2155 4885 insacrassssis‘l

483 4919 601 4965 mentum
619 4910 742 4979 alicujus
760 4910 853 4979 operis
869 4911 1005 4976 faciendi.
1035 4917 1086 4965 art.
1106 4918 1135 4968 5:
1154 4914 1315 4983 Persidem
1340 4918 1420 4963 entra
1442 4926 1491 4964 seu
1511 4918 1628 4979 praeter
1650 4913 1778 4966 meritum
1802 4914 1921 4985 0151511,
1950 4915 2158 4972 massicus-dian

484 4998 609 5054 Christus
628 4997 737 5050 habitat
755 4996 785 5048 in
802 4998 896 5062 55115,
919 4997 984 5051 ideo
1001 4998 1089 5051 cirtae
1108 4999 1216 5053 Christi
1231 5019 1314 5071 copu-
1340 4996 1440 5050 Patris
1463 5004 1489 5051 et
1514 4998 1676 5066 efficaciam
1698 4999 1822 5070 Spiritus
1838 5001 1931 5055 saneti
1953 5006 2110 5073 5115555515
2127 4998 2159 5053 ⁸3

483 5086 559 5139 latur
576 5083 656 5137 nobis
675 5099 729 5151 per
748 5083 846 5151 tidem,
869 5084 956 5136 uirtus
975 5092 1066 5138 autem
1085 5086 1234 5140 remissiva
1249 5105 1314 5157 pec·
1340 5083 1437 5152 qratia
1456 5085 1648 5155 adsalutem,
1667 5088 1720 5140 sed
1737 5096 1912 5163 samamenta
1929 5098 1996 5145 sunt
2013 5107 2110 5145 5511555
2123 5087 2159 5141 a·
2188 5093 2197 5146 1

483 5180 607 5228 catorum
626 5168 786 5239 specialiter
805 5171 1010 5238 quodammodo
1025 5171 1148 5239 pertinet
1166 5174 1209 5226 ad
1226 5173 1315 5243 ipsius
1340 5171 1548 5239 streamentales,
1574 5171 1617 5225 ita
1640 5175 1718 5241 515511
1730 5190 1785 5244 per
1809 5173 1863 5227 illa
1887 5177 2051 5233 5151155555
2066 5185 2160 5248 555555

478 5260 653 5331 passionem,
677 5255 741 5307 ideo
758 5271 814 5324 per
833 5256 924 5323 fidem
939 5257 1082 5324 passionis
1100 5257 1190 5328 155155
1208 5260 1315 5329 specia-
1341 5258 1431 5310 Pater
1454 5258 1513 5310 osslt
1535 5259 1660 5326 qratiam
1683 5278 1761 5314 suum
1786 5259 1920 5326 55111555,
1943 5264 2063 5336 donare,
2081 5258 2160 5334 55511·

482 5347 550 5399 liter
567 5343 724 5398 liberantur
742 5340 865 5393 homines
883 5359 902 5394 a
915 5351 1043 5411 peccato,
1059 5344 1124 5398 ideo
1136 5346 1214 5414 quod
1227 5346 1316 5398 virtus
1342 5360 1415 5412 care,
1434 5344 1530 5398 Filius
1547 5346 1673 5399 5115115515
1685 5364 1763 5400 suum
1774 5349 1979 5404 communicare
1992 5349 2161 5412 5551555111,

483 5438 722 5486 sacramentorum
739 5427 889 5481 ordinatur
907 5430 947 5480 ad
958 5430 1086 5483 tollenda
1093 5439 1220 5500 peecata,
1231 5449 1316 5503 prae·
1343 5430 1467 5499 Spiritus
1478 5438 1591 5485 sanctus
1604 5434 1762 5503 efficaciam
1773 5451 1853 5488 suam
1866 5450 1993 5490 55555555
2006 5438 2051 5491 ad
2059 5437 2161 5492 utun

484 5521 564 5589 cipue
594 5524 634 5571 est
661 5531 695 5568 es
716 5515 778 5584 fide
798 5514 944 5582 passionis
973 5516 1084 5571 Christi.
1127 5534 1155 5588 p.
1176 5522 1201 5574 3.
1229 5537 1254 5590 q.
1275 5525 1316 5574 51.
1342 5517 1418 5569 omni
1439 5518 1571 5572 credenti.
1612 5520 1780 5572 Haemode
1805 5529 1899 5575 5551151
1918 5522 1982 5577 Deo
2001 5523 2162 5592 pieriam,

485 5612 535 5659 511.
553 5610 583 5659 l:
610 5602 691 5657 Sicut
716 5600 825 5670 antiqui
837 5606 939 5669 patres
963 5601 1068 5655 5515515·
1083 5612 1146 5657 sunt
1158 5622 1214 5673 per
1232 5607 1317 5669 fidem
1341 5611 1371 5656 ut
1396 5602 1492 5671 qratia
1518 5622 1574 5658 non
1598 5605 1669 5659 alibi
1686 5612 1854 5675 quaeratur,
1878 5624 1964 5676 quam
1981 5612 2065 5680 apud
2084 5610 2163 5665 Des:

486 5690 593 5744 Christi
608 5689 730 5754 venturi,
755 5688 797 5741 ita
810 5705 861 5741 nos
878 5685 1022 5741 salvamur
1036 5705 1092 5758 per
1108 5691 1191 5755 fidem
1211 5692 1319 5746 Christi
1343 5689 1472 5756 Patrem,
1497 5691 1619 5760 pretium
1643 5708 1692 5745 seu
1714 5709 1805 5747 casua
1829 5694 1976 5749 5555155515
2002 5694 2165 5766 rosemanus

484 5777 544 5845 jam
561 5776 625 5829 nati
642 5784 667 5830 et
680 5776 780 5847 55551,Ι
797 5781 860 5829 sunt
878 5781 970 5827 autem
987 5784 1165 5831 sacransenta
1178 5780 1317 5847 quaedem
1339 5783 1518 5844 peccatorum
1548 5785 1574 5831 et
1601 5778 1659 5832 vita
1686 5786 1803 5834 55151555
1829 5796 1887 5835 nvn
1913 5782 1987 5838 alibi
2016 5792 2167 5856 5155515115.

485 5863 568 5934 sipna
594 5860 785 5934 protestantia
808 5864 910 5931 fidem,
942 5877 999 5931 qua
1031 5861 1111 5917 horno
1130 5829 1427 5937 jmsflcmnriqmn
1450 5864 1481 5917 in
1501 5863 1612 5920 Christo
1635 5871 1661 5919 et
1682 5863 1714 5919 in
1738 5866 1900 5939 5555511555
1918 5867 2050 5942 §pm
2069 5872 2197 5978 555555·μί
