4800 6659
981 684 1033 741 DE
1050 682 1323 743 scammis.
1935 693 1993 752 165

304 847 415 898 nutat
434 841 527 899 Germ
554 845 589 900 de
611 844 748 915 baptismo
772 862 794 900 c.
817 850 858 899 26.
884 842 931 901 ubi
957 840 1134 906 ostendinus,
1163 840 1253 897 salute
1279 842 1376 896 talium
1399 842 1535 898 infantum
1559 840 1627 896 alibi
1644 859 1677 897 ex
1696 841 1845 912 Scriptmis
1863 840 1992 909 adducta,

303 946 428 986 severam
453 930 530 985 illam
556 931 794 987 comminationem
817 928 884 989 Joh.
906 936 938 1000 3,
960 947 986 983 r.
1007 937 1036 986 5:
1072 928 1138 981 Nisi
1162 928 1253 983 notari
1267 928 1412 997 jubemus,
1436 929 1510 999 quod
1529 945 1563 983 ne
1581 927 1634 997 ipsi
1652 928 1763 999 quidem
1782 927 1921 983 Pontificii
1940 927 1993 983 sal-

303 1018 366 1086 quis
383 1008 604 1081 renatus'fuerit
621 1025 673 1073 etc.
691 1016 843 1073 contemtui
862 1017 945 1087 hujus
963 1014 1136 1081 sacramenti,
1162 1016 1204 1069 vis
1223 1016 1280 1071 suis
1305 1015 1504 1087 hypothesibus
1530 1015 1632 1070 talibus
1656 1014 1809 1070 infantibus
1832 1015 1994 1086 simpliciter

303 1119 479 1175 nequaquam
502 1120 567 1159 vero
588 1104 708 1160 defectui
728 1106 756 1158 in
774 1121 840 1159 casu
859 1103 1031 1159 necessitatis
1051 1119 1135 1173 oppo·
1162 1103 1290 1157 omnibus
1317 1103 1435 1158 salutern
1465 1104 1603 1174 denegare
1630 1101 1744 1172 possint.
1779 1102 1888 1157 Doceat
1912 1101 1993 1167 enim,

303 1190 384 1245 sitam
409 1206 477 1245 esse.
522 1190 555 1245 In
580 1191 745 1261 quibusdam
770 1190 847 1246 Deus
870 1208 920 1260 per
943 1190 1057 1245 verbum
1079 1189 1137 1242 sine
1162 1189 1330 1258 baptismum
1351 1189 1509 1261 sanguinis,
1531 1188 1589 1244 hoc
1613 1195 1656 1243 est
1678 1194 1791 1243 mortem
1815 1206 1864 1260 pro
1890 1187 1994 1243 Christi
2057 1241 2059 1246 ,

255 1263 267 1289 ⁴
303 1283 476 1332 sacramento
498 1275 592 1333 itidem
611 1294 645 1333 ex
662 1294 738 1332 mera
755 1278 846 1349 gratis
863 1285 977 1348 propter
996 1275 1135 1331 Christum
1162 1276 1271 1331 nomine
1300 1282 1329 1331 ct
1349 1276 1439 1349 gloria
1461 1283 1633 1346 susceptam,
1658 1275 1715 1329 sine
1741 1275 1878 1345 baptismo
1897 1276 1934 1330 ad
1951 1291 1993 1330 sa·

303 1362 386 1418 fidem
407 1370 546 1434 operatur,
566 1369 598 1418 nt
617 1370 733 1435 apparet
745 1364 774 1418 in
790 1364 898 1419 latrone
917 1379 1047 1417 converso
1066 1361 1135 1416 Luc.
1162 1362 1247 1418 lutem
1266 1362 1400 1418 sufficere.
1436 1361 1476 1416 At
1493 1361 1653 1433 contingere
1672 1368 1780 1432 potest,
1800 1361 1933 1433 quosdam
1952 1361 1993 1415 in·

304 1456 343 1519 2³,
363 1469 389 1505 v.
407 1457 448 1506 46.
470 1450 498 1505 in
517 1450 727 1515 catechumenis,
747 1452 775 1505 in
792 1450 961 1521 martyribus
980 1448 1135 1520 primitivae
1161 1448 1251 1505 fantes
1274 1450 1395 1504 nondum
1420 1448 1575 1520 baptizatos
1602 1466 1652 1518 pro
1668 1448 1896 1503 Christi-nomine
1916 1447 1993 1517 mori,

303 1537 437 1593 ecclesiae
460 1543 524 1591 ante
543 1537 711 1608 baptismum
729 1544 815 1592 morte
834 1536 965 1606 abreptis.
1001 1537 1094 1606 Atque
1107 1535 1136 1589 in
1161 1542 1194 1590 ut
1211 1542 1288 1607 patet
1304 1535 1428 1607 exemplo
1447 1535 1582 1590 infantum
1603 1534 1876 1591 Bethleiimiticorum
1895 1534 1993 1589 Matth.

301 1622 353 1678 hoe
375 1623 522 1693 posteriori
550 1640 617 1677 casu
639 1611 695 1679 n'on
719 1639 779 1679 esse
802 1623 957 1679 absolutam
982 1638 1135 1677 sacramen·
1163 1628 1187 1690 2,
1205 1640 1230 1678 v.
1254 1629 1291 1678 16.
1312 1630 1396 1692 atque
1413 1639 1514 1691 eorum,
1534 1621 1992 1693 quiinhostilibusirruptionibus

302 1718 392 1765 torum
420 1709 612 1765 necessitatem
642 1711 732 1781 ipsum
762 1709 955 1786 'lhidentinum
990 1708 1135 1764 concilium
1162 1708 1335 1763 Christianae
1356 1708 1422 1762 fidei
1446 1710 1556 1765 nomine
1575 1709 1711 1780 perpessis
1730 1708 1758 1762 in
1775 1715 1854 1762 utero
1872 1715 1994 1762 materno

303 1796 417 1867 fatetur,
432 1804 464 1853 ut
483 1813 517 1851 ex
534 1815 567 1853 eo
584 1803 670 1868 patet,
690 1798 764 1869 quod
783 1803 869 1867 negat
884 1796 945 1850 sine
958 1794 1135 1849 sacramentis
1163 1795 1355 1851 miserabiliter
1378 1795 1594 1866 interficiuntur3
1624 1795 1685 1851 illos
1708 1812 1774 1866 ergo
1792 1812 1847 1849 non
1864 1798 1994 1864 poterunt

304 1892 352 1937 aut
376 1902 472 1937 eorum
490 1892 553 1939 noto
580 1884 699 1955 gratiam
712 1882 918 1953 justificationis
936 1879 1060 1937 homines
1078 1880 1135 1935 adi·
1162 1881 1252 1936 salute
1273 1883 1425 1950 excludere,
1445 1882 1510 1937 ideo
1531 1883 1612 1953 Vega
1629 1881 1676 1936 lib.
1698 1889 1721 1937 5.
1741 1880 1900 1951 dejustifio.
1915 1898 1939 1937 c.
1955 1886 1992 1936 14.

301 1970 387 2041 pisci,
413 1970 594 2042 utiqueergo
614 1969 754 2036 concedit,
774 1967 887 2024 nonita
905 1967 1060 2023 necessaria
1076 1983 1136 2021 esse
1163 1968 1309 2039 distinguit
1335 1974 1429 2021 votum
1456 1968 1485 2021 in
1511 1969 1637 2033 formate
1665 1976 1690 2020 et
1715 1968 1851 2035 virtuale
1880 1966 1994 2022 formale

304 2063 489 2125 memmenta,
520 2057 588 2128 quin
615 2056 718 2111 serrari
741 2055 865 2126 possint,
895 2056 942 2125 qui
963 2071 1053 2124 neque
1071 2070 1135 2107 con·
1161 2062 1255 2109 votum
1273 2053 1376 2110 habere
1391 2054 1465 2121 dicit,
1483 2055 1702 2125 quotiescunque
1715 2054 1844 2108 distincte
1858 2054 1919 2124 quis
1934 2052 1995 2107 vult

303 2149 391 2199 temtu
415 2159 506 2214 neque
527 2142 698 2214 negligentia
720 2159 754 2196 ea
776 2141 926 2197 omiserint.
963 2140 1135 2195 lombardus
1162 2139 1313 2210 baptizari,
1337 2140 1455 2197 virtuale
1478 2146 1572 2195 votum
1595 2156 1656 2194 esse
1686 2140 1725 2193 ait
1756 2140 1799 2194 vel
1825 2147 1993 2194 mortuorum

304 2229 349 2285 lib.
366 2237 391 2286 4.
408 2237 476 2285 sent
495 2229 557 2285 dist.
574 2236 598 2284 4.
610 2245 737 2300 expresse
750 2228 864 2291 asserit,
881 2230 972 2281 Deum
981 2225 1135 2295 potentiam
1162 2245 1212 2298 pro
1236 2226 1337 2282 Christi
1357 2226 1428 2294 fide,
1451 2226 1494 2280 vel
1520 2226 1691 2281 dilectionem
1711 2225 1764 2281 Dei
1788 2242 1871 2297 super
1893 2226 1992 2293 omnis,

303 2334 380 2371 msam
404 2316 588 2370 sacramentis
611 2334 666 2370 non
690 2315 825 2383 altipaase
847 2322 874 2367 et
899 2331 957 2368 esse
980 2314 1029 2382 qui
1050 2312 1136 2365 misci·
1161 2314 1205 2369 vel
1240 2313 1409 2383 propositum
1443 2312 1571 2368 remandi
1604 2313 1698 2367 omnis
1732 2312 1862 2367 mandata
1892 2311 1993 2367 divina.

302 2403 381 2473 piant
405 2420 465 2456 rem
486 2401 668 2467 sacramenti,
696 2418 752 2453 non
775 2408 996 2467 tastamentum,
1021 2416 1055 2452 ae
1075 2398 1135 2451 sine
1162 2401 1255 2465 Quare
1267 2412 1338 2467 'cum
1356 2399 1424 2454 satis
1442 2400 1479 2455 sit
1497 2399 1534 2454 ad
1553 2399 1669 2455 salutem
1688 2399 1817 2470 baptismi
1834 2405 1929 2455 votum
1947 2400 1993 2455 de·

303 2490 408 2543 m‘er'bili
422 2496 597 2542 sacramento
619 2487 797 2541 invisibiliter
814 2487 1021 2555 sanctbieentur
1041 2484 1135 2539 maal-
1161 2486 1274 2543 finiente
1306 2486 1422 2543 concilio
1453 2486 1614 2542 Tridentino
1647 2494 1674 2543 et
1706 2492 1841 2557 martyres
1873 2485 1994 2542 habeant

303 2582 409 2631 santur.
446 2573 597 2629 Confirmat
613 2572 642 2626 id
660 2589 693 2627 ex
712 2572 880 2644 Augustino,
898 2572 945 2643 qui
963 2571 1013 2627 lib.
1031 2578 1054 2626 4.
1073 2571 1135 2626 adv.
1162 2581 1256 2629 votum
1274 2573 1421 2630 definiente
1439 2575 1535 2645 Vega,
1560 2573 1669 2630 concilii
1698 2590 1834 2628 assessore
1858 2579 1886 2629 et
1909 2573 1992 2628 inter·

304 2661 405 2716 Donat
432 2678 454 2715 c.
482 2666 525 2716 tt.
554 2660 707 2727 exemplum
733 2660 853 2712 latronis
876 2658 945 2715 Luc.
973 2662 1020 2726 23,
1044 2675 1070 2711 v.
1094 2663 1136 2712 46.
1162 2670 1255 2732 prete,
1279 2669 1307 2718 et
1330 2663 1438 2732 parsuli
1464 2662 1571 2734 possint
1595 2678 1654 2718 esse
1670 2667 1806 2732 martyres
1823 2668 1894 2716 teste
1912 2676 1992 2731 expe

304 2764 321 2802 a
336 2746 477 2819 Cypriane
498 2745 578 2817 epist.
598 2750 639 2803 ta·
668 2746 783 2798 cnutum
807 2762 837 2799 re
855 2744 1077 2799 considerantem
1096 2745 1136 2797 in·
1161 2750 1275 2817 rientia,
1293 2756 1387 2814 restat,
1406 2749 1575 2819 baptismum
1593 2750 1757 2820 nequidem
1775 2747 1897 2819 parvulis
1913 2746 1992 2801 abso·

296 2836 396 2888 -nenire
436 2834 491 2902 ait,
529 2850 584 2886 non
619 2839 726 2885 tantum
757 2832 916 2901 passionem
940 2849 996 2900 pro
1027 2832 1136 2885 nomiae
1161 2836 1219 2892 luta
1253 2843 1282 2892 et
1309 2836 1472 2907 simpliciter
1501 2852 1562 2892 esse
1586 2835 1769 2892 necessarium
1802 2835 1839 2889 ad
1867 2835 1992 2890 salutem.

307 2919 419 2988 Christi,
438 2919 471 2974 id
490 2919 567 2988 quod
582 2935 616 2971 oo
630 2919 766 2987 baptimo
779 2920 885 2985 demat,
903 2917 1035 2986 mppltrt
1043 2934 1136 2985 poste,
1162 2922 1292 2989 Quaestio
1318 2939 1384 2994 ergo
1411 2931 1535 2978 remanet
1551 2923 1586 2978 de
1604 2924 1657 2977 illis
1675 2921 1843 2991 infantibus,
1864 2921 1911 2993 qui
1928 2927 1993 2977 ante

305 3008 355 3061 ted
377 3007 461 3059 aiem
476 3007 565 3074 fidum
583 3005 840 3073 conversionemque
858 3005 961 3057 cordio.
997 3002 1137 3074 Adjungit
1161 3010 1329 3080 baptismum
1346 3010 1499 3065 moriuntur
1513 3027 1603 3080 neque
1614 3017 1750 3080 martyres
1768 3016 1841 3071 sunt,
1859 3026 1924 3063 num
1938 3008 1993 3063 illis

306 3091 483 3147 Ambrosium
500 3092 535 3147 de
552 3090 747 3146 Valentiniano
765 3095 830 3145 ante
848 3090 1016 3162 baptismum
1028 3095 1136 3143 mortuo
1161 3095 1323 3167 simpliciter
1346 3095 1421 3149 salua
1444 3095 1609 3167 deneganda
1632 3095 1687 3149 sit?
1723 3094 1811 3167 Atqui
1834 3095 1916 3149 etiam
1938 3093 1992 3148 illis

307 3178 442 3234 dicentem
469 3178 498 3232 in
522 3178 645 3232 oratione
667 3176 776 3231 funebri
795 3176 830 3231 de
847 3174 926 3230 obitu
947 3175 1136 3232 Valentiniani
1161 3182 1327 3253 baptismum
1344 3181 1464 3236 flaminis
1480 3180 1675 3236 communicari
1693 3197 1774 3251 posse
1791 3197 1846 3234 non
1863 3185 1993 3250 potentat

308 3264 386 3336 imit:
409 3265 495 3328 Quom
507 3272 722 3335 regeneraturus
736 3279 832 3327 eram;
850 3262 942 3329 amitt,
954 3265 1006 3315 ⁸611
1019 3263 1136 3318 illenon
1161 3285 1277 3341 negare,
1294 3286 1357 3324 cum
1375 3268 1530 3340 exemplum
1547 3267 1683 3324 Johanuis
1700 3266 1845 3338 Baptistae
1865 3267 1893 3319 in
1914 3274 1992 3321 utero

307 3354 399 3407 ambo
423 3354 557 3421 qratiam,
587 3369 669 3421 quam
691 3352 830 3420 poposcit.
874 3349 1077 3406 Commemorat
1103 3368 1136 3405 ox
1160 3356 1259 3427 repleti
1276 3355 1380 3427 Spiritu
1398 3373 1419 3409 s.
1438 3355 1506 3410 Luc.
1528 3361 1554 3422 1,
1575 3372 1600 3407 r.
1619 3360 1660 3410 41.
1679 3353 1820 3407 evidenter
1839 3352 1869 3406 id
1885 3352 1993 3424 probet

306 3448 418 3497 auctore
445 3440 561 3496 Glossae
585 3440 741 3495 ordinariae
763 3439 792 3493 in
818 3455 842 3495 c.
868 3444 891 3493 6.
920 3437 1006 3492 Hebr.
1031 3439 1135 3506 baptis·
1162 3444 1216 3500 Sed
1242 3443 1314 3498 enim
1338 3459 1393 3498 non
1418 3441 1497 3495 inviti
1519 3441 1548 3495 id
1573 3441 1686 3513 quidam
1705 3458 1738 3497 οι
1756 3441 1811 3495 illio
1828 3439 1992 3496 concedunt.

306 3546 377 3580 munt
402 3528 432 3580 in
455 3545 544 3597 apem,
567 3528 596 3580 iu
610 3527 797 3596 poenitentia,
821 3527 851 3579 in
869 3526 1019 3592 saupuine3
1038 3541 1072 3579 ac
1089 3524 1135 3579 do·
1161 3532 1207 3586 Sic
1227 3530 1299 3585 enim
1314 3528 1429 3589 Gereom
1447 3528 1616 3585 Academiae
1628 3528 1790 3583 Parisiensis
1805 3526 1993 3597 cancellarius,

306 3614 369 3669 inde
397 3614 435 3668 ad
462 3613 597 3669 celebrem
625 3612 702 3667 illam
728 3612 893 3666 sententiam
921 3610 1037 3665 Christi:
1073 3610 1135 3667 Nisi
1161 3621 1254 3689 (quem
1279 3617 1418 3671 doctorem
1436 3615 1718 3685 consolantissimum,
1741 3616 1793 3669 hoc
1816 3621 1857 3671 est
1877 3616 1912 3670 ad
1930 3631 1992 3671 cou-

307 3701 366 3771 quis
385 3705 498 3755 renatus
518 3699 601 3755 merit
620 3716 653 3753 ex
671 3714 744 3768 aquo
764 3705 814 3753 ete-
839 3697 999 3767 respondet,
1024 3698 1075 3752 boc
1091 3716 1134 3752 re·
1160 3704 1320 3760 sonnonem
1340 3704 1457 3758 maxime
1475 3701 1617 3758 efficacem
1636 3703 1787 3772 vocarunt).
1812 3703 1842 3757 in
1860 3719 1940 3759 serm.
1959 3701 1994 3756 ds

307 3789 385 3841 nasei
401 3804 434 3839 es
453 3804 528 3855 aqna
548 3794 573 3840 es
594 3785 704 3854 spirim
726 3785 887 3853 sipntficare
912 3801 973 3836 eam
989 3800 1134 3852 repenera-
1161 3792 1247 3847 nativ.
1275 3791 1343 3845 Mar.
1374 3790 1460 3861 virg.:
1494 3789 1621 3854 Constat,
1652 3793 1744 3845 Deum
1771 3789 1994 3845 misericordiam

307 3875 415 3942 1101161411
434 3889 504 3941 tuat
523 3873 622 3941 fiitm
633 3889 736 3940 “dbssm
749 3878 775 3922 ‘³⁶
789 3870 925 3938 spiritum
939 3879 1082 3939 tattwmt
1094 3887 1136 3923 rt·
1161 3878 1328 3932 salvationis
1350 3894 1418 3930 suae
1442 3894 1498 3929 non
1518 3878 1560 3930 ita
1578 3877 1684 3947 lapibus
1701 3877 1888 3932 communibus
1904 3875 1994 3930 tradi·

306 3960 510 4030 perorationem
527 3966 619 4011 autem
638 3957 720 4010 iilam
733 3957 804 4023 fieri
821 3975 876 4009 non
895 3966 1002 4010 tantum
1015 3975 1070 4025 per
1089 3959 1136 4010 ba·
1161 3966 1247 4018 nomm
1273 3963 1465 4028 cbristianae,
1490 3982 1546 4017 non
1569 3965 1611 4017 ita
1635 3964 1819 4018 sacramentis
1842 3963 1914 4033 ipsis
1929 3963 1996 4017 alli·

303 4050 443 4118 ptismum,
461 4047 514 4100 aed
532 4046 615 4098 etiam
631 4062 684 4114 per
697 4045 898 4113 poenitentiam
916 4052 942 4097 et
954 4062 1008 4114 per
1025 4045 1136 4113 sanpui·
1162 4067 1252 4121 paese,
1270 4050 1338 4118 quin
1355 4051 1459 4119 absque
1474 4050 1658 4119 praejudicio
1676 4050 1747 4119 lepis
1767 4051 1890 4118 ejusdem
1904 4049 1995 4119 possit

306 4152 375 4192 nem.
424 4132 542 4187 Ratione
572 4130 691 4201 denique
719 4146 752 4184 ex
782 4129 929 4201 seripturis
959 4133 1046 4202 petita
1079 4149 1136 4187 rem
1158 4154 1264 4206 pueros
1282 4138 1403 4189 nondum
1419 4144 1501 4189 natos
1517 4143 1596 4190 entra
1610 4136 1996 4198 uterumintussanctificare

306 4221 460 4290 mucludit,
495 4219 522 4272 si
548 4219 700 4288 baptismus
724 4218 833 4283 suffieit
860 4218 1015 4281 infantibus
1033 4220 1136 4272 sancti·
1161 4224 1274 4291 proriae
1297 4239 1366 4275 suae
1391 4223 1543 4292 baptismo,
1568 4223 1611 4276 vel
1631 4222 1733 4276 virtute
1753 4222 1879 4290 Spiritus
1897 4222 1996 4289 samii,

306 4310 438 4372 beandis,
464 4307 550 4360 multo
579 4307 670 4374 mapis
696 4305 803 4359 adnuis
826 4304 958 4371 sufficere
978 4308 1078 4373 fidem,
1101 4307 1136 4360 de
1162 4310 1249 4379 idque
1266 4316 1296 4361 ut
1312 4317 1447 4377 parentes
1461 4327 1518 4379 pro
1538 4310 1784 4377 infantenandum
1795 4316 1869 4376 nato,
1884 4308 1998 4371 siforte

307 4413 361 4464 qua
380 4394 509 4449 Christus
527 4394 569 4446 ait
588 4391 652 4447 ton
674 4396 712 4458 11,
731 4407 756 4444 v.
776 4396 823 4446 25:
862 4391 916 4454 Qui
931 4393 1021 4444 eredit
1040 4393 1070 4444 in
1085 4410 1138 4462 me,
1163 4396 1316 4449 maritumis
1333 4403 1389 4464 est,
1410 4396 1575 4464 priusquam
1593 4397 1754 4466 baptizetur,
1773 4413 1792 4448 a
1810 4396 1933 4448 Domino
1947 4410 1996 4465 pc·

271 4497 274 4503 ·
307 4484 418 4538 etiamsi
433 4489 557 4536 mortuus
575 4482 676 4547 suerit,
695 4480 773 4535 sinet.
808 4476 890 4533 Hanc
909 4477 1058 4532 Lombardi
1077 4496 1137 4534 sen·
1163 4490 1233 4545 tant,
1252 4483 1384 4535 admonet
1402 4490 1437 4549 et,
1454 4499 1488 4536 ne
1505 4483 1566 4535 sine
1585 4482 1723 4552 baptimo
1741 4482 1783 4534 ita
1802 4481 1998 4534 decedentibus

307 4570 421 4625 tentiam
445 4567 544 4639 reliqui
564 4564 727 4621 Scholastici
748 4570 915 4635 sequuntur,
934 4564 1007 4618 uude
1026 4566 1137 4620 solenne
1163 4585 1272 4622 omnem
1300 4586 1376 4638 spem
1405 4569 1508 4622 salutis
1534 4568 1658 4622 ablatam
1682 4577 1797 4637 putent,
1827 4567 1995 4621 consolatur.

307 4656 373 4726 ipsis
398 4661 440 4710 est
462 4654 632 4725 distinguere
655 4653 727 4706 inter
743 4651 912 4724 baptismum
927 4652 1067 4719 flaminia,
1082 4653 1138 4720 flu·
1164 4654 1283 4710 Gereoni
1309 4654 1447 4708 consentit
1470 4653 1531 4709 Biel
1556 4661 1579 4708 4.
1604 4661 1672 4709 sent
1698 4654 1761 4708 dist.
1791 4661 1814 4708 4.
1841 4672 1867 4725 q.
1895 4659 1919 4708 2.
1946 4650 1995 4706 ubi

308 4744 390 4797 minse
410 4751 435 4795 et
451 4741 607 4809 conquiris.
642 4739 717 4810 Ergo
741 4755 776 4793 ne
798 4739 851 4810 ipsi
870 4737 981 4809 quidem
999 4737 1137 4793 Pontificii
1163 4749 1214 4797 art.
1239 4748 1263 4796 3,
1288 4741 1388 4796 format
1405 4738 1477 4793 hano
1501 4740 1703 4810 quaestionem:
1732 4740 1822 4802 Quale
1844 4739 1996 4796 remedium

308 4829 365 4900 (qui
395 4826 581 4884 scholasticos
604 4825 656 4879 hac
680 4827 709 4878 in
726 4830 805 4895 perte
823 4829 988 4896 sequuntur,
1012 4830 1045 4877 ut
1062 4831 1138 4895 patet
1162 4847 1216 4899 pro
1231 4829 1364 4897 paruulis
1380 4828 1411 4879 in
1430 4828 1530 4879 mero!
1547 4827 1697 4897 respondet
1715 4833 1807 4881 autern
1827 4825 1878 4881 hoc
1898 4825 1994 4880 modat

308 4932 338 4972 ex
362 4914 508 4985 Alpheum
535 4913 582 4966 lib.
608 4917 631 4966 3.
655 4910 718 4964 adv.
745 4911 850 4970 haeres.
876 4912 960 4967 verbo
984 4910 1283 4979 baptismusiSenaum
1305 4914 1424 4967 Domini
1441 4913 1614 4980 quianoritt
1631 4931 1740 4981 eorum,
1761 4915 1949 4984 qainondam
1967 4912 1997 4965 in

307 5000 379 5057 haer.
400 5006 425 5057 9.
445 5006 473 5055 et
495 5005 533 5055 10.
570 4997 656 5052 Hosio
676 4997 704 5050 in
723 4997 795 5052 conf.
817 4999 911 5069 petric.
936 5016 959 5053 c.
979 5004 1020 5053 35.
1057 4997 1139 5069 vegs
1163 5004 1254 5058 lucem
1272 5000 1388 5054 notitae
1401 5000 1581 5069 prodierunt,
1598 5002 1723 5054 remedia
1744 5002 1774 5054 in
1792 5018 1844 5052 rua
1857 5004 1998 5068 potestate

306 5089 353 5145 lib.
378 5098 401 5145 5.
430 5088 464 5143 de
491 5087 580 5158 justif.
605 5101 629 5139 c.
653 5091 691 5140 14.
726 5086 855 5157 Tappero
878 5085 906 5139 iu
931 5086 1028 5156 explic.
1059 5085 1137 5141 artic.
1164 5090 1228 5144 sola
1245 5087 1399 5151 constituit,
1427 5102 1496 5154 quos
1513 5103 1574 5139 eum
1591 5087 1711 5141 voluerit
1729 5088 1789 5140 sine
1807 5085 1938 5138 auteriori
1954 5101 1997 5138 re·

311 5176 414 5233 lionam
433 5182 484 5230 art.
498 5180 520 5229 2.
543 5175 604 5235 etc.)
625 5172 750 5227 absolute
769 5179 880 5247 negant,
899 5173 1008 5229 adultos
1023 5173 1080 5229 solo
1094 5173 1138 5229 de·
1164 5178 1258 5228 medio
1277 5182 1302 5226 et
1319 5172 1495 5235 sanctificare
1514 5180 1541 5225 et
1559 5173 1672 5226 saloare
1685 5181 1787 5241 potest,
1807 5173 1884 5240 meod
1896 5171 1999 5240 paucis

309 5264 409 5321 siderio
426 5279 459 5317 ae
478 5268 542 5317 roto
560 5259 688 5331 baptismi
709 5261 807 5315 salvari
825 5276 905 5332 posse
923 5261 981 5315 sine
999 5259 1196 5331 baptismots'n
1220 5259 1401 5331 privilepium
1433 5259 1542 5321 factum
1565 5266 1658 5328 potest
1685 5260 1889 5327 quibuscunque
1912 5258 1999 5311 solidi

310 5351 338 5405 in
358 5358 430 5418 actu,
449 5366 504 5421 qua
521 5348 628 5404 ratione
646 5346 757 5416 ipsimet
776 5346 932 5402 absolutam
949 5345 1313 5417 necessitatemlimpertiri.
1359 5345 1434 5398 Hinc
1456 5344 1569 5416 (inquit)
1595 5343 1706 5398 Gerson
1733 5343 1866 5408 emuniit,
1891 5351 1923 5396 ut
1945 5360 1999 5412 pa·

310 5438 440 5512 baptismi
457 5436 567 5499 tollunt,
585 5452 639 5506 quo
657 5433 778 5504 pertinet
794 5432 1036 5488 illudBellarmini
1054 5432 1100 5489 lib.
1115 5439 1139 5488 2.
1152 5400 1154 5487 i
1166 5442 1259 5487 rentes
1281 5433 1388 5486 devotis
1406 5432 1581 5484 orationibus
1602 5450 1636 5485 ae
1654 5432 1733 5484 bonis
1751 5430 1880 5499 operibus
1895 5448 2000 5499 parru-

311 5526 345 5580 de
364 5541 478 5581 samum.
498 5540 520 5577 c.
542 5528 580 5578 13.
601 5518 627 5596 ξ.
648 5527 676 5576 2:
704 5521 808 5574 Aones·
825 5537 878 5591 per
894 5521 979 5585 fidem
997 5527 1023 5573 et
1042 5510 1206 5581 contri-llis
1223 5519 1283 5573 suia
1303 5517 1426 5588 qratiam
1444 5519 1595 5587 impetrare
1612 5518 1748 5584 nitantur,
1762 5524 1866 5584 potens
1877 5518 2001 5571 estenim

311 5615 411 5668 bomem
435 5613 647 5682 justificantur,
678 5617 825 5679 antequam
843 5607 958 5675 reipsa
984 5609 1026 5660 ad
1046 5588 1250 5672 καθα-101114
1267 5606 1298 5657 in
1314 5612 1393 5658 edero
1412 5605 1598 5671 mundicors,
1615 5620 1684 5672 quos
1698 5604 1776 5656 novit
1793 5604 2002 5658 arlnate'vitatie

218 5688 246 5737 ¹¹¹=
259 5700 299 5750 tta
312 5709 430 5756 mentum
448 5701 594 5755 accedant.
630 5697 704 5752 Tota
720 5696 806 5767 igitur
822 5692 947 5763 quaestio
965 5700 1007 5747 eet
1025 5694 1060 5747 de
1078 5702 1259 5764 par-tortum
1282 5708 1338 5745 non
1358 5699 1555 5761 perventuros,
1585 5691 1651 5743 licet
1674 5692 1710 5743 de
1735 5691 1787 5742 hoc
1810 5691 2002 5745 certitudinem

310 5788 381 5843 vulis
401 5787 430 5841 in
450 5784 564 5842 ecclesia
582 5784 669 5853 natis,
690 5782 819 5855 quicum
836 5795 888 5834 nec
905 5778 1072 5849 baptismum
1090 5765 1224 5876 noelnen
1242 5777 1400 5832 habeamus.
1437 5776 1508 5831 Bieli
1528 5792 1670 5830 assensum
1688 5792 1768 5830 suum
1786 5775 1902 5846 praebet
1921 5776 2001 5849 Caje·

309 5873 440 5949 baptismi
459 5872 625 5929 desiderium
642 5869 773 5933 habeant,
789 5862 880 5922 salute
899 5869 1013 5921 aeterne
1025 5866 1061 5921 ab
1073 5864 1140 5936 ipsis
1154 5871 1251 5920 aanor
1268 5864 1298 5919 in
1315 5881 1342 5934 p.
1363 5868 1388 5919 3.
1406 5861 1503 5918 Thom.
1521 5861 1625 5933 Aquita
1644 5862 1682 5917 ad
1701 5878 1747 5936 qu.
1759 5868 1800 5919 68.
1821 5867 2000 5920 11111111.

310 5961 506 6028 mduduntur,
533 5957 582 6014 sed
612 5959 726 6027 propter
746 5949 929 6032 mndsmenta
951 5951 1066 6008 immota
1089 5967 1140 6023 pro
1154 5919 1157 6011 i
1169 5949 1245 6008 Male
1256 5950 1287 6005 id
1305 5948 1390 6005 habet
1406 5947 1586 6004 Dominicum
1604 5964 1623 6004 a
1639 5948 1715 6017 Sota,
1734 5948 1810 6005 unde
1827 5948 1860 6004 in
1876 5948 1955 6004 libris
1966 5949 2003 6006 de
