<?xml version="1.0" encoding="UTF-8"?>
<!DOCTYPE html PUBLIC "-//W3C//DTD XHTML 1.0 Transitional//EN"
    "http://www.w3.org/TR/xhtml1/DTD/xhtml1-transitional.dtd">
<html xmlns="http://www.w3.org/1999/xhtml" xml:lang="en" lang="en">
 <head>
  <title>
</title>
<meta http-equiv="Content-Type" content="text/html;charset=utf-8" />
  <meta name='ocr-system' content='tesseract 3.04.00' />
  <meta name='ocr-capabilities' content='ocr_page ocr_carea ocr_par ocr_line ocrx_word'/>
</head>
<body>
  <div class='ocr_page' id='page_1' title='image "./locitheologicit02gerhgoog/locitheologicit02gerhgoog_0056.png"; bbox 0 0 4800 6659; ppageno 0'>
   <div class='ocr_carea' id='block_1_1' title="bbox 725 592 2944 671">
    <p class='ocr_par' dir='ltr' id='par_1_1' title="bbox 725 592 2944 671">
     <span class='ocr_line' id='line_1_1' title="bbox 725 592 2944 671; baseline -0.003 -9"><span class='ocrx_word' id='word_1_1' title='bbox 725 600 807 671; x_wconf 71' lang='lat'><strong>46,</strong></span> <span class='ocrx_word' id='word_1_2' title='bbox 1909 592 2156 654; x_wconf 76' lang='lat' dir='ltr'><strong>Locus</strong></span> <span class='ocrx_word' id='word_1_3' title='bbox 2188 592 2530 653; x_wconf 72' lang='lat' dir='ltr'><strong>DEchs</strong></span> <span class='ocrx_word' id='word_1_4' title='bbox 2566 594 2944 655; x_wconf 76' lang='lat' dir='ltr'>SEPTIMUS</span> 
     </span>
    </p>
   </div>
   <div class='ocr_carea' id='block_1_2' title="bbox 727 728 4122 917">
    <p class='ocr_par' dir='ltr' id='par_1_2' title="bbox 727 728 4122 917">
     <span class='ocr_line' id='line_1_2' title="bbox 728 728 4122 827; baseline 0.002 -24"><span class='ocrx_word' id='word_1_5' title='bbox 728 752 1018 819; x_wconf 83' lang='lat' dir='ltr'><strong>gerentur,</strong></span> <span class='ocrx_word' id='word_1_6' title='bbox 1062 748 1308 805; x_wconf 84' lang='lat' dir='ltr'><strong>nondum</strong></span> <span class='ocrx_word' id='word_1_7' title='bbox 1352 754 1540 807; x_wconf 78' lang='lat' dir='ltr'><strong>tamen</strong></span> <span class='ocrx_word' id='word_1_8' title='bbox 1583 765 1926 821; x_wconf 79' lang='lat' dir='ltr'><strong>consequens</strong></span> <span class='ocrx_word' id='word_1_9' title='bbox 1971 749 2144 819; x_wconf 83' lang='lat' dir='ltr'><strong>foret,</strong></span> <span class='ocrx_word' id='word_1_10' title='bbox 2190 767 2263 807; x_wconf 89' lang='lat' dir='ltr'><strong>ea</strong></span> <span class='ocrx_word' id='word_1_11' title='bbox 2291 728 2393 822; x_wconf 81' lang='lat' dir='ltr'><strong>per</strong></span> <span class='ocrx_word' id='word_1_12' title='bbox 2423 746 2608 823; x_wconf 42' lang='lat' dir='ltr'><strong>iberi?</strong></span> <span class='ocrx_word' id='word_1_13' title='bbox 2656 751 2737 809; x_wconf 87' lang='lat' dir='ltr'><strong>ita</strong></span> <span class='ocrx_word' id='word_1_14' title='bbox 2773 753 3000 825; x_wconf 86' lang='lat' dir='ltr'><strong>quidem</strong></span> <span class='ocrx_word' id='word_1_15' title='bbox 3034 752 3328 811; x_wconf 82' lang='lat' dir='ltr'><strong>voluerunt</strong></span> <span class='ocrx_word' id='word_1_16' title='bbox 3358 754 3673 826; x_wconf 82' lang='lat' dir='ltr'><strong>Pelagiani‚</strong></span> <span class='ocrx_word' id='word_1_17' title='bbox 3712 755 3813 811; x_wconf 89' lang='lat' dir='ltr'><strong>sed</strong></span> <span class='ocrx_word' id='word_1_18' title='bbox 3851 755 4122 827; x_wconf 86' lang='lat' dir='ltr'><strong>Angusti-</strong></span> 
     </span>
     <span class='ocr_line' id='line_1_3' title="bbox 727 826 3140 917; baseline 0.002 -27"><span class='ocrx_word' id='word_1_19' title='bbox 727 850 787 890; x_wconf 86' lang='lat' dir='ltr'><strong>se</strong></span> <span class='ocrx_word' id='word_1_20' title='bbox 839 839 896 890; x_wconf 79' lang='lat' dir='ltr'><strong>et</strong></span> <span class='ocrx_word' id='word_1_21' title='bbox 947 833 1201 891; x_wconf 69' lang='lat' dir='ltr'><strong>absolute</strong></span> <span class='ocrx_word' id='word_1_22' title='bbox 1249 851 1368 892; x_wconf 87' lang='lat' dir='ltr'><strong>esse</strong></span> <span class='ocrx_word' id='word_1_23' title='bbox 1401 841 1517 893; x_wconf 79' lang='lat' dir='ltr'><strong>tam</strong></span> <span class='ocrx_word' id='word_1_24' title='bbox 1554 837 1799 907; x_wconf 86' lang='lat' dir='ltr'><strong>pretiosa</strong></span> <span class='ocrx_word' id='word_1_25' title='bbox 1831 841 1892 893; x_wconf 90' lang='lat' dir='ltr'><strong>et</strong></span> <span class='ocrx_word' id='word_1_26' title='bbox 1921 836 2240 907; x_wconf 83' lang='lat' dir='ltr'><strong>defaecata,</strong></span> <span class='ocrx_word' id='word_1_27' title='bbox 2291 837 2391 892; x_wconf 89' lang='lat' dir='ltr'><strong>sed</strong></span> <span class='ocrx_word' id='word_1_28' title='bbox 2423 826 2553 917; x_wconf 59' lang='lat' dir='ltr'><strong>{nus</strong></span> <span class='ocrx_word' id='word_1_29' title='bbox 2589 855 2683 894; x_wconf 89' lang='lat' dir='ltr'><strong>eos</strong></span> <span class='ocrx_word' id='word_1_30' title='bbox 2712 839 2889 894; x_wconf 88' lang='lat' dir='ltr'><strong>solide</strong></span> <span class='ocrx_word' id='word_1_31' title='bbox 2922 840 3140 896; x_wconf 81' lang='lat' dir='ltr'><strong>refellit.</strong></span> 
     </span>
    </p>
   </div>
   <div class='ocr_carea' id='block_1_3' title="bbox 728 918 4297 996">
    <p class='ocr_par' dir='ltr' id='par_1_3' title="bbox 728 918 4297 996">
     <span class='ocr_line' id='line_1_4' title="bbox 728 918 4297 996; baseline 0.001 -20"><span class='ocrx_word' id='word_1_32' title='bbox 728 918 860 992; x_wconf 72' lang='lat' dir='ltr'><strong>quia</strong></span> <span class='ocrx_word' id='word_1_33' title='bbox 901 918 1326 991; x_wconf 70' lang='lat' dir='ltr'><strong>proficiscuntur</strong></span> <span class='ocrx_word' id='word_1_34' title='bbox 1375 936 1444 976; x_wconf 80' lang='lat' dir='ltr'><strong>ex</strong></span> <span class='ocrx_word' id='word_1_35' title='bbox 1487 922 1624 991; x_wconf 76' lang='lat' dir='ltr'><strong>fide,</strong></span> <span class='ocrx_word' id='word_1_36' title='bbox 1671 939 1814 994; x_wconf 74' lang='lat' dir='ltr'><strong>quae</strong></span> <span class='ocrx_word' id='word_1_37' title='bbox 1863 928 1947 980; x_wconf 80' lang='lat' dir='ltr'><strong>eet</strong></span> <span class='ocrx_word' id='word_1_38' title='bbox 1994 941 2197 978; x_wconf 78' lang='lat' dir='ltr'><strong>aurum</strong></span> <span class='ocrx_word' id='word_1_39' title='bbox 2241 924 2391 978; x_wconf 75' lang='lat' dir='ltr'><strong>illud</strong></span> <span class='ocrx_word' id='word_1_40' title='bbox 2423 922 2427 979; x_wconf 89' lang='grc' dir='ltr'>Ι</span> <span class='ocrx_word' id='word_1_41' title='bbox 2516 931 2599 981; x_wconf 81' lang='lat'><strong>77.</strong></span> <span class='ocrx_word' id='word_1_42' title='bbox 2678 928 2720 982; x_wconf 93' lang='grc'><strong>7.</strong></span> <span class='ocrx_word' id='word_1_43' title='bbox 2758 926 3060 996; x_wconf 75' lang='lat' dir='ltr'><strong><em>Scriptura</em></strong></span> <span class='ocrx_word' id='word_1_44' title='bbox 3099 934 3364 995; x_wconf 83' lang='lat' dir='ltr'><strong>testatur,</strong></span> <span class='ocrx_word' id='word_1_45' title='bbox 3400 928 3548 980; x_wconf 79' lang='lat' dir='ltr'><strong>bona</strong></span> <span class='ocrx_word' id='word_1_46' title='bbox 3581 944 3756 996; x_wconf 82' lang='lat' dir='ltr'><strong>opera</strong></span> <span class='ocrx_word' id='word_1_47' title='bbox 3790 936 4120 981; x_wconf 85' lang='lat' dir='ltr'><strong>renatorum</strong></span> <span class='ocrx_word' id='word_1_48' title='bbox 4146 936 4186 978; x_wconf 85' lang='lat'><strong>7.</strong></span> <span class='ocrx_word' id='word_1_49' title='bbox 4217 935 4297 975; x_wconf 74' lang='grc' dir='ltr'><strong>Βοι</strong></span> 
     </span>
    </p>
   </div>
   <div class='ocr_carea' id='block_1_4' title="bbox 725 1007 4119 1360">
    <p class='ocr_par' dir='ltr' id='par_1_4' title="bbox 725 1007 4119 1360">
     <span class='ocr_line' id='line_1_5' title="bbox 725 1007 2388 1083; baseline 0.002 -21"><span class='ocrx_word' id='word_1_50' title='bbox 725 1007 853 1075; x_wconf 69' lang='lat' dir='ltr'><strong>iane</strong></span> <span class='ocrx_word' id='word_1_51' title='bbox 915 1015 1222 1072; x_wconf 69' lang='lat' dir='ltr'><strong>excoctum,</strong></span> <span class='ocrx_word' id='word_1_52' title='bbox 1287 1014 1334 1067; x_wconf 98' lang='grc'><strong>1.</strong></span> <span class='ocrx_word' id='word_1_53' title='bbox 1388 1008 1539 1065; x_wconf 87' lang='lat' dir='ltr'><strong>Petr.</strong></span> <span class='ocrx_word' id='word_1_54' title='bbox 1598 1015 1655 1077; x_wconf 87' lang='lat'><strong>1,</strong></span> <span class='ocrx_word' id='word_1_55' title='bbox 1707 1026 1758 1064; x_wconf 80' lang='lat' dir='ltr'><strong>v.</strong></span> <span class='ocrx_word' id='word_1_56' title='bbox 1809 1016 1859 1067; x_wconf 86' lang='lat'><strong>7.</strong></span> <span class='ocrx_word' id='word_1_57' title='bbox 1909 1028 2012 1081; x_wconf 89' lang='lat' dir='ltr'><strong>per</strong></span> <span class='ocrx_word' id='word_1_58' title='bbox 2068 1028 2236 1083; x_wconf 87' lang='lat' dir='ltr'><strong>quam</strong></span> <span class='ocrx_word' id='word_1_59' title='bbox 2289 1010 2388 1065; x_wconf 91' lang='lat' dir='ltr'><strong>im-</strong></span> 
     </span>
     <span class='ocr_line' id='line_1_6' title="bbox 725 1091 2388 1168; baseline 0.001 -19"><span class='ocrx_word' id='word_1_60' title='bbox 725 1091 993 1163; x_wconf 71' lang='lat' dir='ltr'><strong>perfectio</strong></span> <span class='ocrx_word' id='word_1_61' title='bbox 1049 1098 1107 1148; x_wconf 90' lang='lat' dir='ltr'><strong>et</strong></span> <span class='ocrx_word' id='word_1_62' title='bbox 1160 1093 1538 1150; x_wconf 72' lang='lat' dir='ltr'><strong>immundities</strong></span> <span class='ocrx_word' id='word_1_63' title='bbox 1585 1096 1845 1168; x_wconf 84' lang='lat' dir='ltr'><strong>operibus</strong></span> <span class='ocrx_word' id='word_1_64' title='bbox 1892 1097 2198 1153; x_wconf 74' lang='lat' dir='ltr'><strong>adhaerens</strong></span> <span class='ocrx_word' id='word_1_65' title='bbox 2246 1096 2388 1168; x_wconf 88' lang='lat' dir='ltr'><strong>tegi-</strong></span> 
     </span>
     <span class='ocr_line' id='line_1_7' title="bbox 725 1171 4118 1266; baseline 0.001 -32"><span class='ocrx_word' id='word_1_66' title='bbox 725 1182 839 1247; x_wconf 84' lang='lat' dir='ltr'><strong>tur,</strong></span> <span class='ocrx_word' id='word_1_67' title='bbox 907 1185 974 1235; x_wconf 87' lang='lat' dir='ltr'><strong>ut</strong></span> <span class='ocrx_word' id='word_1_68' title='bbox 1026 1196 1217 1237; x_wconf 85' lang='lat' dir='ltr'><strong>coram</strong></span> <span class='ocrx_word' id='word_1_69' title='bbox 1277 1181 1453 1236; x_wconf 89' lang='lat' dir='ltr'><strong>oculis</strong></span> <span class='ocrx_word' id='word_1_70' title='bbox 1501 1182 1610 1238; x_wconf 88' lang='lat' dir='ltr'><strong>Dei</strong></span> <span class='ocrx_word' id='word_1_71' title='bbox 1660 1182 1782 1238; x_wconf 88' lang='lat' dir='ltr'><strong>auri</strong></span> <span class='ocrx_word' id='word_1_72' title='bbox 1835 1182 2009 1239; x_wconf 85' lang='lat' dir='ltr'><strong>instar</strong></span> <span class='ocrx_word' id='word_1_73' title='bbox 2062 1189 2120 1238; x_wconf 87' lang='lat' dir='ltr'><strong>et</strong></span> <span class='ocrx_word' id='word_1_74' title='bbox 2170 1171 2414 1266; x_wconf 63' lang='lat' dir='ltr'><strong>argenti}</strong></span> <span class='ocrx_word' id='word_1_75' title='bbox 2441 1192 2602 1236; x_wconf 79' lang='lat' dir='ltr'><strong>erunt</strong></span> <span class='ocrx_word' id='word_1_76' title='bbox 2640 1200 2817 1253; x_wconf 84' lang='lat' dir='ltr'><strong>opera</strong></span> <span class='ocrx_word' id='word_1_77' title='bbox 2854 1201 2979 1238; x_wconf 87' lang='lat' dir='ltr'><strong>mea</strong></span> <span class='ocrx_word' id='word_1_78' title='bbox 3014 1189 3120 1239; x_wconf 89' lang='lat' dir='ltr'><strong>etc.</strong></span> <span class='ocrx_word' id='word_1_79' title='bbox 3193 1185 3271 1239; x_wconf 81' lang='lat' dir='ltr'><strong>At</strong></span> <span class='ocrx_word' id='word_1_80' title='bbox 3301 1187 3429 1239; x_wconf 84' lang='lat' dir='ltr'><strong>Deo</strong></span> <span class='ocrx_word' id='word_1_81' title='bbox 3469 1186 3613 1239; x_wconf 75' lang='lat' dir='ltr'><strong>nihil</strong></span> <span class='ocrx_word' id='word_1_82' title='bbox 3641 1186 3880 1255; x_wconf 81' lang='lat' dir='ltr'><strong>placere</strong></span> <span class='ocrx_word' id='word_1_83' title='bbox 3909 1194 4118 1256; x_wconf 80' lang='lat' dir='ltr'><strong>potest,</strong></span> 
     </span>
     <span class='ocr_line' id='line_1_8' title="bbox 725 1263 4119 1360; baseline 0.002 -40"><span class='ocrx_word' id='word_1_84' title='bbox 725 1263 902 1322; x_wconf 78' lang='lat' dir='ltr'><strong>nitere</strong></span> <span class='ocrx_word' id='word_1_85' title='bbox 934 1265 1164 1336; x_wconf 83' lang='lat' dir='ltr'><strong>possint.</strong></span> <span class='ocrx_word' id='word_1_86' title='bbox 2414 1269 2558 1360; x_wconf 69' lang='lat' dir='ltr'><strong>&#39;nisi</strong></span> <span class='ocrx_word' id='word_1_87' title='bbox 2610 1272 2765 1338; x_wconf 79' lang='lat' dir='ltr'><strong>quod</strong></span> <span class='ocrx_word' id='word_1_88' title='bbox 2796 1278 2876 1324; x_wconf 84' lang='lat' dir='ltr'><strong>est</strong></span> <span class='ocrx_word' id='word_1_89' title='bbox 2926 1287 3051 1323; x_wconf 86' lang='lat' dir='ltr'><strong>vere</strong></span> <span class='ocrx_word' id='word_1_90' title='bbox 3093 1270 3293 1324; x_wconf 83' lang='lat' dir='ltr'><strong>bonum</strong></span> <span class='ocrx_word' id='word_1_91' title='bbox 3331 1279 3381 1324; x_wconf 87' lang='lat' dir='ltr'><strong>et</strong></span> <span class='ocrx_word' id='word_1_92' title='bbox 3408 1288 3623 1340; x_wconf 75' lang='lat' dir='ltr'><strong>purum</strong></span> <span class='ocrx_word' id='word_1_93' title='bbox 3658 1272 3730 1324; x_wconf 82' lang='lat' dir='ltr'><strong>ab</strong></span> <span class='ocrx_word' id='word_1_94' title='bbox 3768 1272 3923 1326; x_wconf 77' lang='lat' dir='ltr'><strong>omni</strong></span> <span class='ocrx_word' id='word_1_95' title='bbox 3958 1273 4119 1327; x_wconf 71' lang='lat' dir='ltr'><strong>vitio.</strong></span> 
     </span>
    </p>
   </div>
   <div class='ocr_carea' id='block_1_5' title="bbox 793 1354 4123 1460">
    <p class='ocr_par' dir='ltr' id='par_1_5' title="bbox 793 1354 4123 1460">
     <span class='ocr_line' id='line_1_9' title="bbox 793 1354 4123 1460; baseline 0 -16"><span class='ocrx_word' id='word_1_96' title='bbox 793 1394 877 1445; x_wconf 82' lang='lat'><strong>75.</strong></span> <span class='ocrx_word' id='word_1_97' title='bbox 933 1396 978 1443; x_wconf 84' lang='lat'><strong>5.</strong></span> <span class='ocrx_word' id='word_1_98' title='bbox 1005 1388 1126 1444; x_wconf 82' lang='lat' dir='ltr'><strong>Jac.</strong></span> <span class='ocrx_word' id='word_1_99' title='bbox 1165 1394 1226 1445; x_wconf 85' lang='lat'><strong>3:</strong></span> <span class='ocrx_word' id='word_1_100' title='bbox 1264 1392 1337 1443; x_wconf 91' lang='lat' dir='ltr'><strong>In</strong></span> <span class='ocrx_word' id='word_1_101' title='bbox 1373 1390 1562 1443; x_wconf 76' lang='lat' dir='ltr'><strong>multis</strong></span> <span class='ocrx_word' id='word_1_102' title='bbox 1597 1391 1928 1460; x_wconf 81' lang='lat' dir='ltr'><strong>offendimus</strong></span> <span class='ocrx_word' id='word_1_103' title='bbox 1965 1405 2168 1442; x_wconf 86' lang='lat' dir='ltr'><strong>omnes.</strong></span> <span class='ocrx_word' id='word_1_104' title='bbox 2230 1390 2389 1455; x_wconf 73' lang='lat' dir='ltr'><strong>Eryo</strong></span> <span class='ocrx_word' id='word_1_105' title='bbox 2415 1354 2893 1426; x_wconf 62' lang='lat' dir='ltr'><strong>¹3⁰⁸P⁰ndemu⁸²</strong></span> <span class='ocrx_word' id='word_1_106' title='bbox 2936 1354 3174 1410; x_wconf 56' lang='lat' dir='ltr'><strong>Placent</strong></span> <span class='ocrx_word' id='word_1_107' title='bbox 3205 1355 3260 1410; x_wconf 83' lang='lat' dir='ltr'>D</span> <span class='ocrx_word' id='word_1_108' title='bbox 3264 1372 3329 1411; x_wconf 70' lang='lat'><strong>⁰⁰</strong></span> <span class='ocrx_word' id='word_1_109' title='bbox 3360 1356 3510 1411; x_wconf 75' lang='lat' dir='ltr'><strong>b⁰¹¹⁹¹</strong></span> <span class='ocrx_word' id='word_1_110' title='bbox 3547 1373 3715 1427; x_wconf 58' lang='lat' dir='ltr'>opera</span> <span class='ocrx_word' id='word_1_111' title='bbox 3755 1376 3867 1413; x_wconf 70' lang='lat'>⁰⁰¹¹</span> <span class='ocrx_word' id='word_1_112' title='bbox 3901 1358 4123 1412; x_wconf 62' lang='lat' dir='ltr'><strong>ratione</strong></span> 
     </span>
    </p>
   </div>
   <div class='ocr_carea' id='block_1_6' title="bbox 466 1434 4123 1687">
    <p class='ocr_par' dir='ltr' id='par_1_6' title="bbox 466 1434 4123 1687">
     <span class='ocr_line' id='line_1_10' title="bbox 483 1434 4123 1547; baseline -0.001 -18"><span class='ocrx_word' id='word_1_113' title='bbox 483 1434 606 1519; x_wconf 71' lang='lat' dir='ltr'><strong>vul.</strong></span> <span class='ocrx_word' id='word_1_114' title='bbox 630 1474 697 1517; x_wconf 63' lang='grc' dir='ltr'><strong>ω·</strong></span> <span class='ocrx_word' id='word_1_115' title='bbox 722 1493 834 1530; x_wconf 87' lang='lat' dir='ltr'><strong>non</strong></span> <span class='ocrx_word' id='word_1_116' title='bbox 883 1476 943 1529; x_wconf 80' lang='lat' dir='ltr'><strong>in</strong></span> <span class='ocrx_word' id='word_1_117' title='bbox 983 1476 1252 1529; x_wconf 80' lang='lat' dir='ltr'><strong>omnibus.</strong></span> <span class='ocrx_word' id='word_1_118' title='bbox 1323 1475 1764 1546; x_wconf 87' lang='lat' dir='ltr'><strong>Respondemus:</strong></span> <span class='ocrx_word' id='word_1_119' title='bbox 1817 1482 1860 1531; x_wconf 90' lang='lat'><strong>1.</strong></span> <span class='ocrx_word' id='word_1_120' title='bbox 1904 1474 2118 1547; x_wconf 88' lang='lat' dir='ltr'><strong>Scopus</strong></span> <span class='ocrx_word' id='word_1_121' title='bbox 2155 1472 2391 1545; x_wconf 85' lang='lat' dir='ltr'><strong>apostoli</strong></span> <span class='ocrx_word' id='word_1_122' title='bbox 2414 1436 2419 1462; x_wconf 57' lang='grc' dir='ltr'>Ι</span> <span class='ocrx_word' id='word_1_123' title='bbox 2446 1440 2700 1511; x_wconf 60' lang='lat' dir='ltr'><strong>proprioe</strong></span> <span class='ocrx_word' id='word_1_124' title='bbox 2750 1441 3039 1540; x_wconf 47' lang='lat' dir='ltr'><strong>dignjm&#39;ffl</strong></span> <span class='ocrx_word' id='word_1_125' title='bbox 3068 1448 3144 1540; x_wconf 48' lang='grc' dir='ltr'><strong>,οι</strong></span> <span class='ocrx_word' id='word_1_126' title='bbox 3193 1441 3577 1513; x_wconf 34' lang='lat' dir='ltr'><strong>perfectioni&amp;</strong></span> <span class='ocrx_word' id='word_1_127' title='bbox 3624 1442 3724 1497; x_wconf 65' lang='lat'><strong>⁸⁶¹1</strong></span> <span class='ocrx_word' id='word_1_128' title='bbox 3761 1443 3893 1513; x_wconf 65' lang='lat' dir='ltr'><strong>qnia</strong></span> <span class='ocrx_word' id='word_1_129' title='bbox 3926 1459 4123 1542; x_wconf 58' lang='grc' dir='ltr'><strong>ΡῙὉΟῨ·</strong></span> 
     </span>
     <span class='ocr_line' id='line_1_11' title="bbox 466 1525 4121 1636; baseline 0.003 -61"><span class='ocrx_word' id='word_1_130' title='bbox 466 1534 699 1628; x_wconf 37' lang='lat' dir='ltr'><strong>{tabefa-</strong></span> <span class='ocrx_word' id='word_1_131' title='bbox 740 1559 761 1615; x_wconf 55' lang='grc' dir='ltr'>ἰ</span> <span class='ocrx_word' id='word_1_132' title='bbox 868 1567 916 1630; x_wconf 54' lang='grc' dir='ltr'><strong>Ι,</strong></span> <span class='ocrx_word' id='word_1_133' title='bbox 977 1562 1048 1616; x_wconf 67' lang='lat' dir='ltr'><strong>de</strong></span> <span class='ocrx_word' id='word_1_134' title='bbox 1106 1560 1357 1631; x_wconf 54' lang='lat' dir='ltr'><strong>lapsibus</strong></span> <span class='ocrx_word' id='word_1_135' title='bbox 1413 1561 1639 1632; x_wconf 57' lang='lat' dir='ltr'><strong>linguae</strong></span> <span class='ocrx_word' id='word_1_136' title='bbox 1690 1561 1919 1636; x_wconf 53' lang='grc' dir='ltr'><em>πρώτως</em></span> <span class='ocrx_word' id='word_1_137' title='bbox 1975 1559 2080 1615; x_wconf 65' lang='lat' dir='ltr'><strong>hoe</strong></span> <span class='ocrx_word' id='word_1_138' title='bbox 2116 1561 2240 1615; x_wconf 67' lang='lat' dir='ltr'><strong>loco</strong></span> <span class='ocrx_word' id='word_1_139' title='bbox 2280 1559 2389 1631; x_wconf 48' lang='lat' dir='ltr'><strong>agi·</strong></span> <span class='ocrx_word' id='word_1_140' title='bbox 2446 1525 2587 1625; x_wconf 73' lang='lat' dir='ltr'><strong>dunt</strong></span> <span class='ocrx_word' id='word_1_141' title='bbox 2621 1543 2688 1582; x_wconf 85' lang='lat' dir='ltr'><strong>ex</strong></span> <span class='ocrx_word' id='word_1_142' title='bbox 2723 1525 2930 1627; x_wconf 42' lang='lat' dir='ltr'><strong>fide-m</strong></span> <span class='ocrx_word' id='word_1_143' title='bbox 2954 1527 3250 1592; x_wconf 81' lang='lat' dir='ltr'><strong>Christum,</strong></span> <span class='ocrx_word' id='word_1_144' title='bbox 3294 1546 3404 1600; x_wconf 91' lang='lat' dir='ltr'><strong>qua</strong></span> <span class='ocrx_word' id='word_1_145' title='bbox 3440 1528 3745 1625; x_wconf 77' lang='lat' dir='ltr'><strong>adhaerens</strong></span> <span class='ocrx_word' id='word_1_146' title='bbox 3772 1530 4121 1626; x_wconf 77' lang='lat' dir='ltr'><strong>lmperfectio</strong></span> 
     </span>
     <span class='ocr_line' id='line_1_12' title="bbox 2444 1614 4117 1687; baseline -0.001 -19"><span class='ocrx_word' id='word_1_147' title='bbox 2444 1617 2502 1668; x_wconf 90' lang='lat' dir='ltr'><strong>et</strong></span> <span class='ocrx_word' id='word_1_148' title='bbox 2547 1614 2916 1669; x_wconf 77' lang='lat' dir='ltr'><strong>immunditles</strong></span> <span class='ocrx_word' id='word_1_149' title='bbox 2966 1620 3248 1687; x_wconf 89' lang='lat' dir='ltr'><strong>teguntur.</strong></span> <span class='ocrx_word' id='word_1_150' title='bbox 3319 1615 3693 1671; x_wconf 86' lang='lat' dir='ltr'><strong>Bellarmmus</strong></span> <span class='ocrx_word' id='word_1_151' title='bbox 3728 1622 3962 1686; x_wconf 78' lang='lat' dir='ltr'><strong>regerit,</strong></span> <span class='ocrx_word' id='word_1_152' title='bbox 4008 1616 4117 1668; x_wconf 76' lang='lat' dir='ltr'><strong>hoc</strong></span> 
     </span>
    </p>
   </div>
   <div class='ocr_carea' id='block_1_7' title="bbox 465 1638 4124 1857">
    <p class='ocr_par' dir='ltr' id='par_1_7' title="bbox 465 1638 4124 1857">
     <span class='ocr_line' id='line_1_13' title="bbox 466 1638 2600 1732; baseline -0.004 -26"><span class='ocrx_word' id='word_1_153' title='bbox 466 1638 663 1732; x_wconf 56' lang='lat' dir='ltr'>..ffl&#39;ffl&#39;</span> <span class='ocrx_word' id='word_1_154' title='bbox 725 1653 770 1705; x_wconf 80' lang='lat'><strong>2.</strong></span> <span class='ocrx_word' id='word_1_155' title='bbox 808 1648 1005 1728; x_wconf 73' lang='lat' dir='ltr'><strong>Neque</strong></span> <span class='ocrx_word' id='word_1_156' title='bbox 1042 1654 1230 1704; x_wconf 89' lang='lat' dir='ltr'><strong>tamen</strong></span> <span class='ocrx_word' id='word_1_157' title='bbox 1264 1664 1656 1721; x_wconf 84' lang='lat' dir='ltr'><strong>repugnamus,</strong></span> <span class='ocrx_word' id='word_1_158' title='bbox 1695 1649 1987 1719; x_wconf 78' lang='lat' dir='ltr'>quominus</span> <span class='ocrx_word' id='word_1_159' title='bbox 2035 1648 2107 1702; x_wconf 88' lang='lat' dir='ltr'><strong>ad</strong></span> <span class='ocrx_word' id='word_1_160' title='bbox 2147 1646 2389 1717; x_wconf 87' lang='lat' dir='ltr'><strong>reliquos</strong></span> <span class='ocrx_word' id='word_1_161' title='bbox 2588 1699 2600 1712; x_wconf 72' lang='grc'><em>,</em></span> 
     </span>
     <span class='ocr_line' id='line_1_14' title="bbox 465 1701 4124 1805; baseline 0.003 -23"><span class='ocrx_word' id='word_1_162' title='bbox 465 1717 698 1794; x_wconf 62' lang='lat' dir='ltr'><strong>u&#39;s&#39;son</strong></span> <span class='ocrx_word' id='word_1_163' title='bbox 721 1734 870 1789; x_wconf 78' lang='lat' dir='ltr'><strong>vitae</strong></span> <span class='ocrx_word' id='word_1_164' title='bbox 908 1734 1180 1789; x_wconf 88' lang='lat' dir='ltr'><strong>humanae</strong></span> <span class='ocrx_word' id='word_1_165' title='bbox 1220 1734 1573 1805; x_wconf 89' lang='lat' dir='ltr'><strong>quotidianos</strong></span> <span class='ocrx_word' id='word_1_166' title='bbox 1609 1735 1801 1805; x_wconf 87' lang='lat' dir='ltr'><strong>lapsus</strong></span> <span class='ocrx_word' id='word_1_167' title='bbox 1842 1733 2235 1799; x_wconf 86' lang='lat' dir='ltr'><strong>transferatur,</strong></span> <span class='ocrx_word' id='word_1_168' title='bbox 2289 1732 2388 1787; x_wconf 90' lang='lat' dir='ltr'><strong>sed</strong></span> <span class='ocrx_word' id='word_1_169' title='bbox 2416 1765 2418 1772; x_wconf 50' lang='grc' dir='ltr'><strong><em>ι</em></strong></span> <span class='ocrx_word' id='word_1_170' title='bbox 2446 1717 2669 1753; x_wconf 71' lang='lat' dir='ltr'><em>⁰mm⁷⁸⁰</em></span> <span class='ocrx_word' id='word_1_171' title='bbox 2725 1701 3030 1801; x_wconf 56' lang='lat' dir='ltr'><strong>“bmrdf‘m</strong></span> <span class='ocrx_word' id='word_1_172' title='bbox 3082 1718 3226 1770; x_wconf 70' lang='lat'>⁸⁸⁸⁶’</span> <span class='ocrx_word' id='word_1_173' title='bbox 3276 1720 3399 1801; x_wconf 46' lang='lat' dir='ltr'><strong>‘tum</strong></span> <span class='ocrx_word' id='word_1_174' title='bbox 3446 1718 3511 1799; x_wconf 50' lang='lat' dir='ltr'><strong>fa</strong></span> <span class='ocrx_word' id='word_1_175' title='bbox 3540 1718 3623 1799; x_wconf 71' lang='lat'><strong>,⁶⁰</strong></span> <span class='ocrx_word' id='word_1_176' title='bbox 3657 1709 3951 1800; x_wconf 56' lang='lat' dir='ltr'><strong>‘&#39;equ‘&#39;‚mr&#39;</strong></span> <span class='ocrx_word' id='word_1_177' title='bbox 4005 1721 4124 1800; x_wconf 72' lang='lat'><strong>⁷⁸,⁰”,</strong></span> 
     </span>
     <span class='ocr_line' id='line_1_15' title="bbox 2442 1785 4121 1857; baseline 0.002 -20"><span class='ocrx_word' id='word_1_178' title='bbox 2442 1785 2622 1838; x_wconf 82' lang='lat' dir='ltr'><strong>solum</strong></span> <span class='ocrx_word' id='word_1_179' title='bbox 2645 1788 3058 1855; x_wconf 64' lang='lat' dir='ltr'><strong>peccatoribus,</strong></span> <span class='ocrx_word' id='word_1_180' title='bbox 3095 1790 3198 1841; x_wconf 86' lang='lat' dir='ltr'><strong>sed</strong></span> <span class='ocrx_word' id='word_1_181' title='bbox 3232 1796 3398 1841; x_wconf 76' lang='lat' dir='ltr'><strong>ettam</strong></span> <span class='ocrx_word' id='word_1_182' title='bbox 3435 1806 3577 1857; x_wconf 68' lang='lat' dir='ltr'><strong>zpsaes</strong></span> <span class='ocrx_word' id='word_1_183' title='bbox 3610 1796 3862 1856; x_wconf 72' lang='lat' dir='ltr'><strong>peccatu</strong></span> <span class='ocrx_word' id='word_1_184' title='bbox 3900 1789 4121 1843; x_wconf 73' lang='lat' dir='ltr'><strong>Ckrwtz</strong></span> 
     </span>
    </p>
   </div>
   <div class='ocr_carea' id='block_1_8' title="bbox 2419 1006 2423 1163">
    <p class='ocr_par' dir='ltr' id='par_1_8' title="bbox 2419 1006 2423 1163">
     <span class='ocr_line' id='line_1_16' title="bbox 2419 1006 2423 1163; baseline 0 0"><span class='ocrx_word' id='word_1_185' title='bbox 2419 1006 2423 1163; x_wconf 95' lang='lat' dir='ltr'><strong> </strong></span> 
     </span>
    </p>
   </div>
   <div class='ocr_carea' id='block_1_9' title="bbox 467 1792 2470 1893">
    <p class='ocr_par' dir='ltr' id='par_1_9' title="bbox 467 1792 2470 1893">
     <span class='ocr_line' id='line_1_17' title="bbox 467 1792 2470 1893; baseline -0.003 -18"><span class='ocrx_word' id='word_1_186' title='bbox 467 1792 697 1886; x_wconf 49' lang='lat' dir='ltr'><strong>mmm</strong></span> <span class='ocrx_word' id='word_1_187' title='bbox 723 1820 1117 1893; x_wconf 81' lang='lat' dir='ltr'><strong>perfectionem</strong></span> <span class='ocrx_word' id='word_1_188' title='bbox 1165 1836 1394 1891; x_wconf 90' lang='lat' dir='ltr'><strong>operum</strong></span> <span class='ocrx_word' id='word_1_189' title='bbox 1436 1838 1502 1876; x_wconf 84' lang='lat' dir='ltr'><strong>ex</strong></span> <span class='ocrx_word' id='word_1_190' title='bbox 1543 1821 1648 1876; x_wconf 91' lang='lat' dir='ltr'><strong>hoc</strong></span> <span class='ocrx_word' id='word_1_191' title='bbox 1695 1821 1843 1875; x_wconf 90' lang='lat' dir='ltr'><strong>dicto</strong></span> <span class='ocrx_word' id='word_1_192' title='bbox 1884 1820 2062 1875; x_wconf 90' lang='lat' dir='ltr'><strong>evinci</strong></span> <span class='ocrx_word' id='word_1_193' title='bbox 2095 1835 2257 1890; x_wconf 90' lang='lat' dir='ltr'><strong>posse</strong></span> <span class='ocrx_word' id='word_1_194' title='bbox 2295 1793 2419 1872; x_wconf 55' lang='grc' dir='ltr'><strong>ηεξ-ἱ</strong></span> <span class='ocrx_word' id='word_1_195' title='bbox 2458 1872 2470 1883; x_wconf 70' lang='lat'>‚</span> 
     </span>
    </p>
   </div>
   <div class='ocr_carea' id='block_1_10' title="bbox 722 1872 4116 1980">
    <p class='ocr_par' dir='ltr' id='par_1_10' title="bbox 722 1872 4116 1980">
     <span class='ocr_line' id='line_1_18' title="bbox 722 1872 4116 1980; baseline -0.001 -46"><span class='ocrx_word' id='word_1_196' title='bbox 722 1923 936 1978; x_wconf 51' lang='lat' dir='ltr'><strong>gamus·</strong></span> <span class='ocrx_word' id='word_1_197' title='bbox 993 1913 1039 1963; x_wconf 50' lang='lat'><strong>3·</strong></span> <span class='ocrx_word' id='word_1_198' title='bbox 1065 1906 1222 1971; x_wconf 59' lang='lat' dir='ltr'><strong>Quae</strong></span> <span class='ocrx_word' id='word_1_199' title='bbox 1257 1908 1404 1961; x_wconf 64' lang='lat' dir='ltr'><strong>enim</strong></span> <span class='ocrx_word' id='word_1_200' title='bbox 1435 1906 1572 1962; x_wconf 61' lang='lat' dir='ltr'><strong>haee</strong></span> <span class='ocrx_word' id='word_1_201' title='bbox 1608 1906 2050 1979; x_wconf 60' lang='lat' dir='ltr'><strong>argumentatio?</strong></span> <span class='ocrx_word' id='word_1_202' title='bbox 2097 1904 2165 1959; x_wconf 76' lang='lat' dir='ltr'><strong>In</strong></span> <span class='ocrx_word' id='word_1_203' title='bbox 2203 1904 2390 1959; x_wconf 57' lang='lat' dir='ltr'><strong>multis</strong></span> <span class='ocrx_word' id='word_1_204' title='bbox 2414 1872 2722 1980; x_wconf 56' lang='lat' dir='ltr'><strong>&#39;justitiam</strong></span> <span class='ocrx_word' id='word_1_205' title='bbox 2757 1874 3058 1942; x_wconf 77' lang='lat' dir='ltr'><strong>imputari,</strong></span> <span class='ocrx_word' id='word_1_206' title='bbox 3106 1875 3229 1943; x_wconf 74' lang='lat' dir='ltr'><strong>quis</strong></span> <span class='ocrx_word' id='word_1_207' title='bbox 3266 1891 3397 1928; x_wconf 79' lang='lat' dir='ltr'><strong>vcro</strong></span> <span class='ocrx_word' id='word_1_208' title='bbox 3432 1874 3721 1942; x_wconf 64' lang='lat' dir='ltr'><strong>intelliget,</strong></span> <span class='ocrx_word' id='word_1_209' title='bbox 3761 1875 3950 1943; x_wconf 79' lang='lat' dir='ltr'><strong>ipsum</strong></span> <span class='ocrx_word' id='word_1_210' title='bbox 3975 1893 4116 1945; x_wconf 80' lang='lat' dir='ltr'><strong>pcc·</strong></span> 
     </span>
    </p>
   </div>
   <div class='ocr_carea' id='block_1_11' title="bbox 719 1992 4115 2455">
    <p class='ocr_par' dir='ltr' id='par_1_11' title="bbox 719 1992 4115 2455">
     <span class='ocr_line' id='line_1_19' title="bbox 724 1992 2387 2065; baseline -0.001 -18"><span class='ocrx_word' id='word_1_211' title='bbox 724 1992 1054 2048; x_wconf 80' lang='lat' dir='ltr'><strong>offendimus</strong></span> <span class='ocrx_word' id='word_1_212' title='bbox 1106 2011 1309 2051; x_wconf 90' lang='lat' dir='ltr'><strong>omnes.</strong></span> <span class='ocrx_word' id='word_1_213' title='bbox 1392 1994 1545 2065; x_wconf 84' lang='lat' dir='ltr'><strong>Ergo</strong></span> <span class='ocrx_word' id='word_1_214' title='bbox 1586 1994 1806 2063; x_wconf 86' lang='lat' dir='ltr'><strong>justitia</strong></span> <span class='ocrx_word' id='word_1_215' title='bbox 1852 1992 2085 2048; x_wconf 85' lang='lat' dir='ltr'><strong>actualis</strong></span> <span class='ocrx_word' id='word_1_216' title='bbox 2137 1998 2221 2047; x_wconf 89' lang='lat' dir='ltr'><strong>est</strong></span> <span class='ocrx_word' id='word_1_217' title='bbox 2265 2008 2387 2062; x_wconf 90' lang='lat' dir='ltr'><strong>per-</strong></span> 
     </span>
     <span class='ocr_line' id='line_1_20' title="bbox 719 2078 2386 2150; baseline -0.001 -17"><span class='ocrx_word' id='word_1_218' title='bbox 719 2078 896 2149; x_wconf 80' lang='lat' dir='ltr'><strong>fecta3</strong></span> <span class='ocrx_word' id='word_1_219' title='bbox 945 2080 1280 2135; x_wconf 86' lang='lat' dir='ltr'><strong>contrarium</strong></span> <span class='ocrx_word' id='word_1_220' title='bbox 1327 2080 1513 2150; x_wconf 81' lang='lat' dir='ltr'><strong>potius</strong></span> <span class='ocrx_word' id='word_1_221' title='bbox 1561 2079 1690 2135; x_wconf 90' lang='lat' dir='ltr'><strong>inde</strong></span> <span class='ocrx_word' id='word_1_222' title='bbox 1729 2078 1992 2149; x_wconf 87' lang='lat' dir='ltr'><strong>sequitur.</strong></span> <span class='ocrx_word' id='word_1_223' title='bbox 2063 2078 2215 2149; x_wconf 90' lang='lat' dir='ltr'><strong>Ergo</strong></span> <span class='ocrx_word' id='word_1_224' title='bbox 2263 2094 2386 2148; x_wconf 85' lang='lat' dir='ltr'><strong>pro-</strong></span> 
     </span>
     <span class='ocr_line' id='line_1_21' title="bbox 720 2164 2388 2239; baseline -0.002 -17"><span class='ocrx_word' id='word_1_225' title='bbox 720 2172 847 2235; x_wconf 78' lang='lat' dir='ltr'><strong>pter</strong></span> <span class='ocrx_word' id='word_1_226' title='bbox 897 2166 1248 2239; x_wconf 87' lang='lat' dir='ltr'><strong>quotidianos</strong></span> <span class='ocrx_word' id='word_1_227' title='bbox 1299 2167 1489 2236; x_wconf 88' lang='lat' dir='ltr'><strong>lapsus</strong></span> <span class='ocrx_word' id='word_1_228' title='bbox 1529 2166 1750 2236; x_wconf 83' lang='lat' dir='ltr'><strong>justitia</strong></span> <span class='ocrx_word' id='word_1_229' title='bbox 1797 2165 2032 2220; x_wconf 83' lang='lat' dir='ltr'><strong>actualis</strong></span> <span class='ocrx_word' id='word_1_230' title='bbox 2075 2169 2160 2219; x_wconf 86' lang='lat' dir='ltr'><strong>est</strong></span> <span class='ocrx_word' id='word_1_231' title='bbox 2190 2164 2388 2235; x_wconf 90' lang='lat' dir='ltr'><strong>imper·</strong></span> 
     </span>
     <span class='ocr_line' id='line_1_22' title="bbox 719 2251 4115 2377; baseline 0.001 -20"><span class='ocrx_word' id='word_1_232' title='bbox 719 2252 882 2308; x_wconf 47' lang='lat' dir='ltr'>feet&amp;</span> <span class='ocrx_word' id='word_1_233' title='bbox 954 2259 1000 2305; x_wconf 61' lang='lat'><strong>4‘</strong></span> <span class='ocrx_word' id='word_1_234' title='bbox 1039 2253 1144 2352; x_wconf 40' lang='grc' dir='ltr'><strong>’μ’</strong></span> <span class='ocrx_word' id='word_1_235' title='bbox 1195 2252 1378 2322; x_wconf 64' lang='lat' dir='ltr'><strong>inquit</strong></span> <span class='ocrx_word' id='word_1_236' title='bbox 1415 2252 1810 2351; x_wconf 42' lang='lat' dir='ltr'><strong>Benanpinus&#39;</strong></span> <span class='ocrx_word' id='word_1_237' title='bbox 1849 2270 1899 2351; x_wconf 58' lang='grc' dir='ltr'><strong>Ῑη</strong></span> <span class='ocrx_word' id='word_1_238' title='bbox 1936 2252 1995 2303; x_wconf 56' lang='lat' dir='ltr'><strong>in</strong></span> <span class='ocrx_word' id='word_1_239' title='bbox 2033 2251 2224 2304; x_wconf 38' lang='lat' dir='ltr'><strong>mult&amp;</strong></span> <span class='ocrx_word' id='word_1_240' title='bbox 2264 2259 2386 2304; x_wconf 47' lang='lat' dir='ltr'><strong>mn-</strong></span> <span class='ocrx_word' id='word_1_241' title='bbox 2441 2303 2649 2357; x_wconf 87' lang='lat' dir='ltr'><strong>stitiam</strong></span> <span class='ocrx_word' id='word_1_242' title='bbox 2704 2302 2993 2372; x_wconf 89' lang='lat' dir='ltr'><strong>imputari,</strong></span> <span class='ocrx_word' id='word_1_243' title='bbox 3046 2305 3145 2359; x_wconf 89' lang='lat' dir='ltr'><strong>sed</strong></span> <span class='ocrx_word' id='word_1_244' title='bbox 3199 2322 3299 2377; x_wconf 88' lang='lat' dir='ltr'><strong>per</strong></span> <span class='ocrx_word' id='word_1_245' title='bbox 3346 2304 3510 2359; x_wconf 89' lang='lat' dir='ltr'><strong>fidem</strong></span> <span class='ocrx_word' id='word_1_246' title='bbox 3555 2304 3611 2359; x_wconf 90' lang='lat' dir='ltr'><strong>in</strong></span> <span class='ocrx_word' id='word_1_247' title='bbox 3660 2305 3939 2360; x_wconf 76' lang='lat' dir='ltr'><strong>Christum</strong></span> <span class='ocrx_word' id='word_1_248' title='bbox 3983 2323 4115 2376; x_wconf 87' lang='lat' dir='ltr'><strong>pec-</strong></span> 
     </span>
     <span class='ocr_line' id='line_1_23' title="bbox 719 2340 4114 2455; baseline 0.001 -13"><span class='ocrx_word' id='word_1_249' title='bbox 719 2345 830 2393; x_wconf 51' lang='lat' dir='ltr'><strong>tam</strong></span> <span class='ocrx_word' id='word_1_250' title='bbox 869 2341 1230 2410; x_wconf 58' lang='lat' dir='ltr'><strong>offendmm’</strong></span> <span class='ocrx_word' id='word_1_251' title='bbox 1283 2355 1418 2409; x_wconf 57' lang='lat' dir='ltr'><strong><em>erqo</em></strong></span> <span class='ocrx_word' id='word_1_252' title='bbox 1457 2358 1566 2393; x_wconf 49' lang='grc' dir='ltr'><strong>’.οη</strong></span> <span class='ocrx_word' id='word_1_253' title='bbox 1609 2356 1671 2391; x_wconf 68' lang='lat' dir='ltr'><strong><em>m</em></strong></span> <span class='ocrx_word' id='word_1_254' title='bbox 1708 2340 1986 2405; x_wconf 58' lang='lat' dir='ltr'><strong><em>ommbm’</em></strong></span> <span class='ocrx_word' id='word_1_255' title='bbox 2034 2346 2084 2390; x_wconf 63' lang='lat' dir='ltr'><strong>et</strong></span> <span class='ocrx_word' id='word_1_256' title='bbox 2110 2354 2223 2405; x_wconf 57' lang='lat' dir='ltr'><strong>per</strong></span> <span class='ocrx_word' id='word_1_257' title='bbox 2261 2355 2385 2421; x_wconf 53' lang='lat'>⁶⁰⁷⁸·-</span> <span class='ocrx_word' id='word_1_258' title='bbox 2440 2392 2689 2443; x_wconf 90' lang='lat' dir='ltr'><strong>catorum</strong></span> <span class='ocrx_word' id='word_1_259' title='bbox 2750 2406 2859 2444; x_wconf 89' lang='lat' dir='ltr'><strong>non</strong></span> <span class='ocrx_word' id='word_1_260' title='bbox 2922 2390 3096 2444; x_wconf 91' lang='lat' dir='ltr'><strong>solum</strong></span> <span class='ocrx_word' id='word_1_261' title='bbox 3150 2398 3278 2446; x_wconf 85' lang='lat' dir='ltr'><strong>ante</strong></span> <span class='ocrx_word' id='word_1_262' title='bbox 3313 2391 3751 2455; x_wconf 86' lang='lat' dir='ltr'><strong>commissorum,</strong></span> <span class='ocrx_word' id='word_1_263' title='bbox 3808 2392 3906 2446; x_wconf 84' lang='lat' dir='ltr'><strong>sed</strong></span> <span class='ocrx_word' id='word_1_264' title='bbox 3942 2393 4114 2447; x_wconf 88' lang='lat' dir='ltr'><strong>etiam</strong></span> 
     </span>
    </p>
   </div>
   <div class='ocr_carea' id='block_1_12' title="bbox 717 2426 4113 2583">
    <p class='ocr_par' dir='ltr' id='par_1_12' title="bbox 717 2426 4113 2583">
     <span class='ocr_line' id='line_1_24' title="bbox 717 2426 3643 2495; baseline 0.001 -17"><span class='ocrx_word' id='word_1_265' title='bbox 717 2435 950 2495; x_wconf 77' lang='lat' dir='ltr'><strong>sequens</strong></span> <span class='ocrx_word' id='word_1_266' title='bbox 1009 2426 1157 2479; x_wconf 82' lang='lat' dir='ltr'><strong>bona</strong></span> <span class='ocrx_word' id='word_1_267' title='bbox 1210 2443 1385 2494; x_wconf 79' lang='lat' dir='ltr'><strong>opera</strong></span> <span class='ocrx_word' id='word_1_268' title='bbox 1433 2433 1756 2480; x_wconf 81' lang='lat' dir='ltr'><strong>renatorum</strong></span> <span class='ocrx_word' id='word_1_269' title='bbox 1803 2442 1916 2478; x_wconf 87' lang='lat' dir='ltr'><strong>non</strong></span> <span class='ocrx_word' id='word_1_270' title='bbox 1963 2432 2090 2477; x_wconf 86' lang='lat' dir='ltr'><strong>sunt</strong></span> <span class='ocrx_word' id='word_1_271' title='bbox 2132 2432 2383 2491; x_wconf 79' lang='lat' dir='ltr'><strong>peccata.</strong></span> <span class='ocrx_word' id='word_1_272' title='bbox 2540 2474 2551 2486; x_wconf 84' lang='grc'><em>,</em></span> <span class='ocrx_word' id='word_1_273' title='bbox 3082 2476 3093 2488; x_wconf 75' lang='grc'><strong>,</strong></span> <span class='ocrx_word' id='word_1_274' title='bbox 3170 2476 3182 2487; x_wconf 81' lang='grc'><strong>,</strong></span> <span class='ocrx_word' id='word_1_275' title='bbox 3392 2477 3404 2488; x_wconf 81' lang='grc'><strong>,</strong></span> <span class='ocrx_word' id='word_1_276' title='bbox 3633 2477 3643 2488; x_wconf 83' lang='grc'><strong>,</strong></span> 
     </span>
     <span class='ocr_line' id='line_1_25' title="bbox 717 2473 4113 2583; baseline 0.001 -18"><span class='ocrx_word' id='word_1_277' title='bbox 717 2510 1163 2583; x_wconf 83' lang='lat' dir='ltr'><strong>Respondemus:</strong></span> <span class='ocrx_word' id='word_1_278' title='bbox 1202 2529 1303 2583; x_wconf 89' lang='lat' dir='ltr'><strong>per</strong></span> <span class='ocrx_word' id='word_1_279' title='bbox 1341 2510 1402 2565; x_wconf 78' lang='grc' dir='ltr'><strong>τὸ</strong></span> <span class='ocrx_word' id='word_1_280' title='bbox 1442 2510 1722 2567; x_wconf 83' lang='lat' dir='ltr'><strong>offendere</strong></span> <span class='ocrx_word' id='word_1_281' title='bbox 1748 2510 2136 2580; x_wconf 85' lang='lat' dir='ltr'><strong>intelliguntur</strong></span> <span class='ocrx_word' id='word_1_282' title='bbox 2158 2517 2387 2579; x_wconf 87' lang='lat' dir='ltr'><strong>peccata</strong></span> <span class='ocrx_word' id='word_1_283' title='bbox 2440 2473 2583 2572; x_wconf 48' lang='lat' dir='ltr'><strong>lf&#39;bm</strong></span> <span class='ocrx_word' id='word_1_284' title='bbox 2643 2491 2710 2529; x_wconf 63' lang='lat'><strong>³⁰</strong></span> <span class='ocrx_word' id='word_1_285' title='bbox 2769 2474 3019 2530; x_wconf 57' lang='lat' dir='ltr'><strong>defecm</strong></span> <span class='ocrx_word' id='word_1_286' title='bbox 3078 2495 3214 2548; x_wconf 55' lang='lat'><strong>¹9³⁸</strong></span> <span class='ocrx_word' id='word_1_287' title='bbox 3275 2476 3435 2532; x_wconf 68' lang='lat' dir='ltr'><strong>boms</strong></span> <span class='ocrx_word' id='word_1_288' title='bbox 3494 2477 3755 2547; x_wconf 61' lang='lat' dir='ltr'>openbm</span> <span class='ocrx_word' id='word_1_289' title='bbox 3809 2478 4113 2533; x_wconf 61' lang='lat' dir='ltr'><strong>adham&#39;</strong></span> 
     </span>
    </p>
   </div>
   <div class='ocr_carea' id='block_1_13' title="bbox 714 2558 4112 2668">
    <p class='ocr_par' dir='ltr' id='par_1_13' title="bbox 714 2558 4112 2668">
     <span class='ocr_line' id='line_1_26' title="bbox 714 2558 4112 2668; baseline 0.003 -58"><span class='ocrx_word' id='word_1_290' title='bbox 714 2596 1045 2653; x_wconf 54' lang='lat' dir='ltr'><strong>infimitatis</strong></span> <span class='ocrx_word' id='word_1_291' title='bbox 1082 2599 1142 2652; x_wconf 65' lang='lat' dir='ltr'><strong>in</strong></span> <span class='ocrx_word' id='word_1_292' title='bbox 1178 2598 1416 2653; x_wconf 63' lang='lat' dir='ltr'><strong>extemis</strong></span> <span class='ocrx_word' id='word_1_293' title='bbox 1454 2596 1714 2668; x_wconf 61' lang='lat' dir='ltr'><strong>operibus</strong></span> <span class='ocrx_word' id='word_1_294' title='bbox 1749 2602 1806 2651; x_wconf 63' lang='lat' dir='ltr'><strong>et</strong></span> <span class='ocrx_word' id='word_1_295' title='bbox 1840 2596 2043 2663; x_wconf 56' lang='lat' dir='ltr'><strong>verbis,</strong></span> <span class='ocrx_word' id='word_1_296' title='bbox 2081 2600 2276 2665; x_wconf 62' lang='lat' dir='ltr'><strong>utpote</strong></span> <span class='ocrx_word' id='word_1_297' title='bbox 2312 2596 2382 2649; x_wconf 51' lang='lat' dir='ltr'><strong>ri·</strong></span> <span class='ocrx_word' id='word_1_298' title='bbox 2410 2558 2414 2582; x_wconf 85' lang='lat'><strong>¹</strong></span> <span class='ocrx_word' id='word_1_299' title='bbox 2438 2567 2508 2657; x_wconf 78' lang='lat' dir='ltr'><strong>tis</strong></span> <span class='ocrx_word' id='word_1_300' title='bbox 2544 2560 2919 2617; x_wconf 82' lang='lat' dir='ltr'><strong>remissionem</strong></span> <span class='ocrx_word' id='word_1_301' title='bbox 2956 2561 3276 2633; x_wconf 90' lang='lat' dir='ltr'><strong>contingere</strong></span> <span class='ocrx_word' id='word_1_302' title='bbox 3313 2562 3576 2627; x_wconf 87' lang='lat' dir='ltr'><strong>dicimus;</strong></span> <span class='ocrx_word' id='word_1_303' title='bbox 3617 2564 3767 2634; x_wconf 90' lang='lat' dir='ltr'><strong>quod</strong></span> <span class='ocrx_word' id='word_1_304' title='bbox 3804 2572 3868 2619; x_wconf 88' lang='lat' dir='ltr'><strong>ut</strong></span> <span class='ocrx_word' id='word_1_305' title='bbox 3901 2566 4112 2620; x_wconf 88' lang='lat' dir='ltr'><strong>rectius</strong></span> 
     </span>
    </p>
   </div>
   <div class='ocr_carea' id='block_1_14' title="bbox 714 2645 4107 2755">
    <p class='ocr_par' dir='ltr' id='par_1_14' title="bbox 714 2645 4107 2755">
     <span class='ocr_line' id='line_1_27' title="bbox 714 2645 4107 2755; baseline 0.001 -17"><span class='ocrx_word' id='word_1_306' title='bbox 714 2700 810 2739; x_wconf 88' lang='lat' dir='ltr'><strong>sus</strong></span> <span class='ocrx_word' id='word_1_307' title='bbox 852 2684 1211 2751; x_wconf 89' lang='lat' dir='ltr'><strong>immodicus,</strong></span> <span class='ocrx_word' id='word_1_308' title='bbox 1259 2684 1490 2739; x_wconf 82' lang='lat' dir='ltr'><strong>verbum</strong></span> <span class='ocrx_word' id='word_1_309' title='bbox 1530 2685 1766 2739; x_wconf 88' lang='lat' dir='ltr'><strong>otiosum</strong></span> <span class='ocrx_word' id='word_1_310' title='bbox 1804 2688 1906 2736; x_wconf 90' lang='lat' dir='ltr'><strong>etc.</strong></span> <span class='ocrx_word' id='word_1_311' title='bbox 1979 2683 2244 2745; x_wconf 82' lang='lat' dir='ltr'><strong>Quamvis</strong></span> <span class='ocrx_word' id='word_1_312' title='bbox 2280 2683 2383 2755; x_wconf 89' lang='lat' dir='ltr'><strong>igi·</strong></span> <span class='ocrx_word' id='word_1_313' title='bbox 2407 2735 2409 2742; x_wconf 77' lang='grc'>,</span> <span class='ocrx_word' id='word_1_314' title='bbox 2436 2645 2808 2717; x_wconf 59' lang='lat' dir='ltr'><strong>mtenigatm’</strong></span> <span class='ocrx_word' id='word_1_315' title='bbox 2869 2648 3175 2719; x_wconf 64' lang='lat' dir='ltr'><strong>repetenda</strong></span> <span class='ocrx_word' id='word_1_316' title='bbox 3237 2657 3365 2703; x_wconf 63' lang='lat' dir='ltr'><strong>sunt</strong></span> <span class='ocrx_word' id='word_1_317' title='bbox 3425 2648 3528 2702; x_wconf 65' lang='lat'>¹¹⁰⁰</span> <span class='ocrx_word' id='word_1_318' title='bbox 3592 2648 3741 2718; x_wconf 74' lang='lat'>¹⁰⁰0’</span> <span class='ocrx_word' id='word_1_319' title='bbox 3807 2667 3952 2720; x_wconf 61' lang='lat' dir='ltr'><strong>quae</strong></span> <span class='ocrx_word' id='word_1_320' title='bbox 4015 2669 4107 2705; x_wconf 61' lang='grc' dir='ltr'><strong>ω’</strong></span> 
     </span>
    </p>
   </div>
   <div class='ocr_carea' id='block_1_15' title="bbox 713 2730 4108 2840">
    <p class='ocr_par' dir='ltr' id='par_1_15' title="bbox 713 2730 4108 2840">
     <span class='ocr_line' id='line_1_28' title="bbox 713 2730 4108 2840; baseline -0.001 -15"><span class='ocrx_word' id='word_1_321' title='bbox 713 2774 806 2825; x_wconf 85' lang='lat' dir='ltr'><strong>tur</strong></span> <span class='ocrx_word' id='word_1_322' title='bbox 840 2770 943 2824; x_wconf 90' lang='lat' dir='ltr'><strong>hoc</strong></span> <span class='ocrx_word' id='word_1_323' title='bbox 981 2787 1146 2825; x_wconf 87' lang='lat' dir='ltr'><strong>sensu</strong></span> <span class='ocrx_word' id='word_1_324' title='bbox 1184 2774 1242 2824; x_wconf 90' lang='lat' dir='ltr'><strong>et</strong></span> <span class='ocrx_word' id='word_1_325' title='bbox 1278 2774 1537 2840; x_wconf 87' lang='lat' dir='ltr'><strong>respectu</strong></span> <span class='ocrx_word' id='word_1_326' title='bbox 1574 2785 1685 2822; x_wconf 90' lang='lat' dir='ltr'><strong>non</strong></span> <span class='ocrx_word' id='word_1_327' title='bbox 1727 2768 2073 2823; x_wconf 85' lang='lat' dir='ltr'><strong>offendamus</strong></span> <span class='ocrx_word' id='word_1_328' title='bbox 2111 2769 2168 2822; x_wconf 92' lang='lat' dir='ltr'><strong>in</strong></span> <span class='ocrx_word' id='word_1_329' title='bbox 2211 2768 2382 2821; x_wconf 90' lang='lat' dir='ltr'><strong>omni·</strong></span> <span class='ocrx_word' id='word_1_330' title='bbox 2406 2764 2410 2819; x_wconf 59' lang='lat' dir='ltr'><strong>l</strong></span> <span class='ocrx_word' id='word_1_331' title='bbox 2436 2732 2623 2801; x_wconf 51' lang='lat' dir='ltr'><strong>pedm</strong></span> <span class='ocrx_word' id='word_1_332' title='bbox 2687 2730 2741 2807; x_wconf 60' lang='grc' dir='ltr'>ἓ</span> <span class='ocrx_word' id='word_1_333' title='bbox 2803 2738 2881 2789; x_wconf 75' lang='lat'><strong>¹8⁸</strong></span> <span class='ocrx_word' id='word_1_334' title='bbox 2940 2734 3009 2788; x_wconf 68' lang='lat' dir='ltr'><strong>de</strong></span> <span class='ocrx_word' id='word_1_335' title='bbox 3076 2733 3255 2788; x_wconf 58' lang='lat' dir='ltr'><strong>f⁰¹⁹m²</strong></span> <span class='ocrx_word' id='word_1_336' title='bbox 3315 2733 3583 2789; x_wconf 65' lang='lat' dir='ltr'><strong>bonorum</strong></span> <span class='ocrx_word' id='word_1_337' title='bbox 3638 2751 3869 2806; x_wconf 61' lang='lat' dir='ltr'>Operum</span> <span class='ocrx_word' id='word_1_338' title='bbox 3918 2736 4108 2808; x_wconf 47' lang='lat' dir='ltr'><strong>dmm·</strong></span> 
     </span>
    </p>
   </div>
   <div class='ocr_carea' id='block_1_16' title="bbox 713 2825 2688 3185">
    <p class='ocr_par' dir='ltr' id='par_1_16' title="bbox 713 2825 2688 3185">
     <span class='ocr_line' id='line_1_29' title="bbox 714 2825 2688 2926; baseline -0.002 -15"><span class='ocrx_word' id='word_1_339' title='bbox 714 2855 843 2926; x_wconf 90' lang='lat' dir='ltr'><strong>bus,</strong></span> <span class='ocrx_word' id='word_1_340' title='bbox 896 2873 962 2912; x_wconf 85' lang='lat' dir='ltr'><strong>ex</strong></span> <span class='ocrx_word' id='word_1_341' title='bbox 1003 2873 1069 2911; x_wconf 91' lang='lat' dir='ltr'><strong>eo</strong></span> <span class='ocrx_word' id='word_1_342' title='bbox 1105 2860 1291 2910; x_wconf 89' lang='lat' dir='ltr'><strong>tamen</strong></span> <span class='ocrx_word' id='word_1_343' title='bbox 1325 2856 1570 2911; x_wconf 90' lang='lat' dir='ltr'><strong>nondum</strong></span> <span class='ocrx_word' id='word_1_344' title='bbox 1606 2855 1881 2925; x_wconf 86' lang='lat' dir='ltr'><strong>sequitur,</strong></span> <span class='ocrx_word' id='word_1_345' title='bbox 1916 2855 2064 2925; x_wconf 89' lang='lat' dir='ltr'><strong>quod</strong></span> <span class='ocrx_word' id='word_1_346' title='bbox 2109 2871 2199 2918; x_wconf 88' lang='lat' dir='ltr'><strong>ea,</strong></span> <span class='ocrx_word' id='word_1_347' title='bbox 2240 2870 2382 2925; x_wconf 88' lang='lat' dir='ltr'><strong>quae</strong></span> <span class='ocrx_word' id='word_1_348' title='bbox 2406 2845 2408 2887; x_wconf 74' lang='lat' dir='ltr'>J</span> <span class='ocrx_word' id='word_1_349' title='bbox 2433 2825 2688 2876; x_wconf 55' lang='lat' dir='ltr'><strong>mmmm·</strong></span> 
     </span>
     <span class='ocr_line' id='line_1_30' title="bbox 715 2940 2383 3012; baseline -0.002 -15"><span class='ocrx_word' id='word_1_350' title='bbox 715 2942 1020 2997; x_wconf 88' lang='lat' dir='ltr'><strong>secundnm</strong></span> <span class='ocrx_word' id='word_1_351' title='bbox 1073 2941 1255 3012; x_wconf 87' lang='lat' dir='ltr'><strong>legem</strong></span> <span class='ocrx_word' id='word_1_352' title='bbox 1303 2940 1412 2996; x_wconf 88' lang='lat' dir='ltr'><strong>Dei</strong></span> <span class='ocrx_word' id='word_1_353' title='bbox 1454 2941 1721 3009; x_wconf 89' lang='lat' dir='ltr'><strong>facimus,</strong></span> <span class='ocrx_word' id='word_1_354' title='bbox 1783 2940 2026 3011; x_wconf 83' lang='lat' dir='ltr'><strong>perfecte</strong></span> <span class='ocrx_word' id='word_1_355' title='bbox 2073 2944 2383 3011; x_wconf 87' lang='lat' dir='ltr'><strong>congruant</strong></span> 
     </span>
     <span class='ocr_line' id='line_1_31' title="bbox 713 3026 2380 3102; baseline 0 -21"><span class='ocrx_word' id='word_1_356' title='bbox 713 3027 828 3102; x_wconf 85' lang='lat' dir='ltr'><strong>legi</strong></span> <span class='ocrx_word' id='word_1_357' title='bbox 875 3032 933 3082; x_wconf 89' lang='lat' dir='ltr'><strong>et</strong></span> <span class='ocrx_word' id='word_1_358' title='bbox 965 3026 1116 3081; x_wconf 89' lang='lat' dir='ltr'><strong>omni</strong></span> <span class='ocrx_word' id='word_1_359' title='bbox 1155 3026 1516 3082; x_wconf 88' lang='lat' dir='ltr'><strong>inhabitantis</strong></span> <span class='ocrx_word' id='word_1_360' title='bbox 1557 3027 1773 3098; x_wconf 86' lang='lat' dir='ltr'><strong>peccati</strong></span> <span class='ocrx_word' id='word_1_361' title='bbox 1810 3027 1938 3082; x_wconf 88' lang='lat' dir='ltr'><strong>labe</strong></span> <span class='ocrx_word' id='word_1_362' title='bbox 1971 3030 2228 3094; x_wconf 79' lang='lat' dir='ltr'><strong>careant,</strong></span> <span class='ocrx_word' id='word_1_363' title='bbox 2283 3026 2380 3081; x_wconf 88' lang='lat' dir='ltr'><strong>sed</strong></span> 
     </span>
     <span class='ocr_line' id='line_1_32' title="bbox 714 3113 2381 3185; baseline -0.001 -17"><span class='ocrx_word' id='word_1_364' title='bbox 714 3114 820 3169; x_wconf 89' lang='lat' dir='ltr'><strong>hoc</strong></span> <span class='ocrx_word' id='word_1_365' title='bbox 856 3119 1072 3168; x_wconf 86' lang='lat' dir='ltr'><strong>tantum</strong></span> <span class='ocrx_word' id='word_1_366' title='bbox 1112 3113 1392 3185; x_wconf 70' lang='lat' dir='ltr'><strong>seqnitur,</strong></span> <span class='ocrx_word' id='word_1_367' title='bbox 1441 3114 1588 3185; x_wconf 88' lang='lat' dir='ltr'><strong>quod</strong></span> <span class='ocrx_word' id='word_1_368' title='bbox 1630 3114 1687 3168; x_wconf 90' lang='lat' dir='ltr'><strong>in</strong></span> <span class='ocrx_word' id='word_1_369' title='bbox 1721 3114 1860 3183; x_wconf 90' lang='lat' dir='ltr'><strong>illis,</strong></span> <span class='ocrx_word' id='word_1_370' title='bbox 1899 3129 2044 3185; x_wconf 88' lang='lat' dir='ltr'><strong>quae</strong></span> <span class='ocrx_word' id='word_1_371' title='bbox 2077 3114 2381 3169; x_wconf 88' lang='lat' dir='ltr'><strong>seeundum</strong></span> 
     </span>
    </p>
   </div>
   <div class='ocr_carea' id='block_1_17' title="bbox 713 3199 2380 3272">
    <p class='ocr_par' dir='ltr' id='par_1_17' title="bbox 713 3199 2380 3272">
     <span class='ocr_line' id='line_1_33' title="bbox 713 3199 2380 3272; baseline 0 -18"><span class='ocrx_word' id='word_1_372' title='bbox 713 3199 895 3272; x_wconf 83' lang='lat' dir='ltr'><strong>legem</strong></span> <span class='ocrx_word' id='word_1_373' title='bbox 945 3199 1180 3255; x_wconf 88' lang='lat' dir='ltr'><strong>facimus</strong></span> <span class='ocrx_word' id='word_1_374' title='bbox 1193 3243 1206 3268; x_wconf 92' lang='lat'><strong>,</strong></span> <span class='ocrx_word' id='word_1_375' title='bbox 1262 3205 1487 3256; x_wconf 79' lang='lat' dir='ltr'><strong>externo</strong></span> <span class='ocrx_word' id='word_1_376' title='bbox 1532 3216 1698 3271; x_wconf 83' lang='lat' dir='ltr'><strong>opere</strong></span> <span class='ocrx_word' id='word_1_377' title='bbox 1742 3217 1852 3255; x_wconf 89' lang='lat' dir='ltr'><strong>non</strong></span> <span class='ocrx_word' id='word_1_378' title='bbox 1901 3200 2273 3271; x_wconf 77' lang='lat' dir='ltr'><strong>impingamus</strong></span> <span class='ocrx_word' id='word_1_379' title='bbox 2316 3217 2380 3254; x_wconf 86' lang='lat' dir='ltr'><strong>ac</strong></span> 
     </span>
    </p>
   </div>
   <div class='ocr_carea' id='block_1_18' title="bbox 2414 1959 4119 2290">
    <p class='ocr_par' dir='ltr' id='par_1_18' title="bbox 2414 1959 4119 2290">
     <span class='ocr_line' id='line_1_34' title="bbox 2444 1959 4115 2029; baseline 0.003 -20"><span class='ocrx_word' id='word_1_380' title='bbox 2444 1966 2629 2011; x_wconf 85' lang='lat' dir='ltr'><strong>catum</strong></span> <span class='ocrx_word' id='word_1_381' title='bbox 2685 1977 2794 2028; x_wconf 80' lang='lat' dir='ltr'><strong>per</strong></span> <span class='ocrx_word' id='word_1_382' title='bbox 2853 1959 3264 2029; x_wconf 63' lang='lat' dir='ltr'><strong>indulgentiam</strong></span> <span class='ocrx_word' id='word_1_383' title='bbox 3316 1960 3459 2028; x_wconf 79' lang='lat' dir='ltr'><strong>fieri</strong></span> <span class='ocrx_word' id='word_1_384' title='bbox 3514 1961 3753 2015; x_wconf 74' lang='lat' dir='ltr'><strong>hostiam</strong></span> <span class='ocrx_word' id='word_1_385' title='bbox 3803 1964 3928 2015; x_wconf 90' lang='lat' dir='ltr'><strong>Deo</strong></span> <span class='ocrx_word' id='word_1_386' title='bbox 3976 1962 4115 2029; x_wconf 76' lang='lat' dir='ltr'><strong>pla-</strong></span> 
     </span>
     <span class='ocr_line' id='line_1_35' title="bbox 2441 2045 4119 2117; baseline 0.001 -20"><span class='ocrx_word' id='word_1_387' title='bbox 2441 2051 2664 2100; x_wconf 79' lang='lat' dir='ltr'><strong>centem.</strong></span> <span class='ocrx_word' id='word_1_388' title='bbox 2743 2045 3193 2116; x_wconf 86' lang='lat' dir='ltr'><strong>Respondemus:</strong></span> <span class='ocrx_word' id='word_1_389' title='bbox 3253 2063 3601 2117; x_wconf 87' lang='lat' dir='ltr'><strong>nequaquam</strong></span> <span class='ocrx_word' id='word_1_390' title='bbox 3650 2046 3911 2115; x_wconf 80' lang='lat' dir='ltr'><strong>dicimus,</strong></span> <span class='ocrx_word' id='word_1_391' title='bbox 3965 2048 4119 2101; x_wconf 87' lang='lat' dir='ltr'><strong>bona</strong></span> 
     </span>
     <span class='ocr_line' id='line_1_36' title="bbox 2414 2130 4118 2203; baseline 0.003 -20"><span class='ocrx_word' id='word_1_392' title='bbox 2414 2137 2614 2199; x_wconf 85' lang='lat' dir='ltr'><strong>&#39;opera</strong></span> <span class='ocrx_word' id='word_1_393' title='bbox 2668 2130 2971 2187; x_wconf 82' lang='lat' dir='ltr'><strong>formaliter</strong></span> <span class='ocrx_word' id='word_1_394' title='bbox 3025 2150 3144 2187; x_wconf 86' lang='lat' dir='ltr'><strong>esse</strong></span> <span class='ocrx_word' id='word_1_395' title='bbox 3195 2138 3453 2203; x_wconf 89' lang='lat' dir='ltr'><strong>peccata,</strong></span> <span class='ocrx_word' id='word_1_396' title='bbox 3513 2131 3746 2202; x_wconf 86' lang='lat' dir='ltr'><strong>proinde</strong></span> <span class='ocrx_word' id='word_1_397' title='bbox 3805 2151 3870 2188; x_wconf 81' lang='lat' dir='ltr'><strong>ex</strong></span> <span class='ocrx_word' id='word_1_398' title='bbox 3924 2141 4118 2188; x_wconf 84' lang='lat' dir='ltr'><strong>nostra</strong></span> 
     </span>
     <span class='ocr_line' id='line_1_37' title="bbox 2444 2217 4116 2290; baseline 0.001 -17"><span class='ocrx_word' id='word_1_399' title='bbox 2444 2217 2717 2273; x_wconf 82' lang='lat' dir='ltr'><strong>sententia</strong></span> <span class='ocrx_word' id='word_1_400' title='bbox 2776 2235 2889 2272; x_wconf 90' lang='lat' dir='ltr'><strong>non</strong></span> <span class='ocrx_word' id='word_1_401' title='bbox 2949 2224 3135 2289; x_wconf 83' lang='lat' dir='ltr'><strong>potest</strong></span> <span class='ocrx_word' id='word_1_402' title='bbox 3189 2219 3407 2287; x_wconf 85' lang='lat' dir='ltr'><strong>inferri,</strong></span> <span class='ocrx_word' id='word_1_403' title='bbox 3472 2219 3714 2288; x_wconf 84' lang='lat' dir='ltr'><strong>peccatis</strong></span> <span class='ocrx_word' id='word_1_404' title='bbox 3769 2218 3975 2273; x_wconf 85' lang='lat' dir='ltr'><strong>Christi</strong></span> <span class='ocrx_word' id='word_1_405' title='bbox 4020 2222 4116 2290; x_wconf 85' lang='lat' dir='ltr'><strong>ju-</strong></span> 
     </span>
    </p>
   </div>
   <div class='ocr_carea' id='block_1_19' title="bbox 2433 3078 4105 3238">
    <p class='ocr_par' dir='ltr' id='par_1_19' title="bbox 2433 3078 4105 3238">
     <span class='ocr_line' id='line_1_38' title="bbox 2434 3078 4105 3153; baseline 0.005 -23"><span class='ocrx_word' id='word_1_406' title='bbox 2434 3078 2702 3147; x_wconf 83' lang='lat' dir='ltr'><strong>absolute,</strong></span> <span class='ocrx_word' id='word_1_407' title='bbox 2739 3079 2855 3132; x_wconf 79' lang='lat' dir='ltr'><strong>nisi</strong></span> <span class='ocrx_word' id='word_1_408' title='bbox 2879 3079 3091 3148; x_wconf 69' lang='lat' dir='ltr'><strong>inteyre</strong></span> <span class='ocrx_word' id='word_1_409' title='bbox 3120 3079 3193 3132; x_wconf 79' lang='lat' dir='ltr'><strong>sit</strong></span> <span class='ocrx_word' id='word_1_410' title='bbox 3220 3079 3433 3135; x_wconf 83' lang='lat' dir='ltr'><strong>bonum.</strong></span> <span class='ocrx_word' id='word_1_411' title='bbox 3487 3078 3933 3149; x_wconf 83' lang='lat' dir='ltr'><strong>Respondemus:</strong></span> <span class='ocrx_word' id='word_1_412' title='bbox 3973 3083 4105 3153; x_wconf 91' lang='lat' dir='ltr'><strong>plus</strong></span> 
     </span>
     <span class='ocr_line' id='line_1_39' title="bbox 2433 3164 4105 3238; baseline 0.006 -22"><span class='ocrx_word' id='word_1_413' title='bbox 2433 3169 2521 3217; x_wconf 89' lang='lat' dir='ltr'><strong>est</strong></span> <span class='ocrx_word' id='word_1_414' title='bbox 2588 3164 2644 3217; x_wconf 90' lang='lat' dir='ltr'><strong>in</strong></span> <span class='ocrx_word' id='word_1_415' title='bbox 2716 3172 3088 3237; x_wconf 87' lang='lat' dir='ltr'><strong>consequente</strong></span> <span class='ocrx_word' id='word_1_416' title='bbox 3105 3206 3120 3234; x_wconf 91' lang='lat'><strong>,</strong></span> <span class='ocrx_word' id='word_1_417' title='bbox 3192 3183 3356 3236; x_wconf 87' lang='lat' dir='ltr'><strong>quam</strong></span> <span class='ocrx_word' id='word_1_418' title='bbox 3416 3166 3749 3222; x_wconf 83' lang='lat' dir='ltr'><strong>antecedens</strong></span> <span class='ocrx_word' id='word_1_419' title='bbox 3812 3168 4105 3238; x_wconf 86' lang='lat' dir='ltr'><strong>promittit.</strong></span> 
     </span>
    </p>
   </div>
   <div class='ocr_carea' id='block_1_20' title="bbox 2444 1000 4297 1082">
    <p class='ocr_par' dir='ltr' id='par_1_20' title="bbox 2444 1000 4297 1082">
     <span class='ocr_line' id='line_1_40' title="bbox 2444 1000 4297 1082; baseline 0.004 -20"><span class='ocrx_word' id='word_1_420' title='bbox 2444 1012 2572 1064; x_wconf 88' lang='lat' dir='ltr'><strong>Deo</strong></span> <span class='ocrx_word' id='word_1_421' title='bbox 2628 1012 2873 1081; x_wconf 80' lang='lat' dir='ltr'><strong>placere.</strong></span> <span class='ocrx_word' id='word_1_422' title='bbox 2959 1011 3093 1068; x_wconf 88' lang='lat' dir='ltr'><strong>Mal.</strong></span> <span class='ocrx_word' id='word_1_423' title='bbox 3151 1018 3206 1068; x_wconf 84' lang='lat'><strong>3:</strong></span> <span class='ocrx_word' id='word_1_424' title='bbox 3267 1012 3525 1066; x_wconf 74' lang='lat' dir='ltr'><strong>Placebit</strong></span> <span class='ocrx_word' id='word_1_425' title='bbox 3581 1015 3711 1066; x_wconf 90' lang='lat' dir='ltr'><strong>Deo</strong></span> <span class='ocrx_word' id='word_1_426' title='bbox 3770 1014 4118 1082; x_wconf 56' lang='lat' dir='ltr'><strong>sacrificium</strong></span> <span class='ocrx_word' id='word_1_427' title='bbox 4147 1000 4297 1081; x_wconf 54' lang='lat'><strong>,¹:232</strong></span> 
     </span>
    </p>
   </div>
   <div class='ocr_carea' id='block_1_21' title="bbox 2442 1096 4297 1187">
    <p class='ocr_par' dir='ltr' id='par_1_21' title="bbox 2442 1096 4297 1187">
     <span class='ocr_line' id='line_1_41' title="bbox 2442 1096 4297 1187; baseline 0.005 -38"><span class='ocrx_word' id='word_1_428' title='bbox 2442 1098 2653 1151; x_wconf 77' lang='lat' dir='ltr'><strong>Judae.</strong></span> <span class='ocrx_word' id='word_1_429' title='bbox 2726 1097 2854 1170; x_wconf 88' lang='lat' dir='ltr'><strong>Sap.</strong></span> <span class='ocrx_word' id='word_1_430' title='bbox 2893 1104 2955 1154; x_wconf 80' lang='lat'><strong>9:</strong></span> <span class='ocrx_word' id='word_1_431' title='bbox 2997 1098 3293 1168; x_wconf 78' lang='lat' dir='ltr'><strong>Sapientia</strong></span> <span class='ocrx_word' id='word_1_432' title='bbox 3332 1099 3607 1152; x_wconf 76' lang='lat' dir='ltr'><strong>custodiet</strong></span> <span class='ocrx_word' id='word_1_433' title='bbox 3640 1115 3751 1168; x_wconf 88' lang='lat' dir='ltr'><strong>me,</strong></span> <span class='ocrx_word' id='word_1_434' title='bbox 3786 1107 3838 1152; x_wconf 85' lang='lat' dir='ltr'><strong>et</strong></span> <span class='ocrx_word' id='word_1_435' title='bbox 3876 1108 4118 1168; x_wconf 80' lang='lat' dir='ltr'><strong>accepta</strong></span> <span class='ocrx_word' id='word_1_436' title='bbox 4142 1096 4297 1187; x_wconf 45' lang='lat'><strong>{³3:1⁸¹</strong></span> 
     </span>
    </p>
   </div>
   <div class='ocr_carea' id='block_1_22' title="bbox 2507 2907 4294 2975">
    <p class='ocr_par' dir='ltr' id='par_1_22' title="bbox 2507 2907 4294 2975">
     <span class='ocr_line' id='line_1_42' title="bbox 2507 2907 4294 2975; baseline 0 -17"><span class='ocrx_word' id='word_1_437' title='bbox 2507 2910 2587 2961; x_wconf 83' lang='lat'><strong>78.</strong></span> <span class='ocrx_word' id='word_1_438' title='bbox 2658 2910 2705 2959; x_wconf 82' lang='lat'><strong>8.</strong></span> <span class='ocrx_word' id='word_1_439' title='bbox 2751 2907 3043 2960; x_wconf 71' lang='lat' dir='ltr'><strong>Justorum</strong></span> <span class='ocrx_word' id='word_1_440' title='bbox 3098 2924 3273 2975; x_wconf 81' lang='lat' dir='ltr'><strong>opera</strong></span> <span class='ocrx_word' id='word_1_441' title='bbox 3320 2907 3569 2960; x_wconf 81' lang='lat' dir='ltr'><strong>absolute</strong></span> <span class='ocrx_word' id='word_1_442' title='bbox 3619 2915 3891 2961; x_wconf 81' lang='lat' dir='ltr'><strong>vocantur</strong></span> <span class='ocrx_word' id='word_1_443' title='bbox 3942 2909 4107 2962; x_wconf 83' lang='lat' dir='ltr'><strong>bona.</strong></span> <span class='ocrx_word' id='word_1_444' title='bbox 4134 2912 4175 2951; x_wconf 83' lang='lat'><strong>8·</strong></span> <span class='ocrx_word' id='word_1_445' title='bbox 4210 2913 4294 2954; x_wconf 74' lang='lat' dir='ltr'><strong>Ju-</strong></span> 
     </span>
    </p>
   </div>
   <div class='ocr_carea' id='block_1_23' title="bbox 2435 2975 4297 3061">
    <p class='ocr_par' dir='ltr' id='par_1_23' title="bbox 2435 2975 4297 3061">
     <span class='ocr_line' id='line_1_43' title="bbox 2435 2975 4297 3061; baseline 0.006 -17"><span class='ocrx_word' id='word_1_446' title='bbox 2435 2993 2594 3059; x_wconf 75' lang='lat' dir='ltr'><strong>Erqo</strong></span> <span class='ocrx_word' id='word_1_447' title='bbox 2641 3002 2768 3045; x_wconf 80' lang='lat' dir='ltr'><strong>sunt</strong></span> <span class='ocrx_word' id='word_1_448' title='bbox 2808 2996 3063 3061; x_wconf 79' lang='lat' dir='ltr'><strong>perfecte</strong></span> <span class='ocrx_word' id='word_1_449' title='bbox 3102 2994 3271 3056; x_wconf 82' lang='lat' dir='ltr'><strong>bona,</strong></span> <span class='ocrx_word' id='word_1_450' title='bbox 3325 2993 3461 3061; x_wconf 78' lang='lat' dir='ltr'><strong>quia</strong></span> <span class='ocrx_word' id='word_1_451' title='bbox 3505 2994 3703 3046; x_wconf 82' lang='lat' dir='ltr'><strong>bonum</strong></span> <span class='ocrx_word' id='word_1_452' title='bbox 3742 3011 3849 3047; x_wconf 87' lang='lat' dir='ltr'><strong>non</strong></span> <span class='ocrx_word' id='word_1_453' title='bbox 3891 2997 4109 3049; x_wconf 76' lang='lat' dir='ltr'><strong>dicitur</strong></span> <span class='ocrx_word' id='word_1_454' title='bbox 4134 2975 4297 3055; x_wconf 51' lang='lat' dir='ltr'><strong>2¹1³„an</strong></span> 
     </span>
    </p>
   </div>
   <div class='ocr_carea' id='block_1_24' title="bbox 4132 3069 4296 3159">
    <p class='ocr_par' dir='ltr' id='par_1_24' title="bbox 4132 3069 4296 3159">
     <span class='ocr_line' id='line_1_44' title="bbox 4134 3069 4296 3107; baseline 0.019 -2"><span class='ocrx_word' id='word_1_455' title='bbox 4134 3069 4296 3107; x_wconf 76' lang='lat' dir='ltr'><strong>dicunt</strong></span> 
     </span>
     <span class='ocr_line' id='line_1_45' title="bbox 4132 3119 4273 3159; baseline 0.014 -2"><span class='ocrx_word' id='word_1_456' title='bbox 4132 3119 4273 3159; x_wconf 81' lang='lat' dir='ltr'><strong>bona.</strong></span> 
     </span>
    </p>
   </div>
   <div class='ocr_carea' id='block_1_25' title="bbox 714 3249 4297 3343">
    <p class='ocr_par' dir='ltr' id='par_1_25' title="bbox 714 3249 4297 3343">
     <span class='ocr_line' id='line_1_46' title="bbox 714 3249 4297 3343; baseline 0.001 -37"><span class='ocrx_word' id='word_1_457' title='bbox 714 3284 1073 3343; x_wconf 47' lang='lat' dir='ltr'><strong>offendamus·</strong></span> <span class='ocrx_word' id='word_1_458' title='bbox 1296 3298 1303 3306; x_wconf 82' lang='grc'><strong>.</strong></span> <span class='ocrx_word' id='word_1_459' title='bbox 2435 3249 2647 3306; x_wconf 86' lang='lat' dir='ltr'><strong>Eadem</strong></span> <span class='ocrx_word' id='word_1_460' title='bbox 2684 3251 2968 3322; x_wconf 85' lang='lat' dir='ltr'><strong>Scriptura</strong></span> <span class='ocrx_word' id='word_1_461' title='bbox 2985 3292 2999 3317; x_wconf 94' lang='lat'><strong>,</strong></span> <span class='ocrx_word' id='word_1_462' title='bbox 3049 3269 3190 3322; x_wconf 89' lang='lat' dir='ltr'><strong>quae</strong></span> <span class='ocrx_word' id='word_1_463' title='bbox 3217 3253 3494 3322; x_wconf 89' lang='lat' dir='ltr'><strong>justorum</strong></span> <span class='ocrx_word' id='word_1_464' title='bbox 3530 3270 3699 3323; x_wconf 88' lang='lat' dir='ltr'><strong>opera</strong></span> <span class='ocrx_word' id='word_1_465' title='bbox 3732 3262 3898 3309; x_wconf 81' lang='lat' dir='ltr'><strong>vocat</strong></span> <span class='ocrx_word' id='word_1_466' title='bbox 3935 3256 4106 3326; x_wconf 87' lang='lat' dir='ltr'><strong>bona,</strong></span> <span class='ocrx_word' id='word_1_467' title='bbox 4131 3264 4254 3307; x_wconf 84' lang='lat' dir='ltr'><strong>vm.</strong></span> <span class='ocrx_word' id='word_1_468' title='bbox 4283 3264 4297 3305; x_wconf 68' lang='grc' dir='ltr'>ἲ</span> 
     </span>
    </p>
   </div>
   <div class='ocr_carea' id='block_1_26' title="bbox 2406 3336 4105 3409">
    <p class='ocr_par' dir='ltr' id='par_1_26' title="bbox 2406 3336 4105 3409">
     <span class='ocr_line' id='line_1_47' title="bbox 2406 3336 4105 3409; baseline 0.004 -19"><span class='ocrx_word' id='word_1_469' title='bbox 2406 3336 2624 3391; x_wconf 85' lang='lat' dir='ltr'><strong>&#39;multis</strong></span> <span class='ocrx_word' id='word_1_470' title='bbox 2686 3338 2743 3391; x_wconf 90' lang='lat' dir='ltr'><strong>in</strong></span> <span class='ocrx_word' id='word_1_471' title='bbox 2797 3338 2933 3393; x_wconf 88' lang='lat' dir='ltr'><strong>locis</strong></span> <span class='ocrx_word' id='word_1_472' title='bbox 2994 3344 3258 3404; x_wconf 86' lang='lat' dir='ltr'><strong>testatur,</strong></span> <span class='ocrx_word' id='word_1_473' title='bbox 3330 3339 3478 3409; x_wconf 90' lang='lat' dir='ltr'><strong>quod</strong></span> <span class='ocrx_word' id='word_1_474' title='bbox 3541 3339 3599 3393; x_wconf 91' lang='lat' dir='ltr'><strong>in</strong></span> <span class='ocrx_word' id='word_1_475' title='bbox 3659 3356 3822 3395; x_wconf 88' lang='lat' dir='ltr'><strong>carne</strong></span> <span class='ocrx_word' id='word_1_476' title='bbox 3884 3349 4105 3398; x_wconf 84' lang='lat' dir='ltr'><strong>renato-</strong></span> 
     </span>
    </p>
   </div>
   <div class='ocr_carea' id='block_1_27' title="bbox 454 3418 4105 3521">
    <p class='ocr_par' dir='ltr' id='par_1_27' title="bbox 454 3418 4105 3521">
     <span class='ocr_line' id='line_1_48' title="bbox 454 3418 4105 3521; baseline 0.002 -44"><span class='ocrx_word' id='word_1_477' title='bbox 454 3418 643 3521; x_wconf 49' lang='lat'><strong>}‘303‘</strong></span> <span class='ocrx_word' id='word_1_478' title='bbox 786 3428 869 3482; x_wconf 75' lang='lat'><strong>76.</strong></span> <span class='ocrx_word' id='word_1_479' title='bbox 907 3427 956 3480; x_wconf 83' lang='lat'><strong>6.</strong></span> <span class='ocrx_word' id='word_1_480' title='bbox 977 3425 1174 3480; x_wconf 76' lang='lat' dir='ltr'><strong>Multa</strong></span> <span class='ocrx_word' id='word_1_481' title='bbox 1212 3425 1546 3494; x_wconf 73' lang='lat' dir='ltr'><strong>Scripturas</strong></span> <span class='ocrx_word' id='word_1_482' title='bbox 1584 3424 1743 3477; x_wconf 80' lang='lat' dir='ltr'><strong>dicta</strong></span> <span class='ocrx_word' id='word_1_483' title='bbox 1774 3424 2075 3478; x_wconf 73' lang='lat' dir='ltr'><strong>hortantur</strong></span> <span class='ocrx_word' id='word_1_484' title='bbox 2109 3425 2381 3478; x_wconf 74' lang='lat' dir='ltr'><strong>hominem</strong></span> <span class='ocrx_word' id='word_1_485' title='bbox 2406 3480 2409 3497; x_wconf 86' lang='lat'><strong>.</strong></span> <span class='ocrx_word' id='word_1_486' title='bbox 2434 3440 2556 3477; x_wconf 90' lang='lat' dir='ltr'><strong>rum</strong></span> <span class='ocrx_word' id='word_1_487' title='bbox 2609 3424 2792 3479; x_wconf 83' lang='lat' dir='ltr'><strong>adhuc</strong></span> <span class='ocrx_word' id='word_1_488' title='bbox 2845 3424 3062 3480; x_wconf 89' lang='lat' dir='ltr'><strong>habitet</strong></span> <span class='ocrx_word' id='word_1_489' title='bbox 3110 3430 3403 3496; x_wconf 88' lang='lat' dir='ltr'><strong>peccatum</strong></span> <span class='ocrx_word' id='word_1_490' title='bbox 3421 3469 3435 3495; x_wconf 92' lang='lat'><strong>,</strong></span> <span class='ocrx_word' id='word_1_491' title='bbox 3493 3426 3641 3497; x_wconf 87' lang='lat' dir='ltr'><strong>quod</strong></span> <span class='ocrx_word' id='word_1_492' title='bbox 3695 3443 3820 3482; x_wconf 87' lang='lat' dir='ltr'><strong>caro</strong></span> <span class='ocrx_word' id='word_1_493' title='bbox 3874 3427 3934 3483; x_wconf 88' lang='lat' dir='ltr'><strong>in</strong></span> <span class='ocrx_word' id='word_1_494' title='bbox 3990 3429 4105 3485; x_wconf 91' lang='lat' dir='ltr'><strong>illis</strong></span> 
     </span>
    </p>
   </div>
   <div class='ocr_carea' id='block_1_28' title="bbox 462 3509 4108 3584">
    <p class='ocr_par' dir='ltr' id='par_1_28' title="bbox 462 3509 4108 3584">
     <span class='ocr_line' id='line_1_49' title="bbox 462 3509 4108 3584; baseline 0.002 -22"><span class='ocrx_word' id='word_1_495' title='bbox 462 3523 586 3562; x_wconf 73' lang='lat' dir='ltr'><strong>dieta</strong></span> <span class='ocrx_word' id='word_1_496' title='bbox 717 3511 800 3566; x_wconf 79' lang='lat' dir='ltr'><strong>ad</strong></span> <span class='ocrx_word' id='word_1_497' title='bbox 833 3527 946 3564; x_wconf 85' lang='lat' dir='ltr'><strong>non</strong></span> <span class='ocrx_word' id='word_1_498' title='bbox 972 3513 1341 3581; x_wconf 76' lang='lat' dir='ltr'><strong>peccandum.</strong></span> <span class='ocrx_word' id='word_1_499' title='bbox 1410 3509 1621 3567; x_wconf 86' lang='lat' dir='ltr'><strong>Psalm.</strong></span> <span class='ocrx_word' id='word_1_500' title='bbox 1659 3516 1720 3565; x_wconf 80' lang='lat'><strong>4:</strong></span> <span class='ocrx_word' id='word_1_501' title='bbox 1765 3511 2096 3565; x_wconf 75' lang='lat' dir='ltr'><strong>Irascimini</strong></span> <span class='ocrx_word' id='word_1_502' title='bbox 2125 3511 2190 3563; x_wconf 65' lang='lat' dir='ltr'><strong>et*</strong></span> <span class='ocrx_word' id='word_1_503' title='bbox 2211 3510 2382 3563; x_wconf 80' lang='lat' dir='ltr'><strong>nolite</strong></span> <span class='ocrx_word' id='word_1_504' title='bbox 2436 3511 2796 3581; x_wconf 85' lang='lat' dir='ltr'><strong>concupiscat</strong></span> <span class='ocrx_word' id='word_1_505' title='bbox 2828 3511 3092 3565; x_wconf 81' lang='lat' dir='ltr'><strong>adversus</strong></span> <span class='ocrx_word' id='word_1_506' title='bbox 3131 3511 3424 3582; x_wconf 86' lang='lat' dir='ltr'><strong>Spiritum,</strong></span> <span class='ocrx_word' id='word_1_507' title='bbox 3475 3512 3620 3584; x_wconf 86' lang='lat' dir='ltr'><strong>quod</strong></span> <span class='ocrx_word' id='word_1_508' title='bbox 3663 3530 3775 3567; x_wconf 89' lang='lat' dir='ltr'><strong>non</strong></span> <span class='ocrx_word' id='word_1_509' title='bbox 3812 3514 3887 3569; x_wconf 88' lang='lat' dir='ltr'><strong>sit</strong></span> <span class='ocrx_word' id='word_1_510' title='bbox 3920 3514 4108 3583; x_wconf 88' lang='lat' dir='ltr'><strong>homo,</strong></span> 
     </span>
    </p>
   </div>
   <div class='ocr_carea' id='block_1_29' title="bbox 457 3575 4106 3672">
    <p class='ocr_par' dir='ltr' id='par_1_29' title="bbox 457 3575 4106 3672">
     <span class='ocr_line' id='line_1_50' title="bbox 457 3575 4106 3672; baseline 0.003 -25"><span class='ocrx_word' id='word_1_511' title='bbox 457 3575 691 3666; x_wconf 52' lang='grc' dir='ltr'><strong>ξξῗᾙω</strong></span> <span class='ocrx_word' id='word_1_512' title='bbox 706 3614 968 3669; x_wconf 76' lang='lat' dir='ltr'><strong>peccare.</strong></span> <span class='ocrx_word' id='word_1_513' title='bbox 1039 3597 1170 3655; x_wconf 73' lang='lat' dir='ltr'><strong>Ena.</strong></span> <span class='ocrx_word' id='word_1_514' title='bbox 1221 3602 1274 3652; x_wconf 90' lang='lat'><strong>1:</strong></span> <span class='ocrx_word' id='word_1_515' title='bbox 1334 3598 1608 3661; x_wconf 77' lang='lat' dir='ltr'><strong>Quiescite</strong></span> <span class='ocrx_word' id='word_1_516' title='bbox 1635 3614 1903 3666; x_wconf 79' lang='lat' dir='ltr'><strong>perverse</strong></span> <span class='ocrx_word' id='word_1_517' title='bbox 1941 3614 2136 3666; x_wconf 65' lang='lat' dir='ltr'><strong>apere,</strong></span> <span class='ocrx_word' id='word_1_518' title='bbox 2185 3596 2383 3650; x_wconf 77' lang='lat' dir='ltr'><strong>discite</strong></span> <span class='ocrx_word' id='word_1_519' title='bbox 2406 3579 2410 3603; x_wconf 72' lang='lat'>⁸</span> <span class='ocrx_word' id='word_1_520' title='bbox 2436 3596 2532 3667; x_wconf 90' lang='lat' dir='ltr'><strong>qui</strong></span> <span class='ocrx_word' id='word_1_521' title='bbox 2582 3614 2692 3652; x_wconf 89' lang='lat' dir='ltr'><strong>non</strong></span> <span class='ocrx_word' id='word_1_522' title='bbox 2736 3604 2934 3668; x_wconf 87' lang='lat' dir='ltr'><strong>peccet</strong></span> <span class='ocrx_word' id='word_1_523' title='bbox 2978 3604 3080 3653; x_wconf 90' lang='lat' dir='ltr'><strong>etc.</strong></span> <span class='ocrx_word' id='word_1_524' title='bbox 3152 3598 3425 3669; x_wconf 84' lang='lat' dir='ltr'><strong>Quodque</strong></span> <span class='ocrx_word' id='word_1_525' title='bbox 3471 3617 3582 3654; x_wconf 90' lang='lat' dir='ltr'><strong>non</strong></span> <span class='ocrx_word' id='word_1_526' title='bbox 3629 3599 3888 3655; x_wconf 87' lang='lat' dir='ltr'><strong>dicantur</strong></span> <span class='ocrx_word' id='word_1_527' title='bbox 3937 3601 4106 3672; x_wconf 85' lang='lat' dir='ltr'><strong>bona,</strong></span> 
     </span>
    </p>
   </div>
   <div class='ocr_carea' id='block_1_30' title="bbox 457 3646 4104 4018">
    <p class='ocr_par' dir='ltr' id='par_1_30' title="bbox 457 3646 4104 3842">
     <span class='ocr_line' id='line_1_51' title="bbox 457 3646 4104 3770; baseline 0.001 -30"><span class='ocrx_word' id='word_1_528' title='bbox 457 3685 684 3770; x_wconf 47' lang='lat'><strong>22:432·</strong></span> <span class='ocrx_word' id='word_1_529' title='bbox 716 3686 1065 3750; x_wconf 74' lang='lat' dir='ltr'><strong>benefacere.</strong></span> <span class='ocrx_word' id='word_1_530' title='bbox 1102 3684 1229 3740; x_wconf 86' lang='lat' dir='ltr'><strong>Joh.</strong></span> <span class='ocrx_word' id='word_1_531' title='bbox 1258 3691 1314 3740; x_wconf 84' lang='lat'><strong>5:</strong></span> <span class='ocrx_word' id='word_1_532' title='bbox 1347 3684 1494 3739; x_wconf 84' lang='lat' dir='ltr'><strong>Noli</strong></span> <span class='ocrx_word' id='word_1_533' title='bbox 1514 3684 1760 3753; x_wconf 79' lang='lat' dir='ltr'><strong>amplius</strong></span> <span class='ocrx_word' id='word_1_534' title='bbox 1775 3700 2038 3753; x_wconf 79' lang='lat' dir='ltr'><strong>peccare.</strong></span> <span class='ocrx_word' id='word_1_535' title='bbox 2082 3690 2123 3739; x_wconf 84' lang='lat'><strong>1.</strong></span> <span class='ocrx_word' id='word_1_536' title='bbox 2147 3683 2381 3740; x_wconf 84' lang='lat' dir='ltr'><strong>Cor.15:</strong></span> <span class='ocrx_word' id='word_1_537' title='bbox 2406 3646 2410 3705; x_wconf 64' lang='lat'>¹</span> <span class='ocrx_word' id='word_1_538' title='bbox 2436 3684 2570 3755; x_wconf 88' lang='lat' dir='ltr'><strong>quia</strong></span> <span class='ocrx_word' id='word_1_539' title='bbox 2635 3683 2878 3754; x_wconf 87' lang='lat' dir='ltr'><strong>perfecte</strong></span> <span class='ocrx_word' id='word_1_540' title='bbox 2936 3684 3085 3739; x_wconf 89' lang='lat' dir='ltr'><strong>bona</strong></span> <span class='ocrx_word' id='word_1_541' title='bbox 3143 3684 3253 3737; x_wconf 87' lang='lat' dir='ltr'><strong>sint</strong></span> <span class='ocrx_word' id='word_1_542' title='bbox 3312 3684 3449 3738; x_wconf 89' lang='lat' dir='ltr'><strong>nihil</strong></span> <span class='ocrx_word' id='word_1_543' title='bbox 3510 3686 3762 3741; x_wconf 86' lang='lat' dir='ltr'><strong>defectus</strong></span> <span class='ocrx_word' id='word_1_544' title='bbox 3821 3698 3920 3742; x_wconf 85' lang='lat' dir='ltr'><strong>aut</strong></span> <span class='ocrx_word' id='word_1_545' title='bbox 3976 3688 4104 3744; x_wconf 82' lang='lat' dir='ltr'><strong>vitii</strong></span> 
     </span>
     <span class='ocr_line' id='line_1_52' title="bbox 655 3737 4104 3842; baseline 0.001 -16"><span class='ocrx_word' id='word_1_546' title='bbox 655 3757 666 3770; x_wconf 67' lang='grc'><em>’</em></span> <span class='ocrx_word' id='word_1_547' title='bbox 714 3772 1004 3841; x_wconf 69' lang='grc' dir='ltr'><strong>Εοίρίῑαεσ</strong></span> <span class='ocrx_word' id='word_1_548' title='bbox 1036 3771 1190 3840; x_wconf 73' lang='lat' dir='ltr'><strong>justi</strong></span> <span class='ocrx_word' id='word_1_549' title='bbox 1238 3779 1290 3824; x_wconf 86' lang='lat' dir='ltr'><strong>et</strong></span> <span class='ocrx_word' id='word_1_550' title='bbox 1339 3771 1515 3824; x_wconf 81' lang='lat' dir='ltr'><strong>nolite</strong></span> <span class='ocrx_word' id='word_1_551' title='bbox 1544 3786 1789 3840; x_wconf 80' lang='lat' dir='ltr'><strong>peccare</strong></span> <span class='ocrx_word' id='word_1_552' title='bbox 1829 3778 1931 3826; x_wconf 84' lang='lat' dir='ltr'><strong>etc.</strong></span> <span class='ocrx_word' id='word_1_553' title='bbox 2002 3771 2081 3824; x_wconf 87' lang='lat' dir='ltr'><strong>At</strong></span> <span class='ocrx_word' id='word_1_554' title='bbox 2118 3788 2380 3839; x_wconf 75' lang='lat' dir='ltr'><strong>quorsum</strong></span> <span class='ocrx_word' id='word_1_555' title='bbox 2406 3737 2410 3819; x_wconf 61' lang='lat'><strong>«⁸</strong></span> <span class='ocrx_word' id='word_1_556' title='bbox 2435 3770 2695 3826; x_wconf 84' lang='lat' dir='ltr'><strong>habentia</strong></span> <span class='ocrx_word' id='word_1_557' title='bbox 2717 3811 2730 3835; x_wconf 96' lang='lat'><strong>,</strong></span> <span class='ocrx_word' id='word_1_558' title='bbox 2799 3771 2897 3825; x_wconf 89' lang='lat' dir='ltr'><strong>sed</strong></span> <span class='ocrx_word' id='word_1_559' title='bbox 2958 3771 3089 3841; x_wconf 89' lang='lat' dir='ltr'><strong>quia</strong></span> <span class='ocrx_word' id='word_1_560' title='bbox 3148 3790 3214 3826; x_wconf 84' lang='lat' dir='ltr'><strong>cx</strong></span> <span class='ocrx_word' id='word_1_561' title='bbox 3268 3770 3379 3827; x_wconf 86' lang='lat' dir='ltr'><strong>fide</strong></span> <span class='ocrx_word' id='word_1_562' title='bbox 3430 3771 3854 3842; x_wconf 86' lang='lat' dir='ltr'><strong>proficiscuntur</strong></span> <span class='ocrx_word' id='word_1_563' title='bbox 3907 3780 3964 3829; x_wconf 90' lang='lat' dir='ltr'><strong>et</strong></span> <span class='ocrx_word' id='word_1_564' title='bbox 3997 3775 4104 3830; x_wconf 85' lang='lat' dir='ltr'><strong>ali-</strong></span> 
     </span>
    </p>

    <p class='ocr_par' dir='ltr' id='par_1_31' title="bbox 579 3853 4104 4018">
     <span class='ocr_line' id='line_1_53' title="bbox 579 3853 4104 3930; baseline 0.002 -18"><span class='ocrx_word' id='word_1_565' title='bbox 579 3876 584 3879; x_wconf 91' lang='lat'>·</span> <span class='ocrx_word' id='word_1_566' title='bbox 656 3853 665 3865; x_wconf 83' lang='lat'><em>&#39;</em></span> <span class='ocrx_word' id='word_1_567' title='bbox 703 3858 988 3927; x_wconf 71' lang='lat' dir='ltr'><strong>pertinent</strong></span> <span class='ocrx_word' id='word_1_568' title='bbox 1019 3858 1125 3911; x_wconf 74' lang='lat' dir='ltr'><strong>has</strong></span> <span class='ocrx_word' id='word_1_569' title='bbox 1161 3857 1606 3920; x_wconf 73' lang='lat' dir='ltr'><strong>adhortationes,</strong></span> <span class='ocrx_word' id='word_1_570' title='bbox 1645 3857 1699 3909; x_wconf 78' lang='lat' dir='ltr'><strong>si</strong></span> <span class='ocrx_word' id='word_1_571' title='bbox 1734 3857 1794 3909; x_wconf 75' lang='lat' dir='ltr'><strong>in</strong></span> <span class='ocrx_word' id='word_1_572' title='bbox 1831 3858 1983 3910; x_wconf 80' lang='lat' dir='ltr'><strong>omni</strong></span> <span class='ocrx_word' id='word_1_573' title='bbox 2008 3875 2178 3926; x_wconf 78' lang='lat' dir='ltr'><strong>opere</strong></span> <span class='ocrx_word' id='word_1_574' title='bbox 2205 3876 2378 3927; x_wconf 77' lang='lat' dir='ltr'><strong>quan·</strong></span> <span class='ocrx_word' id='word_1_575' title='bbox 2403 3920 2404 3925; x_wconf 13' lang='lat'>¹</span> <span class='ocrx_word' id='word_1_576' title='bbox 2434 3874 2601 3927; x_wconf 90' lang='lat' dir='ltr'><strong>quam</strong></span> <span class='ocrx_word' id='word_1_577' title='bbox 2649 3874 2773 3911; x_wconf 89' lang='lat' dir='ltr'><strong>cum</strong></span> <span class='ocrx_word' id='word_1_578' title='bbox 2814 3855 2941 3925; x_wconf 76' lang='lat' dir='ltr'><strong>lege</strong></span> <span class='ocrx_word' id='word_1_579' title='bbox 2982 3856 3420 3913; x_wconf 86' lang='lat' dir='ltr'><strong>conformitatem</strong></span> <span class='ocrx_word' id='word_1_580' title='bbox 3460 3858 3726 3913; x_wconf 87' lang='lat' dir='ltr'><strong>obtinent.</strong></span> <span class='ocrx_word' id='word_1_581' title='bbox 3797 3859 3972 3914; x_wconf 90' lang='lat' dir='ltr'><strong>Hebr.</strong></span> <span class='ocrx_word' id='word_1_582' title='bbox 4020 3868 4104 3930; x_wconf 87' lang='lat'><strong>11,</strong></span> 
     </span>
     <span class='ocr_line' id='line_1_54' title="bbox 710 3942 4102 4018; baseline 0.001 -20"><span class='ocrx_word' id='word_1_583' title='bbox 710 3945 910 4000; x_wconf 80' lang='lat' dir='ltr'><strong>tumois</strong></span> <span class='ocrx_word' id='word_1_584' title='bbox 961 3945 1100 3999; x_wconf 83' lang='lat' dir='ltr'><strong>bono</strong></span> <span class='ocrx_word' id='word_1_585' title='bbox 1148 3963 1261 3998; x_wconf 89' lang='lat' dir='ltr'><strong>non</strong></span> <span class='ocrx_word' id='word_1_586' title='bbox 1298 3962 1601 4014; x_wconf 76' lang='lat' dir='ltr'><strong>possumus</strong></span> <span class='ocrx_word' id='word_1_587' title='bbox 1647 3961 1761 3997; x_wconf 90' lang='lat' dir='ltr'><strong>non</strong></span> <span class='ocrx_word' id='word_1_588' title='bbox 1799 3960 2059 4013; x_wconf 78' lang='lat' dir='ltr'><strong>peccare.</strong></span> <span class='ocrx_word' id='word_1_589' title='bbox 2132 3942 2483 4013; x_wconf 35' lang='lat' dir='ltr'><strong>Respon-1v.</strong></span> <span class='ocrx_word' id='word_1_590' title='bbox 2540 3950 2597 3999; x_wconf 82' lang='lat'><strong>4:</strong></span> <span class='ocrx_word' id='word_1_591' title='bbox 2668 3943 2818 3997; x_wconf 80' lang='lat' dir='ltr'><strong>Fide</strong></span> <span class='ocrx_word' id='word_1_592' title='bbox 2865 3944 3008 3997; x_wconf 83' lang='lat' dir='ltr'><strong>Abel</strong></span> <span class='ocrx_word' id='word_1_593' title='bbox 3063 3943 3348 3998; x_wconf 80' lang='lat' dir='ltr'><strong>meliorem</strong></span> <span class='ocrx_word' id='word_1_594' title='bbox 3406 3945 3641 3999; x_wconf 74' lang='lat' dir='ltr'><strong>hostiam</strong></span> <span class='ocrx_word' id='word_1_595' title='bbox 3697 3946 3898 4000; x_wconf 81' lang='lat' dir='ltr'><strong>obtulit</strong></span> <span class='ocrx_word' id='word_1_596' title='bbox 3950 3949 4102 4018; x_wconf 87' lang='lat' dir='ltr'><strong>Dec,</strong></span> 
     </span>
    </p>
   </div>
   <div class='ocr_carea' id='block_1_31' title="bbox 711 4028 2798 4103">
    <p class='ocr_par' dir='ltr' id='par_1_32' title="bbox 711 4028 2798 4103">
     <span class='ocr_line' id='line_1_55' title="bbox 711 4028 2798 4103; baseline 0 -18"><span class='ocrx_word' id='word_1_597' title='bbox 711 4030 1077 4101; x_wconf 82' lang='lat' dir='ltr'><strong>spondemus:</strong></span> <span class='ocrx_word' id='word_1_598' title='bbox 1134 4035 1180 4085; x_wconf 87' lang='lat'><strong>1.</strong></span> <span class='ocrx_word' id='word_1_599' title='bbox 1216 4029 1300 4083; x_wconf 85' lang='lat' dir='ltr'><strong>Ex</strong></span> <span class='ocrx_word' id='word_1_600' title='bbox 1347 4028 1659 4100; x_wconf 86' lang='lat' dir='ltr'><strong>praeceptis</strong></span> <span class='ocrx_word' id='word_1_601' title='bbox 1708 4036 1951 4084; x_wconf 90' lang='lat' dir='ltr'><strong>nostram</strong></span> <span class='ocrx_word' id='word_1_602' title='bbox 1987 4028 2233 4103; x_wconf 80' lang='grc' dir='ltr'><em>δύναμιν</em></span> <span class='ocrx_word' id='word_1_603' title='bbox 2266 4046 2377 4085; x_wconf 89' lang='lat' dir='ltr'><strong>non</strong></span> <span class='ocrx_word' id='word_1_604' title='bbox 2432 4048 2598 4099; x_wconf 79' lang='lat' dir='ltr'><strong>quam</strong></span> <span class='ocrx_word' id='word_1_605' title='bbox 2638 4030 2798 4086; x_wconf 85' lang='lat' dir='ltr'><strong>Cain.</strong></span> 
     </span>
    </p>
   </div>
   <div class='ocr_carea' id='block_1_32' title="bbox 710 4115 4264 4188">
    <p class='ocr_par' dir='ltr' id='par_1_33' title="bbox 710 4115 4264 4188">
     <span class='ocr_line' id='line_1_56' title="bbox 710 4115 4264 4188; baseline -0 -14"><span class='ocrx_word' id='word_1_606' title='bbox 710 4133 876 4187; x_wconf 77' lang='lat' dir='ltr'><strong>posse</strong></span> <span class='ocrx_word' id='word_1_607' title='bbox 910 4116 1098 4188; x_wconf 81' lang='lat' dir='ltr'><strong>colligi</strong></span> <span class='ocrx_word' id='word_1_608' title='bbox 1132 4116 1472 4172; x_wconf 87' lang='lat' dir='ltr'><strong>ostendimus</strong></span> <span class='ocrx_word' id='word_1_609' title='bbox 1507 4132 1609 4171; x_wconf 91' lang='lat' dir='ltr'><strong>suo</strong></span> <span class='ocrx_word' id='word_1_610' title='bbox 1648 4115 1796 4182; x_wconf 91' lang='lat' dir='ltr'><strong>loco,</strong></span> <span class='ocrx_word' id='word_1_611' title='bbox 1843 4115 2049 4171; x_wconf 84' lang='lat' dir='ltr'><strong>&#39;docent</strong></span> <span class='ocrx_word' id='word_1_612' title='bbox 2085 4116 2231 4170; x_wconf 89' lang='lat' dir='ltr'><strong>enim</strong></span> <span class='ocrx_word' id='word_1_613' title='bbox 2265 4134 2376 4171; x_wconf 92' lang='lat' dir='ltr'><strong>non</strong></span> <span class='ocrx_word' id='word_1_614' title='bbox 2504 4121 2584 4171; x_wconf 85' lang='lat'><strong>79.</strong></span> <span class='ocrx_word' id='word_1_615' title='bbox 2663 4115 3004 4169; x_wconf 78' lang='lat' dir='ltr'><strong>Testimonia</strong></span> <span class='ocrx_word' id='word_1_616' title='bbox 3056 4123 3319 4183; x_wconf 81' lang='lat' dir='ltr'><strong>patrum,</strong></span> <span class='ocrx_word' id='word_1_617' title='bbox 3393 4132 3537 4187; x_wconf 90' lang='lat' dir='ltr'><strong>quae</strong></span> <span class='ocrx_word' id='word_1_618' title='bbox 3598 4133 3697 4186; x_wconf 89' lang='lat' dir='ltr'><strong>pro</strong></span> <span class='ocrx_word' id='word_1_619' title='bbox 3756 4116 4103 4188; x_wconf 86' lang='lat' dir='ltr'><strong>perfectione</strong></span> <span class='ocrx_word' id='word_1_620' title='bbox 4128 4135 4264 4174; x_wconf 69' lang='lat' dir='ltr'><strong>mct-</strong></span> 
     </span>
    </p>
   </div>
   <div class='ocr_carea' id='block_1_33' title="bbox 705 4200 4103 5914">
    <p class='ocr_par' dir='ltr' id='par_1_34' title="bbox 705 4200 4103 5914">
     <span class='ocr_line' id='line_1_57' title="bbox 711 4200 4102 4287; baseline 0.001 -28"><span class='ocrx_word' id='word_1_621' title='bbox 711 4201 846 4275; x_wconf 82' lang='lat' dir='ltr'><strong>quid</strong></span> <span class='ocrx_word' id='word_1_622' title='bbox 893 4203 1194 4273; x_wconf 87' lang='lat' dir='ltr'><strong>possimus,</strong></span> <span class='ocrx_word' id='word_1_623' title='bbox 1239 4203 1340 4258; x_wconf 87' lang='lat' dir='ltr'><strong>sed</strong></span> <span class='ocrx_word' id='word_1_624' title='bbox 1383 4203 1520 4274; x_wconf 90' lang='lat' dir='ltr'><strong>quid</strong></span> <span class='ocrx_word' id='word_1_625' title='bbox 1569 4202 1887 4260; x_wconf 90' lang='lat' dir='ltr'><strong>debeamus.</strong></span> <span class='ocrx_word' id='word_1_626' title='bbox 1959 4208 2008 4283; x_wconf 73' lang='lat'><strong>2.</strong></span> <span class='ocrx_word' id='word_1_627' title='bbox 2047 4204 2104 4256; x_wconf 81' lang='grc' dir='ltr'><strong>τὸ</strong></span> <span class='ocrx_word' id='word_1_628' title='bbox 2147 4218 2378 4273; x_wconf 89' lang='lat' dir='ltr'><strong>peccare</strong></span> <span class='ocrx_word' id='word_1_629' title='bbox 2403 4246 2404 4287; x_wconf 28' lang='lat'>¹</span> <span class='ocrx_word' id='word_1_630' title='bbox 2432 4220 2656 4272; x_wconf 88' lang='lat' dir='ltr'><strong>operum</strong></span> <span class='ocrx_word' id='word_1_631' title='bbox 2697 4218 2743 4256; x_wconf 90' lang='lat' dir='ltr'><strong>c.</strong></span> <span class='ocrx_word' id='word_1_632' title='bbox 2791 4206 2868 4257; x_wconf 82' lang='lat'><strong>16.</strong></span> <span class='ocrx_word' id='word_1_633' title='bbox 2907 4200 3292 4256; x_wconf 85' lang='lat' dir='ltr'><strong>Bellarminus·</strong></span> <span class='ocrx_word' id='word_1_634' title='bbox 3313 4202 3586 4272; x_wconf 86' lang='lat' dir='ltr'><strong>producit,</strong></span> <span class='ocrx_word' id='word_1_635' title='bbox 3624 4202 3846 4257; x_wconf 84' lang='lat' dir='ltr'><strong>facilem</strong></span> <span class='ocrx_word' id='word_1_636' title='bbox 3887 4204 4102 4261; x_wconf 85' lang='lat' dir='ltr'><strong>habent</strong></span> 
     </span>
     <span class='ocr_line' id='line_1_58' title="bbox 709 4286 4100 4361; baseline 0 -13"><span class='ocrx_word' id='word_1_637' title='bbox 709 4290 768 4348; x_wconf 84' lang='lat' dir='ltr'><strong>in</strong></span> <span class='ocrx_word' id='word_1_638' title='bbox 802 4288 1102 4360; x_wconf 80' lang='lat' dir='ltr'><strong>Scripturis</strong></span> <span class='ocrx_word' id='word_1_639' title='bbox 1144 4297 1304 4345; x_wconf 85' lang='lat' dir='ltr'><strong>notat</strong></span> <span class='ocrx_word' id='word_1_640' title='bbox 1354 4290 1531 4360; x_wconf 89' lang='lat' dir='ltr'><strong>primo</strong></span> <span class='ocrx_word' id='word_1_641' title='bbox 1572 4298 1801 4345; x_wconf 87' lang='lat' dir='ltr'><strong>externa</strong></span> <span class='ocrx_word' id='word_1_642' title='bbox 1844 4289 2050 4345; x_wconf 87' lang='lat' dir='ltr'><strong>delicta</strong></span> <span class='ocrx_word' id='word_1_643' title='bbox 2101 4288 2376 4344; x_wconf 87' lang='lat' dir='ltr'><strong>conscien-</strong></span> <span class='ocrx_word' id='word_1_644' title='bbox 2432 4288 2867 4358; x_wconf 86' lang='lat' dir='ltr'><strong>explicationem.</strong></span> <span class='ocrx_word' id='word_1_645' title='bbox 2935 4286 3022 4340; x_wconf 85' lang='lat' dir='ltr'><strong>Ex</strong></span> <span class='ocrx_word' id='word_1_646' title='bbox 3044 4286 3326 4358; x_wconf 86' lang='lat' dir='ltr'><strong>plerisque</strong></span> <span class='ocrx_word' id='word_1_647' title='bbox 3350 4286 3490 4341; x_wconf 89' lang='lat' dir='ltr'><strong>nihil</strong></span> <span class='ocrx_word' id='word_1_648' title='bbox 3513 4289 3664 4343; x_wconf 90' lang='lat' dir='ltr'><strong>aliud</strong></span> <span class='ocrx_word' id='word_1_649' title='bbox 3694 4290 3942 4360; x_wconf 86' lang='lat' dir='ltr'><strong>exsculpi</strong></span> <span class='ocrx_word' id='word_1_650' title='bbox 3970 4299 4100 4361; x_wconf 93' lang='lat' dir='ltr'><strong>pot-</strong></span> 
     </span>
     <span class='ocr_line' id='line_1_59' title="bbox 707 4362 4101 4447; baseline 0.001 -16"><span class='ocrx_word' id='word_1_651' title='bbox 707 4375 844 4431; x_wconf 85' lang='lat' dir='ltr'><strong>tiam</strong></span> <span class='ocrx_word' id='word_1_652' title='bbox 881 4376 1182 4445; x_wconf 79' lang='lat' dir='ltr'><strong>vastantia,</strong></span> <span class='ocrx_word' id='word_1_653' title='bbox 1216 4381 1279 4431; x_wconf 88' lang='lat' dir='ltr'><strong>ut</strong></span> <span class='ocrx_word' id='word_1_654' title='bbox 1320 4383 1362 4433; x_wconf 93' lang='grc'><strong>1.</strong></span> <span class='ocrx_word' id='word_1_655' title='bbox 1403 4376 1532 4434; x_wconf 79' lang='lat' dir='ltr'><strong>Joh.</strong></span> <span class='ocrx_word' id='word_1_656' title='bbox 1567 4381 1627 4440; x_wconf 83' lang='lat'><strong>3,</strong></span> <span class='ocrx_word' id='word_1_657' title='bbox 1665 4396 1717 4431; x_wconf 81' lang='lat' dir='ltr'><strong>v.</strong></span> <span class='ocrx_word' id='word_1_658' title='bbox 1755 4384 1816 4433; x_wconf 84' lang='lat'><strong>9:</strong></span> <span class='ocrx_word' id='word_1_659' title='bbox 1869 4378 1977 4441; x_wconf 77' lang='lat' dir='ltr'><strong>Qui</strong></span> <span class='ocrx_word' id='word_1_660' title='bbox 2014 4394 2080 4430; x_wconf 77' lang='lat' dir='ltr'><strong>ea:</strong></span> <span class='ocrx_word' id='word_1_661' title='bbox 2116 4378 2242 4430; x_wconf 85' lang='lat' dir='ltr'><strong>Deo</strong></span> <span class='ocrx_word' id='word_1_662' title='bbox 2278 4395 2377 4429; x_wconf 86' lang='lat' dir='ltr'><strong>na·</strong></span> <span class='ocrx_word' id='word_1_663' title='bbox 2431 4383 2541 4442; x_wconf 89' lang='lat' dir='ltr'><strong>est,</strong></span> <span class='ocrx_word' id='word_1_664' title='bbox 2589 4391 2754 4445; x_wconf 90' lang='lat' dir='ltr'><strong>quam</strong></span> <span class='ocrx_word' id='word_1_665' title='bbox 2802 4389 2973 4443; x_wconf 90' lang='lat' dir='ltr'><strong>opera</strong></span> <span class='ocrx_word' id='word_1_666' title='bbox 3020 4373 3286 4427; x_wconf 85' lang='lat' dir='ltr'><strong>virtutum</strong></span> <span class='ocrx_word' id='word_1_667' title='bbox 3334 4362 3597 4429; x_wconf 67' lang='lat' dir='ltr'><strong>distincta</strong></span> <span class='ocrx_word' id='word_1_668' title='bbox 3651 4391 3770 4430; x_wconf 83' lang='lat' dir='ltr'><strong>esse</strong></span> <span class='ocrx_word' id='word_1_669' title='bbox 3815 4393 3851 4431; x_wconf 85' lang='lat' dir='ltr'><strong>a</strong></span> <span class='ocrx_word' id='word_1_670' title='bbox 3900 4396 4101 4447; x_wconf 85' lang='lat' dir='ltr'><strong>pecca-</strong></span> 
     </span>
     <span class='ocr_line' id='line_1_60' title="bbox 706 4450 4103 4534; baseline 0.001 -16"><span class='ocrx_word' id='word_1_671' title='bbox 706 4470 796 4518; x_wconf 71' lang='lat' dir='ltr'><strong>tus</strong></span> <span class='ocrx_word' id='word_1_672' title='bbox 844 4471 957 4531; x_wconf 84' lang='lat' dir='ltr'><strong>est,</strong></span> <span class='ocrx_word' id='word_1_673' title='bbox 1003 4481 1115 4517; x_wconf 79' lang='lat' dir='ltr'><strong>non</strong></span> <span class='ocrx_word' id='word_1_674' title='bbox 1157 4471 1360 4533; x_wconf 78' lang='lat' dir='ltr'><strong>peccat</strong></span> <span class='ocrx_word' id='word_1_675' title='bbox 1370 4485 1393 4532; x_wconf 87' lang='lat'><strong>,·</strong></span> <span class='ocrx_word' id='word_1_676' title='bbox 1441 4463 1644 4519; x_wconf 89' lang='lat' dir='ltr'><strong>deinde</strong></span> <span class='ocrx_word' id='word_1_677' title='bbox 1690 4469 1922 4534; x_wconf 88' lang='lat' dir='ltr'><strong>peccata</strong></span> <span class='ocrx_word' id='word_1_678' title='bbox 1953 4462 2286 4517; x_wconf 87' lang='lat' dir='ltr'><strong>infirmitatis</strong></span> <span class='ocrx_word' id='word_1_679' title='bbox 2324 4450 2405 4517; x_wconf 54' lang='lat' dir='ltr'><strong>et⁴</strong></span> <span class='ocrx_word' id='word_1_680' title='bbox 2432 4462 2518 4530; x_wconf 88' lang='lat' dir='ltr'><strong>tis,</strong></span> <span class='ocrx_word' id='word_1_681' title='bbox 2556 4468 2614 4515; x_wconf 89' lang='lat' dir='ltr'><strong>at</strong></span> <span class='ocrx_word' id='word_1_682' title='bbox 2650 4460 2774 4530; x_wconf 90' lang='lat' dir='ltr'><strong>quis</strong></span> <span class='ocrx_word' id='word_1_683' title='bbox 2810 4466 3059 4523; x_wconf 84' lang='lat' dir='ltr'><strong>nostrum</strong></span> <span class='ocrx_word' id='word_1_684' title='bbox 3097 4459 3204 4513; x_wconf 90' lang='lat' dir='ltr'><strong>hoc</strong></span> <span class='ocrx_word' id='word_1_685' title='bbox 3229 4461 3433 4530; x_wconf 79' lang='lat' dir='ltr'><strong>negat?</strong></span> <span class='ocrx_word' id='word_1_686' title='bbox 3473 4459 3577 4515; x_wconf 89' lang='lat' dir='ltr'><strong>Cui</strong></span> <span class='ocrx_word' id='word_1_687' title='bbox 3601 4462 3658 4515; x_wconf 91' lang='lat' dir='ltr'><strong>in</strong></span> <span class='ocrx_word' id='word_1_688' title='bbox 3678 4469 3918 4518; x_wconf 90' lang='lat' dir='ltr'><strong>mentem</strong></span> <span class='ocrx_word' id='word_1_689' title='bbox 3947 4467 4103 4522; x_wconf 83' lang='lat' dir='ltr'><strong>venit</strong></span> 
     </span>
     <span class='ocr_line' id='line_1_61' title="bbox 706 4540 4101 4621; baseline 0.001 -18"><span class='ocrx_word' id='word_1_690' title='bbox 706 4548 896 4621; x_wconf 80' lang='lat' dir='ltr'><strong>lapsus</strong></span> <span class='ocrx_word' id='word_1_691' title='bbox 932 4549 1301 4620; x_wconf 84' lang='lat' dir='ltr'><strong>quotidianos,</strong></span> <span class='ocrx_word' id='word_1_692' title='bbox 1344 4556 1386 4605; x_wconf 89' lang='grc'><strong>1.</strong></span> <span class='ocrx_word' id='word_1_693' title='bbox 1423 4548 1562 4620; x_wconf 86' lang='lat' dir='ltr'><strong>Reg.</strong></span> <span class='ocrx_word' id='word_1_694' title='bbox 1607 4554 1655 4617; x_wconf 81' lang='lat'><strong>8,</strong></span> <span class='ocrx_word' id='word_1_695' title='bbox 1694 4567 1747 4605; x_wconf 81' lang='lat' dir='ltr'><strong>v.</strong></span> <span class='ocrx_word' id='word_1_696' title='bbox 1774 4555 1865 4605; x_wconf 82' lang='lat'><strong>46:</strong></span> <span class='ocrx_word' id='word_1_697' title='bbox 1906 4551 2039 4604; x_wconf 87' lang='lat' dir='ltr'><strong>Non</strong></span> <span class='ocrx_word' id='word_1_698' title='bbox 2067 4557 2148 4603; x_wconf 78' lang='lat' dir='ltr'><strong>est</strong></span> <span class='ocrx_word' id='word_1_699' title='bbox 2197 4540 2384 4612; x_wconf 57' lang='lat' dir='ltr'><strong>homo:</strong></span> <span class='ocrx_word' id='word_1_700' title='bbox 2432 4553 2698 4616; x_wconf 89' lang='lat' dir='ltr'><strong>statuere,</strong></span> <span class='ocrx_word' id='word_1_701' title='bbox 2746 4547 2895 4617; x_wconf 89' lang='lat' dir='ltr'><strong>quod</strong></span> <span class='ocrx_word' id='word_1_702' title='bbox 2946 4546 3092 4601; x_wconf 92' lang='lat' dir='ltr'><strong>idem</strong></span> <span class='ocrx_word' id='word_1_703' title='bbox 3139 4546 3212 4600; x_wconf 88' lang='lat' dir='ltr'><strong>sit</strong></span> <span class='ocrx_word' id='word_1_704' title='bbox 3254 4554 3544 4616; x_wconf 87' lang='lat' dir='ltr'><strong>peccatum</strong></span> <span class='ocrx_word' id='word_1_705' title='bbox 3580 4553 3637 4602; x_wconf 88' lang='lat' dir='ltr'><strong>et</strong></span> <span class='ocrx_word' id='word_1_706' title='bbox 3672 4566 3811 4619; x_wconf 91' lang='lat' dir='ltr'><strong>opus</strong></span> <span class='ocrx_word' id='word_1_707' title='bbox 3850 4550 4101 4608; x_wconf 79' lang='lat' dir='ltr'><strong>bonum?</strong></span> 
     </span>
     <span class='ocr_line' id='line_1_62' title="bbox 707 4631 4099 4707; baseline 0.001 -18"><span class='ocrx_word' id='word_1_708' title='bbox 707 4636 808 4707; x_wconf 69' lang='lat' dir='ltr'><strong>qui</strong></span> <span class='ocrx_word' id='word_1_709' title='bbox 843 4653 955 4690; x_wconf 89' lang='lat' dir='ltr'><strong>non</strong></span> <span class='ocrx_word' id='word_1_710' title='bbox 980 4644 1212 4705; x_wconf 65' lang='lat' dir='ltr'><strong>pecca,-</strong></span> <span class='ocrx_word' id='word_1_711' title='bbox 1251 4635 1491 4705; x_wconf 87' lang='lat' dir='ltr'><strong>denique</strong></span> <span class='ocrx_word' id='word_1_712' title='bbox 1510 4634 1700 4706; x_wconf 87' lang='lat' dir='ltr'><strong>phrasi</strong></span> <span class='ocrx_word' id='word_1_713' title='bbox 1724 4634 2004 4691; x_wconf 86' lang='lat' dir='ltr'><strong>Hebraica</strong></span> <span class='ocrx_word' id='word_1_714' title='bbox 2039 4640 2197 4689; x_wconf 88' lang='lat' dir='ltr'><strong>notat</strong></span> <span class='ocrx_word' id='word_1_715' title='bbox 2223 4634 2379 4691; x_wconf 83' lang='lat' dir='ltr'><strong>vitio·</strong></span> <span class='ocrx_word' id='word_1_716' title='bbox 2431 4632 2732 4689; x_wconf 87' lang='lat' dir='ltr'><strong>Libertinis</strong></span> <span class='ocrx_word' id='word_1_717' title='bbox 2768 4631 2904 4688; x_wconf 88' lang='lat' dir='ltr'><strong>haec</strong></span> <span class='ocrx_word' id='word_1_718' title='bbox 2936 4638 3183 4703; x_wconf 90' lang='lat' dir='ltr'><strong>opponat</strong></span> <span class='ocrx_word' id='word_1_719' title='bbox 3200 4631 3584 4703; x_wconf 88' lang='lat' dir='ltr'><strong>Bellarminus,</strong></span> <span class='ocrx_word' id='word_1_720' title='bbox 3625 4652 3737 4689; x_wconf 91' lang='lat' dir='ltr'><strong>non</strong></span> <span class='ocrx_word' id='word_1_721' title='bbox 3777 4642 3965 4692; x_wconf 87' lang='lat' dir='ltr'><strong>autem</strong></span> <span class='ocrx_word' id='word_1_722' title='bbox 4001 4655 4099 4693; x_wconf 93' lang='lat' dir='ltr'><strong>no-</strong></span> 
     </span>
     <span class='ocr_line' id='line_1_63' title="bbox 706 4718 4098 4793; baseline 0.001 -17"><span class='ocrx_word' id='word_1_723' title='bbox 706 4721 927 4778; x_wconf 86' lang='lat' dir='ltr'><strong>sitatem</strong></span> <span class='ocrx_word' id='word_1_724' title='bbox 948 4728 1199 4789; x_wconf 82' lang='lat' dir='ltr'><strong>naturae,</strong></span> <span class='ocrx_word' id='word_1_725' title='bbox 1237 4729 1530 4793; x_wconf 88' lang='lat' dir='ltr'><strong>peccatum</strong></span> <span class='ocrx_word' id='word_1_726' title='bbox 1560 4723 1616 4777; x_wconf 89' lang='lat' dir='ltr'><strong>in</strong></span> <span class='ocrx_word' id='word_1_727' title='bbox 1643 4738 1810 4777; x_wconf 89' lang='lat' dir='ltr'><strong>carne</strong></span> <span class='ocrx_word' id='word_1_728' title='bbox 1833 4721 2108 4789; x_wconf 88' lang='lat' dir='ltr'><strong>habitans,</strong></span> <span class='ocrx_word' id='word_1_729' title='bbox 2145 4720 2301 4775; x_wconf 89' lang='lat' dir='ltr'><strong>Rom.</strong></span> <span class='ocrx_word' id='word_1_730' title='bbox 2329 4727 2378 4792; x_wconf 86' lang='grc'><strong>3,</strong></span> <span class='ocrx_word' id='word_1_731' title='bbox 2402 4745 2408 4768; x_wconf 70' lang='lat' dir='ltr'><strong>e</strong></span> <span class='ocrx_word' id='word_1_732' title='bbox 2431 4720 2557 4774; x_wconf 90' lang='lat' dir='ltr'><strong>stris</strong></span> <span class='ocrx_word' id='word_1_733' title='bbox 2604 4718 2863 4774; x_wconf 87' lang='lat' dir='ltr'><strong>ecclesiis.</strong></span> <span class='ocrx_word' id='word_1_734' title='bbox 2942 4725 2980 4773; x_wconf 87' lang='lat'><strong>1.</strong></span> <span class='ocrx_word' id='word_1_735' title='bbox 3022 4718 3349 4773; x_wconf 86' lang='lat' dir='ltr'><strong>Ambrosius</strong></span> <span class='ocrx_word' id='word_1_736' title='bbox 3402 4719 3472 4773; x_wconf 90' lang='lat' dir='ltr'><strong>de</strong></span> <span class='ocrx_word' id='word_1_737' title='bbox 3507 4720 3672 4790; x_wconf 91' lang='lat' dir='ltr'><strong>Apol.</strong></span> <span class='ocrx_word' id='word_1_738' title='bbox 3722 4720 3908 4776; x_wconf 86' lang='lat' dir='ltr'><strong>David</strong></span> <span class='ocrx_word' id='word_1_739' title='bbox 3958 4741 4006 4778; x_wconf 91' lang='lat' dir='ltr'><strong>c.</strong></span> <span class='ocrx_word' id='word_1_740' title='bbox 4050 4730 4098 4779; x_wconf 87' lang='grc'><strong>6.</strong></span> 
     </span>
     <span class='ocr_line' id='line_1_64' title="bbox 708 4797 4100 4878; baseline 0.001 -18"><span class='ocrx_word' id='word_1_741' title='bbox 708 4827 760 4862; x_wconf 82' lang='lat' dir='ltr'><strong>v.</strong></span> <span class='ocrx_word' id='word_1_742' title='bbox 801 4812 896 4866; x_wconf 76' lang='lat'><strong>23:</strong></span> <span class='ocrx_word' id='word_1_743' title='bbox 954 4809 1089 4861; x_wconf 86' lang='lat' dir='ltr'><strong>Non</strong></span> <span class='ocrx_word' id='word_1_744' title='bbox 1144 4816 1224 4860; x_wconf 83' lang='lat' dir='ltr'><strong>est</strong></span> <span class='ocrx_word' id='word_1_745' title='bbox 1263 4807 1581 4877; x_wconf 78' lang='lat' dir='ltr'><strong>distinctio,</strong></span> <span class='ocrx_word' id='word_1_746' title='bbox 1637 4826 1823 4862; x_wconf 85' lang='lat' dir='ltr'><strong>omnes</strong></span> <span class='ocrx_word' id='word_1_747' title='bbox 1872 4816 1999 4861; x_wconf 82' lang='lat' dir='ltr'><strong>sunt</strong></span> <span class='ocrx_word' id='word_1_748' title='bbox 2037 4816 2377 4875; x_wconf 81' lang='lat' dir='ltr'><strong>peccatores.</strong></span> <span class='ocrx_word' id='word_1_749' title='bbox 2402 4797 2736 4860; x_wconf 81' lang='lat' dir='ltr'><strong>&#39;cavendum</strong></span> <span class='ocrx_word' id='word_1_750' title='bbox 2785 4821 2901 4858; x_wconf 84' lang='lat' dir='ltr'><strong>esse</strong></span> <span class='ocrx_word' id='word_1_751' title='bbox 2953 4803 3113 4871; x_wconf 89' lang='lat' dir='ltr'><strong>dicit,</strong></span> <span class='ocrx_word' id='word_1_752' title='bbox 3166 4821 3234 4856; x_wconf 86' lang='lat' dir='ltr'><strong>ne</strong></span> <span class='ocrx_word' id='word_1_753' title='bbox 3285 4805 3395 4858; x_wconf 81' lang='lat' dir='ltr'><strong>sint</strong></span> <span class='ocrx_word' id='word_1_754' title='bbox 3433 4807 3610 4874; x_wconf 81' lang='lat' dir='ltr'><strong>plura</strong></span> <span class='ocrx_word' id='word_1_755' title='bbox 3653 4818 3894 4876; x_wconf 77' lang='lat' dir='ltr'><strong>peccata</strong></span> <span class='ocrx_word' id='word_1_756' title='bbox 3930 4826 4100 4878; x_wconf 79' lang='lat' dir='ltr'><strong>quam</strong></span> 
     </span>
     <span class='ocr_line' id='line_1_65' title="bbox 709 4849 4101 4998; baseline 0.001 -48"><span class='ocrx_word' id='word_1_757' title='bbox 709 4892 885 4950; x_wconf 81' lang='lat' dir='ltr'><strong>Dicta</strong></span> <span class='ocrx_word' id='word_1_758' title='bbox 917 4892 1372 4963; x_wconf 84' lang='lat' dir='ltr'><strong>illaScripturae,</strong></span> <span class='ocrx_word' id='word_1_759' title='bbox 1411 4909 1554 4964; x_wconf 89' lang='lat' dir='ltr'><strong>quae</strong></span> <span class='ocrx_word' id='word_1_760' title='bbox 1593 4892 1961 4947; x_wconf 87' lang='lat' dir='ltr'><strong>Bellarminus</strong></span> <span class='ocrx_word' id='word_1_761' title='bbox 2001 4892 2263 4958; x_wconf 88' lang='lat' dir='ltr'><strong>cumulat,</strong></span> <span class='ocrx_word' id='word_1_762' title='bbox 2301 4894 2376 4949; x_wconf 91' lang='lat' dir='ltr'><strong>lo—</strong></span> <span class='ocrx_word' id='word_1_763' title='bbox 2401 4849 2408 4998; x_wconf 64' lang='grc' dir='ltr'>Ι</span> <span class='ocrx_word' id='word_1_764' title='bbox 2431 4910 2606 4963; x_wconf 80' lang='lat' dir='ltr'><strong>opera</strong></span> <span class='ocrx_word' id='word_1_765' title='bbox 2654 4892 2898 4954; x_wconf 78' lang='lat' dir='ltr'><strong>virtutis,</strong></span> <span class='ocrx_word' id='word_1_766' title='bbox 2946 4897 3006 4944; x_wconf 87' lang='lat' dir='ltr'><strong>at</strong></span> <span class='ocrx_word' id='word_1_767' title='bbox 3056 4890 3265 4946; x_wconf 87' lang='lat' dir='ltr'><strong>ibidem</strong></span> <span class='ocrx_word' id='word_1_768' title='bbox 3314 4891 3517 4947; x_wconf 85' lang='lat' dir='ltr'><strong>diserte</strong></span> <span class='ocrx_word' id='word_1_769' title='bbox 3560 4894 3743 4963; x_wconf 86' lang='lat' dir='ltr'><strong>addit,</strong></span> <span class='ocrx_word' id='word_1_770' title='bbox 3790 4913 3901 4948; x_wconf 84' lang='lat' dir='ltr'><strong>non</strong></span> <span class='ocrx_word' id='word_1_771' title='bbox 3924 4915 4101 4965; x_wconf 81' lang='lat' dir='ltr'><strong>posse</strong></span> 
     </span>
     <span class='ocr_line' id='line_1_66' title="bbox 713 4978 4101 5053; baseline 0 -18"><span class='ocrx_word' id='word_1_772' title='bbox 713 4986 959 5053; x_wconf 85' lang='lat' dir='ltr'><strong>quuntur</strong></span> <span class='ocrx_word' id='word_1_773' title='bbox 1014 4979 1085 5035; x_wconf 95' lang='lat' dir='ltr'><strong>de</strong></span> <span class='ocrx_word' id='word_1_774' title='bbox 1136 4979 1381 5049; x_wconf 88' lang='lat' dir='ltr'><strong>peccatis</strong></span> <span class='ocrx_word' id='word_1_775' title='bbox 1437 4985 1629 5035; x_wconf 86' lang='lat' dir='ltr'><strong>contra</strong></span> <span class='ocrx_word' id='word_1_776' title='bbox 1686 4978 2107 5041; x_wconf 86' lang='lat' dir='ltr'><strong>conscientiam,</strong></span> <span class='ocrx_word' id='word_1_777' title='bbox 2170 4996 2205 5033; x_wconf 90' lang='lat' dir='ltr'><strong>a</strong></span> <span class='ocrx_word' id='word_1_778' title='bbox 2257 4980 2376 5051; x_wconf 91' lang='lat' dir='ltr'><strong>qui·</strong></span> <span class='ocrx_word' id='word_1_779' title='bbox 2401 4982 2545 5046; x_wconf 60' lang='lat' dir='ltr'><strong>gsine</strong></span> <span class='ocrx_word' id='word_1_780' title='bbox 2586 4984 2820 5047; x_wconf 78' lang='lat' dir='ltr'><strong>peccato</strong></span> <span class='ocrx_word' id='word_1_781' title='bbox 2871 4995 2986 5031; x_wconf 82' lang='lat' dir='ltr'><strong>esse</strong></span> <span class='ocrx_word' id='word_1_782' title='bbox 3019 4978 3320 5030; x_wconf 77' lang='lat' dir='ltr'><strong>humanam</strong></span> <span class='ocrx_word' id='word_1_783' title='bbox 3346 4981 3754 5049; x_wconf 73' lang='lat' dir='ltr'><strong>frayilitatem.</strong></span> <span class='ocrx_word' id='word_1_784' title='bbox 3824 4980 4101 5038; x_wconf 85' lang='lat' dir='ltr'><strong>Hortatur</strong></span> 
     </span>
     <span class='ocr_line' id='line_1_67' title="bbox 708 5049 4097 5146; baseline 0 -23"><span class='ocrx_word' id='word_1_785' title='bbox 708 5066 815 5123; x_wconf 80' lang='lat' dir='ltr'><strong>bus</strong></span> <span class='ocrx_word' id='word_1_786' title='bbox 886 5083 988 5138; x_wconf 87' lang='lat' dir='ltr'><strong>per</strong></span> <span class='ocrx_word' id='word_1_787' title='bbox 1036 5064 1148 5121; x_wconf 89' lang='lat' dir='ltr'><strong>Dei</strong></span> <span class='ocrx_word' id='word_1_788' title='bbox 1204 5065 1442 5135; x_wconf 78' lang='lat' dir='ltr'><strong>gratiam</strong></span> <span class='ocrx_word' id='word_1_789' title='bbox 1494 5066 1676 5119; x_wconf 90' lang='lat' dir='ltr'><strong>renati</strong></span> <span class='ocrx_word' id='word_1_790' title='bbox 1725 5082 1952 5132; x_wconf 84' lang='lat' dir='ltr'><strong>cavere,</strong></span> <span class='ocrx_word' id='word_1_791' title='bbox 2028 5083 2138 5122; x_wconf 89' lang='lat' dir='ltr'><strong>non</strong></span> <span class='ocrx_word' id='word_1_792' title='bbox 2199 5066 2378 5122; x_wconf 88' lang='lat' dir='ltr'><strong>renati</strong></span> <span class='ocrx_word' id='word_1_793' title='bbox 2401 5049 2407 5146; x_wconf 68' lang='grc' dir='ltr'>ξ</span> <span class='ocrx_word' id='word_1_794' title='bbox 2428 5066 2599 5137; x_wconf 87' lang='lat' dir='ltr'><strong>igitur</strong></span> <span class='ocrx_word' id='word_1_795' title='bbox 2647 5070 2894 5132; x_wconf 86' lang='lat' dir='ltr'><strong>renatos,</strong></span> <span class='ocrx_word' id='word_1_796' title='bbox 2945 5068 3009 5116; x_wconf 86' lang='lat' dir='ltr'><strong>ut</strong></span> <span class='ocrx_word' id='word_1_797' title='bbox 3055 5080 3280 5133; x_wconf 90' lang='lat' dir='ltr'><strong>operam</strong></span> <span class='ocrx_word' id='word_1_798' title='bbox 3319 5065 3475 5134; x_wconf 89' lang='lat' dir='ltr'><strong>dent,</strong></span> <span class='ocrx_word' id='word_1_799' title='bbox 3517 5066 3864 5137; x_wconf 87' lang='lat' dir='ltr'><strong>quotidianos</strong></span> <span class='ocrx_word' id='word_1_800' title='bbox 3904 5067 4097 5138; x_wconf 90' lang='lat' dir='ltr'><strong>lapsus</strong></span> 
     </span>
     <span class='ocr_line' id='line_1_68' title="bbox 710 5149 4100 5225; baseline -0 -15"><span class='ocrx_word' id='word_1_801' title='bbox 710 5158 973 5222; x_wconf 83' lang='lat' dir='ltr'><strong>operante</strong></span> <span class='ocrx_word' id='word_1_802' title='bbox 1024 5150 1236 5223; x_wconf 88' lang='lat' dir='ltr'><strong>Spiritu</strong></span> <span class='ocrx_word' id='word_1_803' title='bbox 1285 5156 1477 5205; x_wconf 83' lang='lat' dir='ltr'><strong>sancto</strong></span> <span class='ocrx_word' id='word_1_804' title='bbox 1520 5168 1810 5222; x_wconf 82' lang='lat' dir='ltr'><strong>resurgere</strong></span> <span class='ocrx_word' id='word_1_805' title='bbox 1856 5158 2117 5223; x_wconf 87' lang='lat' dir='ltr'><strong>possunt;</strong></span> <span class='ocrx_word' id='word_1_806' title='bbox 2168 5153 2265 5207; x_wconf 90' lang='lat' dir='ltr'><strong>sed</strong></span> <span class='ocrx_word' id='word_1_807' title='bbox 2311 5170 2376 5208; x_wconf 88' lang='lat' dir='ltr'><strong>ex</strong></span> <span class='ocrx_word' id='word_1_808' title='bbox 2401 5153 2547 5224; x_wconf 71' lang='lat' dir='ltr'><strong>lesse</strong></span> <span class='ocrx_word' id='word_1_809' title='bbox 2598 5165 2765 5221; x_wconf 90' lang='lat' dir='ltr'><strong>quam</strong></span> <span class='ocrx_word' id='word_1_810' title='bbox 2811 5149 3196 5219; x_wconf 85' lang='lat' dir='ltr'><strong>paucissimos,</strong></span> <span class='ocrx_word' id='word_1_811' title='bbox 3248 5149 3468 5205; x_wconf 89' lang='lat' dir='ltr'><strong>interim</strong></span> <span class='ocrx_word' id='word_1_812' title='bbox 3516 5160 3700 5206; x_wconf 88' lang='lat' dir='ltr'><strong>tamen</strong></span> <span class='ocrx_word' id='word_1_813' title='bbox 3750 5171 3860 5207; x_wconf 92' lang='lat' dir='ltr'><strong>non</strong></span> <span class='ocrx_word' id='word_1_814' title='bbox 3907 5162 4100 5225; x_wconf 87' lang='lat' dir='ltr'><strong>negat,</strong></span> 
     </span>
     <span class='ocr_line' id='line_1_69' title="bbox 708 5230 4097 5308; baseline 0.001 -14"><span class='ocrx_word' id='word_1_815' title='bbox 708 5254 775 5294; x_wconf 89' lang='lat' dir='ltr'><strong>eo</strong></span> <span class='ocrx_word' id='word_1_816' title='bbox 829 5239 1079 5294; x_wconf 89' lang='lat' dir='ltr'><strong>nondum</strong></span> <span class='ocrx_word' id='word_1_817' title='bbox 1140 5236 1420 5308; x_wconf 83' lang='lat' dir='ltr'><strong>sequitur,</strong></span> <span class='ocrx_word' id='word_1_818' title='bbox 1478 5236 1627 5307; x_wconf 87' lang='lat' dir='ltr'><strong>quod</strong></span> <span class='ocrx_word' id='word_1_819' title='bbox 1684 5237 1861 5293; x_wconf 90' lang='lat' dir='ltr'><strong>renati</strong></span> <span class='ocrx_word' id='word_1_820' title='bbox 1916 5255 1952 5292; x_wconf 90' lang='lat' dir='ltr'><strong>a</strong></span> <span class='ocrx_word' id='word_1_821' title='bbox 2000 5238 2243 5308; x_wconf 85' lang='lat' dir='ltr'><strong>pcccatis</strong></span> <span class='ocrx_word' id='word_1_822' title='bbox 2295 5239 2375 5294; x_wconf 90' lang='lat' dir='ltr'><strong>in·</strong></span> <span class='ocrx_word' id='word_1_823' title='bbox 2402 5230 2407 5282; x_wconf 71' lang='grc' dir='ltr'>ἶ</span> <span class='ocrx_word' id='word_1_824' title='bbox 2431 5242 2717 5308; x_wconf 78' lang='lat' dir='ltr'><strong>peccatum</strong></span> <span class='ocrx_word' id='word_1_825' title='bbox 2754 5235 2889 5306; x_wconf 86' lang='lat' dir='ltr'><strong>ipsis</strong></span> <span class='ocrx_word' id='word_1_826' title='bbox 2926 5241 2984 5291; x_wconf 89' lang='lat' dir='ltr'><strong>et</strong></span> <span class='ocrx_word' id='word_1_827' title='bbox 3017 5235 3277 5306; x_wconf 86' lang='lat' dir='ltr'><strong>operibus</strong></span> <span class='ocrx_word' id='word_1_828' title='bbox 3301 5255 3490 5292; x_wconf 87' lang='lat' dir='ltr'><strong>eorum</strong></span> <span class='ocrx_word' id='word_1_829' title='bbox 3514 5238 3829 5294; x_wconf 86' lang='lat' dir='ltr'><strong>adhaerere.</strong></span> <span class='ocrx_word' id='word_1_830' title='bbox 3889 5246 3937 5295; x_wconf 86' lang='lat'><strong>2.</strong></span> <span class='ocrx_word' id='word_1_831' title='bbox 3960 5240 4097 5298; x_wconf 90' lang='lat' dir='ltr'><strong>Hie-</strong></span> 
     </span>
     <span class='ocr_line' id='line_1_70' title="bbox 705 5289 4097 5393; baseline 0.001 -13"><span class='ocrx_word' id='word_1_832' title='bbox 705 5323 983 5380; x_wconf 80' lang='lat' dir='ltr'><strong>firmitatis</strong></span> <span class='ocrx_word' id='word_1_833' title='bbox 1027 5340 1094 5378; x_wconf 85' lang='lat' dir='ltr'><strong>ac</strong></span> <span class='ocrx_word' id='word_1_834' title='bbox 1143 5322 1455 5378; x_wconf 85' lang='lat' dir='ltr'><strong>defectibus</strong></span> <span class='ocrx_word' id='word_1_835' title='bbox 1500 5323 1758 5392; x_wconf 87' lang='lat' dir='ltr'><strong>puritatis</strong></span> <span class='ocrx_word' id='word_1_836' title='bbox 1811 5332 1867 5378; x_wconf 90' lang='lat' dir='ltr'><strong>et</strong></span> <span class='ocrx_word' id='word_1_837' title='bbox 1913 5323 2268 5393; x_wconf 86' lang='lat' dir='ltr'><strong>perfectionis</strong></span> <span class='ocrx_word' id='word_1_838' title='bbox 2317 5324 2376 5379; x_wconf 91' lang='lat' dir='ltr'><strong>in</strong></span> <span class='ocrx_word' id='word_1_839' title='bbox 2402 5289 2407 5365; x_wconf 55' lang='lat' dir='ltr'><strong>l</strong></span> <span class='ocrx_word' id='word_1_840' title='bbox 2429 5339 2689 5393; x_wconf 81' lang='lat' dir='ltr'><strong>ronymus</strong></span> <span class='ocrx_word' id='word_1_841' title='bbox 2725 5321 2820 5375; x_wconf 90' lang='lat' dir='ltr'><strong>lib.</strong></span> <span class='ocrx_word' id='word_1_842' title='bbox 2863 5327 2910 5376; x_wconf 88' lang='lat'><strong>3.</strong></span> <span class='ocrx_word' id='word_1_843' title='bbox 2951 5320 3024 5375; x_wconf 89' lang='lat' dir='ltr'><strong>ad</strong></span> <span class='ocrx_word' id='word_1_844' title='bbox 3057 5320 3251 5393; x_wconf 88' lang='lat' dir='ltr'><strong>Pelag.</strong></span> <span class='ocrx_word' id='word_1_845' title='bbox 3292 5322 3441 5390; x_wconf 84' lang='lat' dir='ltr'><strong>dicit,</strong></span> <span class='ocrx_word' id='word_1_846' title='bbox 3469 5342 3637 5392; x_wconf 81' lang='lat' dir='ltr'><strong>posse</strong></span> <span class='ocrx_word' id='word_1_847' title='bbox 3674 5326 3948 5380; x_wconf 77' lang='lat' dir='ltr'><strong>hominem</strong></span> <span class='ocrx_word' id='word_1_848' title='bbox 3982 5347 4097 5382; x_wconf 85' lang='lat' dir='ltr'><strong>non</strong></span> 
     </span>
     <span class='ocr_line' id='line_1_71' title="bbox 706 5379 4097 5485; baseline 0.001 -21"><span class='ocrx_word' id='word_1_849' title='bbox 706 5409 812 5465; x_wconf 85' lang='lat' dir='ltr'><strong>hac</strong></span> <span class='ocrx_word' id='word_1_850' title='bbox 848 5409 968 5466; x_wconf 81' lang='lat' dir='ltr'><strong>vita</strong></span> <span class='ocrx_word' id='word_1_851' title='bbox 998 5410 1169 5480; x_wconf 80' lang='lat' dir='ltr'><strong>plane</strong></span> <span class='ocrx_word' id='word_1_852' title='bbox 1206 5407 1320 5463; x_wconf 89' lang='lat' dir='ltr'><strong>sint</strong></span> <span class='ocrx_word' id='word_1_853' title='bbox 1353 5407 1530 5462; x_wconf 88' lang='lat' dir='ltr'><strong>liberi.</strong></span> <span class='ocrx_word' id='word_1_854' title='bbox 1603 5413 1651 5464; x_wconf 83' lang='lat'><strong>3.</strong></span> <span class='ocrx_word' id='word_1_855' title='bbox 1688 5409 1817 5479; x_wconf 88' lang='lat' dir='ltr'><strong>Ipse</strong></span> <span class='ocrx_word' id='word_1_856' title='bbox 1844 5409 2215 5463; x_wconf 87' lang='lat' dir='ltr'><strong>Bellarminus</strong></span> <span class='ocrx_word' id='word_1_857' title='bbox 2250 5427 2376 5464; x_wconf 91' lang='lat' dir='ltr'><strong>con·</strong></span> <span class='ocrx_word' id='word_1_858' title='bbox 2402 5379 2407 5443; x_wconf 62' lang='lat'>¹</span> <span class='ocrx_word' id='word_1_859' title='bbox 2424 5427 2692 5480; x_wconf 82' lang='lat' dir='ltr'><strong>peccare,</strong></span> <span class='ocrx_word' id='word_1_860' title='bbox 2736 5409 2789 5461; x_wconf 80' lang='lat' dir='ltr'><strong>si</strong></span> <span class='ocrx_word' id='word_1_861' title='bbox 2825 5407 2986 5475; x_wconf 82' lang='lat' dir='ltr'><strong>velit,</strong></span> <span class='ocrx_word' id='word_1_862' title='bbox 3036 5413 3095 5462; x_wconf 92' lang='lat' dir='ltr'><strong>at</strong></span> <span class='ocrx_word' id='word_1_863' title='bbox 3133 5407 3243 5462; x_wconf 88' lang='lat' dir='ltr'><strong>late</strong></span> <span class='ocrx_word' id='word_1_864' title='bbox 3282 5409 3487 5464; x_wconf 88' lang='lat' dir='ltr'><strong>ibidem</strong></span> <span class='ocrx_word' id='word_1_865' title='bbox 3528 5418 3722 5466; x_wconf 87' lang='lat' dir='ltr'><strong>contra</strong></span> <span class='ocrx_word' id='word_1_866' title='bbox 3754 5411 4097 5485; x_wconf 88' lang='lat' dir='ltr'><strong>Pelagianos</strong></span> 
     </span>
     <span class='ocr_line' id='line_1_72' title="bbox 707 5492 4098 5568; baseline 0.001 -17"><span class='ocrx_word' id='word_1_867' title='bbox 707 5494 885 5561; x_wconf 88' lang='lat' dir='ltr'><strong>cedit,</strong></span> <span class='ocrx_word' id='word_1_868' title='bbox 950 5500 1186 5565; x_wconf 83' lang='lat' dir='ltr'><strong>peccata</strong></span> <span class='ocrx_word' id='word_1_869' title='bbox 1239 5492 1476 5549; x_wconf 82' lang='lat' dir='ltr'><strong>venialia</strong></span> <span class='ocrx_word' id='word_1_870' title='bbox 1531 5496 1695 5565; x_wconf 88' lang='lat' dir='ltr'><strong>(quae</strong></span> <span class='ocrx_word' id='word_1_871' title='bbox 1749 5494 1954 5549; x_wconf 89' lang='lat' dir='ltr'><strong>diserte</strong></span> <span class='ocrx_word' id='word_1_872' title='bbox 2006 5502 2169 5550; x_wconf 87' lang='lat' dir='ltr'><strong>vocat</strong></span> <span class='ocrx_word' id='word_1_873' title='bbox 2220 5497 2376 5551; x_wconf 78' lang='lat' dir='ltr'><strong>mala</strong></span> <span class='ocrx_word' id='word_1_874' title='bbox 2430 5496 2655 5567; x_wconf 89' lang='lat' dir='ltr'><strong>probat,</strong></span> <span class='ocrx_word' id='word_1_875' title='bbox 2702 5493 2944 5565; x_wconf 89' lang='lat' dir='ltr'><strong>peccatis</strong></span> <span class='ocrx_word' id='word_1_876' title='bbox 2993 5493 3299 5549; x_wconf 85' lang='lat' dir='ltr'><strong>venialibus</strong></span> <span class='ocrx_word' id='word_1_877' title='bbox 3340 5496 3396 5549; x_wconf 90' lang='lat' dir='ltr'><strong>in</strong></span> <span class='ocrx_word' id='word_1_878' title='bbox 3447 5497 3553 5551; x_wconf 87' lang='lat' dir='ltr'><strong>hac</strong></span> <span class='ocrx_word' id='word_1_879' title='bbox 3603 5498 3719 5553; x_wconf 89' lang='lat' dir='ltr'><strong>vita</strong></span> <span class='ocrx_word' id='word_1_880' title='bbox 3754 5497 3875 5568; x_wconf 88' lang='lat' dir='ltr'><strong>pios</strong></span> <span class='ocrx_word' id='word_1_881' title='bbox 3912 5499 4098 5555; x_wconf 89' lang='lat' dir='ltr'><strong>adhuc</strong></span> 
     </span>
     <span class='ocr_line' id='line_1_73' title="bbox 709 5577 4095 5654; baseline 0.002 -19"><span class='ocrx_word' id='word_1_882' title='bbox 709 5581 922 5654; x_wconf 78' lang='lat' dir='ltr'><strong>opera)</strong></span> <span class='ocrx_word' id='word_1_883' title='bbox 953 5580 1210 5652; x_wconf 85' lang='lat' dir='ltr'><strong>justitiae</strong></span> <span class='ocrx_word' id='word_1_884' title='bbox 1245 5577 1452 5635; x_wconf 80' lang='lat' dir='ltr'><strong>actuali</strong></span> <span class='ocrx_word' id='word_1_885' title='bbox 1474 5586 1792 5636; x_wconf 87' lang='lat' dir='ltr'><strong>renatorum</strong></span> <span class='ocrx_word' id='word_1_886' title='bbox 1815 5579 2060 5634; x_wconf 83' lang='lat' dir='ltr'><strong>admixta</strong></span> <span class='ocrx_word' id='word_1_887' title='bbox 2083 5596 2218 5637; x_wconf 89' lang='lat' dir='ltr'><strong>esse.</strong></span> <span class='ocrx_word' id='word_1_888' title='bbox 2276 5583 2376 5638; x_wconf 88' lang='lat' dir='ltr'><strong>At—</strong></span> <span class='ocrx_word' id='word_1_889' title='bbox 2431 5579 2697 5636; x_wconf 84' lang='lat' dir='ltr'><strong>obnoxios</strong></span> <span class='ocrx_word' id='word_1_890' title='bbox 2746 5596 2881 5634; x_wconf 89' lang='lat' dir='ltr'><strong>esse.</strong></span> <span class='ocrx_word' id='word_1_891' title='bbox 2966 5582 3118 5652; x_wconf 85' lang='lat' dir='ltr'><strong>Ergo</strong></span> <span class='ocrx_word' id='word_1_892' title='bbox 3171 5582 3240 5637; x_wconf 90' lang='lat' dir='ltr'><strong>de</strong></span> <span class='ocrx_word' id='word_1_893' title='bbox 3282 5583 3529 5652; x_wconf 87' lang='lat' dir='ltr'><strong>peccatis</strong></span> <span class='ocrx_word' id='word_1_894' title='bbox 3576 5592 3766 5638; x_wconf 86' lang='lat' dir='ltr'><strong>contra</strong></span> <span class='ocrx_word' id='word_1_895' title='bbox 3814 5586 4095 5642; x_wconf 86' lang='lat' dir='ltr'><strong>conscien-</strong></span> 
     </span>
     <span class='ocr_line' id='line_1_74' title="bbox 711 5665 4099 5742; baseline 0.001 -18"><span class='ocrx_word' id='word_1_896' title='bbox 711 5666 811 5740; x_wconf 80' lang='lat' dir='ltr'><strong>qui</strong></span> <span class='ocrx_word' id='word_1_897' title='bbox 842 5665 942 5721; x_wconf 84' lang='lat' dir='ltr'><strong>illa</strong></span> <span class='ocrx_word' id='word_1_898' title='bbox 977 5666 1103 5737; x_wconf 74' lang='lat' dir='ltr'><strong>ipss</strong></span> <span class='ocrx_word' id='word_1_899' title='bbox 1136 5672 1370 5738; x_wconf 83' lang='lat' dir='ltr'><strong>peccata</strong></span> <span class='ocrx_word' id='word_1_900' title='bbox 1402 5665 1642 5722; x_wconf 84' lang='lat' dir='ltr'><strong>venialia</strong></span> <span class='ocrx_word' id='word_1_901' title='bbox 1669 5667 2027 5737; x_wconf 84' lang='lat' dir='ltr'><strong>prohibentur</strong></span> <span class='ocrx_word' id='word_1_902' title='bbox 2064 5684 2132 5722; x_wconf 87' lang='lat' dir='ltr'><strong>ac</strong></span> <span class='ocrx_word' id='word_1_903' title='bbox 2175 5668 2254 5739; x_wconf 90' lang='lat' dir='ltr'><strong>pii</strong></span> <span class='ocrx_word' id='word_1_904' title='bbox 2282 5670 2376 5723; x_wconf 89' lang='lat' dir='ltr'><strong>ad·</strong></span> <span class='ocrx_word' id='word_1_905' title='bbox 2430 5667 2565 5721; x_wconf 90' lang='lat' dir='ltr'><strong>tiam</strong></span> <span class='ocrx_word' id='word_1_906' title='bbox 2622 5666 2845 5738; x_wconf 88' lang='lat' dir='ltr'><strong>proprie</strong></span> <span class='ocrx_word' id='word_1_907' title='bbox 2897 5667 3171 5739; x_wconf 89' lang='lat' dir='ltr'><strong>loquitur,</strong></span> <span class='ocrx_word' id='word_1_908' title='bbox 3224 5668 3376 5739; x_wconf 90' lang='lat' dir='ltr'><strong>quod</strong></span> <span class='ocrx_word' id='word_1_909' title='bbox 3425 5687 3524 5740; x_wconf 88' lang='lat' dir='ltr'><strong>per</strong></span> <span class='ocrx_word' id='word_1_910' title='bbox 3575 5670 3686 5725; x_wconf 89' lang='lat' dir='ltr'><strong>Dei</strong></span> <span class='ocrx_word' id='word_1_911' title='bbox 3737 5671 3975 5742; x_wconf 87' lang='lat' dir='ltr'><strong>gratiam</strong></span> <span class='ocrx_word' id='word_1_912' title='bbox 4030 5690 4099 5727; x_wconf 84' lang='lat' dir='ltr'><strong>ea</strong></span> 
     </span>
     <span class='ocr_line' id='line_1_75' title="bbox 710 5752 4098 5831; baseline 0.001 -21"><span class='ocrx_word' id='word_1_913' title='bbox 710 5756 1034 5817; x_wconf 82' lang='lat' dir='ltr'><strong>monentur,</strong></span> <span class='ocrx_word' id='word_1_914' title='bbox 1080 5758 1143 5807; x_wconf 86' lang='lat' dir='ltr'><strong>ut</strong></span> <span class='ocrx_word' id='word_1_915' title='bbox 1186 5752 1260 5809; x_wconf 83' lang='lat' dir='ltr'><strong>ab</strong></span> <span class='ocrx_word' id='word_1_916' title='bbox 1309 5752 1421 5808; x_wconf 86' lang='lat' dir='ltr'><strong>illis</strong></span> <span class='ocrx_word' id='word_1_917' title='bbox 1470 5752 1818 5822; x_wconf 85' lang='lat' dir='ltr'><strong>abstineant,</strong></span> <span class='ocrx_word' id='word_1_918' title='bbox 1861 5770 1996 5807; x_wconf 91' lang='lat' dir='ltr'><strong>num</strong></span> <span class='ocrx_word' id='word_1_919' title='bbox 2037 5770 2169 5809; x_wconf 81' lang='lat' dir='ltr'><strong>vero</strong></span> <span class='ocrx_word' id='word_1_920' title='bbox 2209 5771 2277 5810; x_wconf 88' lang='lat' dir='ltr'><strong>ex</strong></span> <span class='ocrx_word' id='word_1_921' title='bbox 2312 5772 2377 5811; x_wconf 90' lang='lat' dir='ltr'><strong>eo</strong></span> <span class='ocrx_word' id='word_1_922' title='bbox 2431 5753 2617 5809; x_wconf 82' lang='lat' dir='ltr'><strong>caveri</strong></span> <span class='ocrx_word' id='word_1_923' title='bbox 2667 5753 2897 5826; x_wconf 86' lang='lat' dir='ltr'><strong>possint.</strong></span> <span class='ocrx_word' id='word_1_924' title='bbox 2981 5754 3123 5810; x_wconf 88' lang='lat' dir='ltr'><strong>Item</strong></span> <span class='ocrx_word' id='word_1_925' title='bbox 3175 5757 3326 5827; x_wconf 90' lang='lat' dir='ltr'><strong>quod</strong></span> <span class='ocrx_word' id='word_1_926' title='bbox 3384 5756 3571 5829; x_wconf 89' lang='lat' dir='ltr'><strong>aliquo</strong></span> <span class='ocrx_word' id='word_1_927' title='bbox 3628 5766 3875 5831; x_wconf 86' lang='lat' dir='ltr'><strong>tempore</strong></span> <span class='ocrx_word' id='word_1_928' title='bbox 3926 5758 4098 5814; x_wconf 87' lang='lat' dir='ltr'><strong>etiam</strong></span> 
     </span>
     <span class='ocr_line' id='line_1_76' title="bbox 709 5838 4096 5914; baseline 0.002 -20"><span class='ocrx_word' id='word_1_929' title='bbox 709 5838 985 5914; x_wconf 75' lang='lat' dir='ltr'><strong>seqnitur,</strong></span> <span class='ocrx_word' id='word_1_930' title='bbox 1035 5838 1185 5912; x_wconf 86' lang='lat' dir='ltr'><strong>qnod</strong></span> <span class='ocrx_word' id='word_1_931' title='bbox 1235 5838 1296 5894; x_wconf 86' lang='lat' dir='ltr'><strong>in</strong></span> <span class='ocrx_word' id='word_1_932' title='bbox 1343 5838 1450 5894; x_wconf 84' lang='lat' dir='ltr'><strong>hac</strong></span> <span class='ocrx_word' id='word_1_933' title='bbox 1493 5838 1613 5896; x_wconf 79' lang='lat' dir='ltr'><strong>vita</strong></span> <span class='ocrx_word' id='word_1_934' title='bbox 1653 5839 1726 5896; x_wconf 86' lang='lat' dir='ltr'><strong>ab</strong></span> <span class='ocrx_word' id='word_1_935' title='bbox 1765 5838 1877 5895; x_wconf 89' lang='lat' dir='ltr'><strong>illis</strong></span> <span class='ocrx_word' id='word_1_936' title='bbox 1911 5838 2133 5910; x_wconf 87' lang='lat' dir='ltr'><strong>penitus</strong></span> <span class='ocrx_word' id='word_1_937' title='bbox 2166 5839 2279 5895; x_wconf 86' lang='lat' dir='ltr'><strong>sint</strong></span> <span class='ocrx_word' id='word_1_938' title='bbox 2310 5840 2374 5895; x_wconf 91' lang='lat' dir='ltr'><strong>li·</strong></span> <span class='ocrx_word' id='word_1_939' title='bbox 2429 5839 2671 5898; x_wconf 73' lang='lat' dir='ltr'><strong>venialis</strong></span> <span class='ocrx_word' id='word_1_940' title='bbox 2728 5846 2957 5898; x_wconf 86' lang='lat' dir='ltr'><strong>externa</strong></span> <span class='ocrx_word' id='word_1_941' title='bbox 3005 5842 3190 5900; x_wconf 78' lang='lat' dir='ltr'><strong>caveri</strong></span> <span class='ocrx_word' id='word_1_942' title='bbox 3233 5842 3483 5914; x_wconf 88' lang='lat' dir='ltr'><strong>possint,</strong></span> <span class='ocrx_word' id='word_1_943' title='bbox 3535 5849 3595 5899; x_wconf 89' lang='lat' dir='ltr'><strong>at</strong></span> <span class='ocrx_word' id='word_1_944' title='bbox 3642 5861 3710 5900; x_wconf 86' lang='lat' dir='ltr'><strong>ex</strong></span> <span class='ocrx_word' id='word_1_945' title='bbox 3747 5863 3812 5902; x_wconf 91' lang='lat' dir='ltr'><strong>eo</strong></span> <span class='ocrx_word' id='word_1_946' title='bbox 3846 5845 4096 5902; x_wconf 85' lang='lat' dir='ltr'><strong>nondum</strong></span> 
     </span>
    </p>
   </div>
   <div class='ocr_carea' id='block_1_34' title="bbox 4128 4186 4296 4225">
    <p class='ocr_par' dir='ltr' id='par_1_35' title="bbox 4128 4186 4296 4225">
     <span class='ocr_line' id='line_1_77' title="bbox 4128 4186 4296 4225; baseline 0.006 -1"><span class='ocrx_word' id='word_1_947' title='bbox 4128 4186 4261 4225; x_wconf 78' lang='lat' dir='ltr'><strong>Pstru</strong></span> <span class='ocrx_word' id='word_1_948' title='bbox 4269 4199 4296 4225; x_wconf 86' lang='lat' dir='ltr'><strong>n</strong></span> 
     </span>
    </p>
   </div>
  </div>
 </body>
</html>
