4800 6659
944 476 1359 539 namcuonmmsno.
1939 460 2002 548 rai

292 643 457 695 mnsam
492 635 671 711 Consequens
690 637 855 703 absurdum,
880 634 948 710 'quis
964 652 1066 692 nornen
1084 633 1138 689 Dei
1167 634 1349 706 spondemus:
1369 641 1392 693 t.
1406 637 1577 693 consecratio
1588 636 1637 692 ills
1648 648 1737 711 squas
1749 634 1909 694 destituitur
1916 634 2002 694 uerbo

294 742 356 780 non
375 729 420 781 est
436 726 647 789 mmmeudum,
667 724 697 779 in
714 740 825 780 uanum
850 723 939 780 Exod.
958 728 1005 792 ιθ,
1022 741 1049 777 τ.
1067 722 1138 778 *ti*
1164 719 1225 775 Dei.
1268 729 1292 779 ι.
1317 721 1401 778 Caret
1435 723 1561 793 exemplo
1589 723 1724 779 iohannis
1752 728 1780 780 et
1807 722 2003 797 apostolorum,

296 811 385 875 Quod
404 810 532 867 Christus
548 812 578 866 in
595 828 646 866 suo
666 810 873 881 baptismonon
886 809 1065 874 consecravit,
1083 824 1138 861 non
1165 807 1212 878 qui
1231 807 1341 863 obuiam
1361 809 1487 881 quamvis
1506 825 1608 880 aquam
1625 809 1788 880 baptismati
1808 809 2001 868 adhibuerunt.

294 904 395 969 potest
420 915 482 954 esse
506 898 648 952 lavacrum
672 896 898 969 regenerationis.
939 896 1028 967 Atqui
1053 894 1137 950 solam
1164 894 1293 950 Justiuus
1311 895 1383 965 apol.
1403 901 1427 950 ι.
1445 912 1497 966 ρτο
1516 894 1616 950 Christ.
1643 914 1670 967 p.
1691 902 1731 953 73.
1762 899 1906 950 credentes
1928 903 2001 950 cate·

297 1002 405 1056 squam
424 983 549 1041 Christus
568 984 598 1038 iu
614 983 752 1055 baptismo
771 983 830 1040 solo
847 983 1026 1044 consecravit.
1053 981 1138 1053 Ergo.
1163 981 1310 1036 edumenos
1326 999 1358 1037 eo
1377 983 1487 1036 adduci
1503 981 1555 1047 ait,
1575 982 1627 1035 ubi
1642 989 1683 1035 est
1701 999 1792 1051 amsa,
1815 1000 1872 1051 qua
1890 982 1943 1036 loti
1958 997 2002 1035 re-

295 1072 387 1127 rides
410 1077 441 1127 st
466 1070 581 1126 uerbum
604 1070 709 1126 habent
731 1088 761 1126 ss
784 1064 927 1126 correlate.
964 1068 1138 1125 substituere
1162 1075 1349 1136 penerantur5
1375 1085 1408 1123 sx
1435 1086 1491 1140 quo
1511 1073 1635 1137 constat,
1660 1067 1814 1141 simplicem
1832 1075 1861 1124 et
1879 1085 2001 1124 commu·

296 1157 439 1229 liquorem
454 1156 542 1212 alium
559 1156 589 1210 in
606 1172 696 1228 aquae
715 1155 807 1211 locum
824 1155 983 1211 daumitur
999 1154 1072 1209 omni
1084 1153 1138 1229 Dei
1163 1171 1227 1208 nem
1255 1170 1356 1225 aquam
1382 1155 1419 1209 ad
1437 1154 1638 1226 baptizandum
1655 1155 1720 1210 olim
1737 1154 1823 1211 inisse
1840 1155 2001 1212 adhibitam.

296 1243 396 1300 verbo.
429 1242 506 1315 Ergo
529 1260 586 1299 non
605 1243 638 1298 iit
656 1260 690 1298 cx
708 1241 770 1298 fida
808 1247 833 1299 2.
852 1241 1017 1312 baptizatus
1034 1241 1089 1295 alio
1106 1239 1138 1294 li·
1165 1248 1188 1297 3.
1208 1240 1335 1313 Derogat
1357 1241 1494 1297 elemento
1517 1260 1621 1314 aquae,
1647 1259 1719 1314 quae
1741 1259 1792 1316 per
1812 1260 1842 1298 se
1867 1248 1908 1298 est
1926 1241 2002 1299 bona

297 1347 390 1403 quoto
405 1329 548 1401 perpetuis
563 1329 666 1384 diaboli
677 1328 878 1385 tentationibus
892 1333 1052 1399 exponetur,
1069 1342 1137 1380 sem·
1164 1327 1219 1382 Dei
1237 1334 1365 1383 creatura
1383 1328 1468 1383 nullis
1486 1329 1616 1401 indigens
1634 1329 1805 1404 erepcismis,
1832 1328 1898 1400 quin
1916 1328 2002 1386 otiam

296 1435 351 1489 per
372 1417 446 1473 euim
464 1416 612 1485 dubitabit,
630 1434 667 1471 au
684 1417 737 1471 rite
757 1414 972 1486 sitbaptisatus,
992 1427 1140 1483 cnmaqna
1165 1432 1216 1485 per
1248 1414 1450 1470 institutionem
1478 1414 1581 1470 Christi
1607 1415 1747 1486 baptismo
1771 1420 1942 1485 consecrate,
1972 1415 2002 1471 in

299 1512 440 1575 tanquam
471 1503 625 1559 essentialis
653 1519 719 1574 pars
745 1500 875 1557 abfuerit.
916 1506 940 1555 3.
967 1498 1139 1571 Opponimus
1165 1501 1227 1571 ipso
1244 1499 1347 1554 Christi
1366 1501 1506 1572 baptismo
1524 1501 1709 1566 sanctificata,
1735 1501 1791 1557 imo
1814 1502 1843 1556 in
1860 1507 1925 1556 actu
1941 1501 2002 1573 ipso

297 1591 390 1663 igitur
406 1590 498 1646 Besae
520 1588 687 1660 complicum
709 1604 823 1643 suorum
840 1588 961 1644 saniores
981 1585 1139 1642 sententias.
1165 1587 1328 1656 baptizandi
1345 1605 1396 1658 per
1413 1589 1529 1644 verbum
1549 1587 1617 1656 Dei,
1635 1605 1686 1659 per
1703 1604 1801 1659 preces
1823 1595 1851 1644 et
1868 1587 2002 1659 Spiritum

298 1676 437 1733 Calvinus
463 1675 553 1731 libs.
580 1674 667 1730 instit
686 1691 710 1733 o.
731 1682 770 1732 15.
797 1672 824 1751 ξ.
846 1679 894 1730 te:
925 1674 1007 1728 Nibil
1030 1673 1077 1726 bic
1099 1679 1140 1725 est
1167 1680 1294 1728 sanctum
1327 1672 1361 1728 lit
1394 1689 1468 1745 aqua
1500 1674 1631 1729 salutaris
1664 1674 1811 1731 abluendis
1842 1673 2002 1730 criminibus

297 1763 346 1818 oei
372 1763 512 1831 mnata,
542 1762 586 1816 cei
612 1762 728 1832 meiius,
758 1763 803 1817 cel
826 1763 926 1830 tutius,
956 1777 1040 1832 mam
1058 1759 1141 1812 unius
1166 1766 1242 1831 apta.
1279 1760 1455 1833 Augustinus
1473 1779 1552 1817 serm
1567 1767 1608 1818 ³7.
1629 1762 1663 1818 de
1674 1768 1771 1834 temp:
1793 1763 1893 1817 Omnes
1909 1776 2001 1833 aquae

298 1849 412 1904 Christi
436 1849 605 1903 αιιιιοτὲιαιι
632 1865 682 1903 nos
712 1865 770 1902 esse
798 1856 947 1903 contentos.
992 1845 1140 1901 Zacharias
1167 1866 1186 1901 a
1211 1846 1324 1902 Christo
1344 1849 1374 1902 in
1398 1849 1530 1903 Jordane
1553 1859 1733 1905 consecratae
1751 1857 1824 1907 suut.
1859 1857 1883 1905 4.
1902 1847 2003 1906 Canae·

298 1936 423 1994 Ursinus
446 1941 519 2007 part.
541 1942 562 1993 1.
582 1952 656 2007 oper.
674 1935 795 2007 theolog.
819 1932 866 1990 fol.
887 1940 946 1991 345.
966 1933 995 1988 in
1014 1932 1084 2003 disp.
1105 1933 1139 1988 de
1166 1934 1317 1990 orationem
1346 1935 1424 1990 illam
1456 1952 1546 2007 aquae
1571 1935 1712 1993 Pontificii
1739 1955 1794 1992 nou
1819 1937 1925 1992 habent
1951 1952 2003 2008 pro

298 2040 418 2080 sacram
434 2023 464 2077 in
481 2039 583 2094 genam
600 2022 672 2078 thesi
690 2027 731 2077 it.
760 2020 826 2075 edit.
850 2037 914 2075 ann.
937 2026 1018 2076 1587:
1052 2020 1139 2088 Siqua
1166 2023 1224 2077 ritu
1248 2020 1414 2092 adiaphoro,
1442 2024 1491 2078 sed
1515 2023 1672 2080 necessaria
1697 2023 1784 2078 divini
1806 2022 1897 2078 cultus
1914 2028 2002 2095 parta.

298 2119 422 2176 ιιιιιιαιο,
439 2112 485 2166 ael
501 2111 532 2164 in
549 2110 639 2164 alium
657 2127 738 2162 mum
757 2124 898 2175 conuerso,
919 2108 963 2160 uei
975 2114 1064 2177 paeto
1083 2124 1139 2159 uon
1166 2106 1363 2163 Beneventum
1382 2108 1443 2164 libr.
1458 2116 1481 2166 ι.
1502 2115 1571 2166 sent.
1587 2109 1649 2164 dist.
1662 2114 1687 2167 3.
1701 2110 1836 2178 concedit,
1858 2112 1934 2180 quod
1944 2127 2000 2165 non

299 2200 448 2253 obsmuto
475 2197 631 2267 sponsoris
648 2212 797 2250 coruscasse
820 2194 971 2262 amstdtur,
999 2195 1060 2247 sine
1085 2210 1139 2262 quo
1166 2197 1201 2250 de
1220 2195 1397 2265 necessitate,
1415 2198 1468 2249 sed
1484 2197 1520 2250 de
1538 2214 1661 2267 conprsm
1679 2198 1856 2267 requiratur,
1873 2205 1904 2259 ut
1922 2201 2000 2270 aqua

299 2285 374 2340 arbai
397 2285 547 2352 confirmat
570 2283 694 2337 arrhabo
716 2282 759 2336 uei
777 2281 901 2351 sianum,
926 2289 958 2334 ut
975 2282 1002 2333 si
1019 2297 1139 2349 eporssus
1166 2281 1342 2352 baptismatis
1361 2282 1398 2336 sit
1417 2283 1504 2352 prius
1522 2283 1698 2348 sanctificata
1717 2303 1736 2337 a
1755 2285 1936 2355 presbyter05
1960 2283 2001 2341 iu·

299 2374 350 2426 det
365 2371 514 2433 nundum,
529 2388 585 2425 non
598 2371 735 2439 proderit
751 2385 872 2440 sponsae
889 2369 1064 2438 suppositum
1083 2384 1139 2420 mo·
1164 2367 1245 2424 terim
1264 2373 1357 2423 tamen
1373 2367 1466 2433 addit,
1485 2371 1659 2425 sacerdotem
1676 2372 1860 2442 baptizantem
1878 2373 1908 2425 in
1925 2389 2002 2442 aqua

299 2459 360 2513 sue
376 2458 423 2513 cel
440 2474 582 2525 nummus,
599 2474 655 2510 uon
672 2462 804 2525 aquescet
821 2453 893 2507 enim
912 2456 984 2508 breue
1002 2454 1139 2507 arrhabo·
1166 2474 1222 2510 non
1249 2457 1429 2521 candificata
1455 2464 1534 2510 entra
1561 2458 1735 2513 necessitatis
1762 2477 1857 2513 casum
1880 2474 2002 2529 peccare

300 2563 379 2610 nem,
405 2545 456 2614 qui
479 2545 598 2598 dederat
616 2543 759 2597 annulum.
796 2542 927 2597 Bucanus
947 2541 981 2597 de
999 2539 1139 2611 baptismo
1165 2542 1331 2597 mortaliter.
1378 2542 1544 2612 Baptismus
1571 2545 1650 2598 debet
1673 2546 1739 2609 fieri
1763 2563 1826 2599 cum
1852 2546 2000 2601 chrismate

299 2632 362 2687 loca
380 2636 425 2688 47.
442 2648 471 2701 ρ.
491 2635 554 2686 626:
577 2631 706 2684 Materia
724 2637 839 2683 estana
858 2629 990 2699 baptismi
1004 2635 1046 2680 est
1063 2644 1139 2697 aqua
1165 2629 1246 2683 illins
1264 2629 1347 2693 anni,
1375 2630 1461 2683 aliter
1478 2629 1597 2700 punitur
1614 2633 1764 2702 sacerdos,
1786 2633 1815 2686 si
1837 2642 1935 2687 contra
1952 2634 2001 2701 se·

299 2737 381 2788 cera,
399 2735 493 2788 pura,
517 2719 624 2771 munda
648 2726 673 2769 ct
691 2716 831 2770 amuralis
851 2723 876 2768 et
896 2716 956 2768 eine
976 2714 1139 2768 ds'scrimiue
1166 2715 1236 2768 ecrit
1258 2715 1316 2768 nisi
1338 2714 1366 2768 in
1387 2716 1553 2772 necessitate
1571 2735 1594 2774 c.
1626 2716 1657 2772 Si
1676 2718 1737 2790 quis
1755 2717 1790 2773 de
1809 2719 1872 2773 alio.
1892 2719 1955 2776 dist.
1976 2726 2000 2776 4.

299 2806 435 2875 simplas,
462 2804 591 2874 sulpuris
609 2810 635 2856 et
652 2803 748 2871 obuia,
771 2818 828 2856 uon
845 2802 948 2869 mima,
974 2818 1030 2854 non
1052 2801 1137 2854 medi·
1166 2801 1201 2856 de
1217 2816 1339 2856 consecr.
1373 2801 1418 2857 Ita
1437 2802 1774 2875 quoqne'l'oletanuslib.
1793 2810 1817 2861 2.
1837 2805 2001 2861 deensibus

300 2899 379 2960 cata,
409 2908 467 2946 non
484 2890 586 2958 sacta,
616 2905 672 2942 riou
696 2888 855 2957 stillatitia,
881 2903 931 2940 nec
950 2886 1027 2940 alius
1044 2886 1138 2956 liquor
1165 2904 1257 2942 conse.
1278 2905 1301 2944 e.
1325 2893 1370 2944 te:
1400 2889 1505 2942 Pereat
1527 2890 1700 2960 mortaliter,
1727 2891 1778 2962 qui
1800 2891 1830 2945 in
1850 2910 1926 2962 aqua
1944 2911 2000 2950 non

298 2978 421 3078 amplum
438 2985 465 3032 et
481 2977 623 3046 culparis,
651 2992 707 3028 non
725 2974 830 3039 oleum,
857 2990 914 3026 non
931 2974 1060 3041 sanquis,
1082 2990 1138 3026 non
1164 2975 1311 3029 benedicta
1330 2975 1461 3046 baptizat.

298 3066 376 3136 ipsis
399 3081 457 3118 non
482 3065 624 3131 sabulum,
652 3069 701 3114 aut
727 3062 812 3115 aliud
831 3060 950 3131 quodvis
968 3061 1136 3114 elementum
1199 3069 1241 3119 75
1277 3062 1426 3128 Quaeritur
1444 3063 1592 3120 hocloco:
1614 3068 1638 3120 1.
1659 3063 1754 3128 Quare
1774 3064 1905 3121 Deussn
1923 3084 2000 3168 aqua
2012 3069 2087 3121 0¹¹⁸·-

299 3151 408 3208 Besa
400 3166 461 3221 ipss
483 3155 554 3220 part
581 3154 605 3204 2.
629 3164 702 3218 resp.
728 3147 765 3202 ad
791 3153 846 3204 act.
864 3145 964 3218 colloq.
986 3144 1136 3218 Mompelg.
1164 3150 1332 3218 baptismum
1352 3150 1423 3220 fieri
1446 3151 1587 3207 coluerit!
1619 3149 1847 3223 Respondemus.
1873 3122 2135 3225 quamvisiniriu·

298 3258 327 3311 ρ
347 3236 576 3295 41.stta.sdit
592 3234 871 3293 Genev.ann.1588.
891 3233 1001 3289 statuit·
1021 3233 1138 3305 Baptis-
1163 3234 1284 3291 rationes
1314 3236 1468 3292 diuinorum
1499 3235 1675 3292 consiliorum
1702 3237 1782 3292 nobis
1810 3255 1866 3293 non
1891 3227 2119 3318 semperffimm,

299 3343 374 3379 mum
398 3332 425 3377 et
449 3322 612 3390 ιαιιριιιιιιιιι
631 3322 753 3390 proprie
776 3337 835 3374 esse
856 3329 957 3391 partes
976 3320 1138 3374 essentiales
1163 3328 1302 3393 constent,
1330 3340 1392 3378 eum
1419 3323 1496 3379 Deus
1522 3322 1559 3376 sit
1576 3322 1739 3378 mirabilis'
1732 3341 1761 3377 m
1780 3325 1910 3396 operibus
1931 3326 1997 3393 suis,
2011 3329 2029 3371 ¹
2041 3289 2127 3381 liure

301 3410 443 3481 baptismi.
469 3408 558 3480 Atqui
578 3405 690 3461 sublata
707 3411 789 3476 parto
806 3407 955 3476 essentiali,
973 3424 1029 3461 non
1046 3411 1138 3477 potest
1163 3426 1219 3463 non
1238 3416 1332 3465 tamen
1351 3409 1471 3467 absurde
1492 3410 1602 3479 dicitnr,
1622 3409 1759 3482 placuisse
1777 3411 1837 3469 Deo
1852 3413 1888 3467 ad
1908 3431 1997 3470 sacra·
1991 3369 2121 3482 iii-'ii-

301 3497 380 3552 sslra
395 3512 508 3551 manere
523 3493 609 3550 totius
626 3493 754 3548 essentis.
1163 3497 1299 3552 tissimum
1331 3497 1462 3568 baptismi
1496 3504 1698 3553 sacramentum
1730 3516 1831 3572 aquam
1863 3500 1997 3571 adhiberi,
2010 3487 2119 3577 {2¹:12¹ss

216 3615 247 3654 μ.
339 3590 380 3641 73.
409 3583 508 3638 Posset
532 3587 626 3636 autem
650 3597 700 3651 pro
724 3578 854 3651 opinions
877 3579 969 3636 Bezae
987 3580 1023 3635 de
1041 3579 1138 3652 quovis
1168 3591 1189 3641 t.
1214 3590 1328 3656 propter
1349 3583 1543 3639 vaticiniorum
1570 3600 1604 3639 sc
1629 3590 1759 3656 typorum
1782 3586 1817 3642 V.
1839 3586 1873 3643 T.
1898 3585 1997 3643 uerita·
2010 3589 2085 3630 Μ·

216 3712 277 3759 ,ψ
216 3660 445 3742 ”liquore
438 3687 467 3724 ru
493 3684 559 3723 casu
586 3665 758 3722 necessitatis
784 3664 944 3722 adhibendo
966 3666 1060 3722 afferri
1078 3666 1138 3731 hoc,
1164 3676 1235 3739 tem,
1266 3677 1288 3728 2
1308 3677 1421 3743 propter
1445 3686 1580 3725 summam
1596 3671 1680 3743 hujus
1700 3672 1864 3728 sacramenti
1880 3670 1997 3728 necessi·

216 3767 290 3810 atta
303 3758 419 3830 quod'
406 3776 438 3811 m
462 3773 531 3809 casu
553 3754 727 3808 securitatis
749 3761 820 3807 mei
839 3754 989 3823 dispositio
1007 3756 1042 3806 de
1058 3754 1138 3806 mini·
1164 3764 1264 3829 tatem,
1290 3766 1323 3814 ut
1345 3758 1452 3814 scilicet
1470 3757 1561 3812 ubivis
1581 3760 1697 3814 materia
1714 3760 1843 3831 baptismi
1863 3768 1934 3815 esset
1949 3758 1998 3814 ob·

216 3839 261 3923 :2
303 3855 363 3900 stro
380 3844 515 3899 ecclesiae
531 3841 895 3911 ordnariotapetsmtcod
895 3849 981 3895 atore.
1014 3841 1139 3911 Respon·
1165 3845 1219 3914 ria,
1238 3862 1289 3900 nec
1308 3852 1422 3919 propter
1442 3845 1582 3901 deiectum
1595 3846 1719 3902 homines
1736 3845 1998 3919 periculumsalutis

303 3933 414 3989 demus:
440 3935 482 3987 est
500 3929 595 4001 dispar
613 3929 710 3984 ratio
702 3946 731 3982 m
750 3928 819 3998 illis,
846 3945 918 3999 quae
937 3932 968 3981 ut
988 3927 1068 3999 paria
1085 3927 1139 3984 hoc
1165 3933 1351 4001 incurrerent3
1385 3939 1408 3988 3.
1430 3938 1544 4003 propter
1571 3949 1661 4004 aquae
1684 3933 1818 3989 naturalis
1846 3933 1998 4006 proprieta-

301 4021 362 4075 loco
384 4017 573 4073 conferuntur.
609 4014 730 4070 Ministri
756 4014 924 4085 baptizantis
946 4014 1066 4086 qualitas
1083 4032 1139 4071 non
1165 4027 1231 4075 tsm.
1268 4020 1346 4077 Sicut
1366 4036 1439 4091 aqua
1463 4019 1558 4075 sordes
1576 4019 1698 4090 corporis
1714 4018 1817 4090 abluit,
1838 4019 1877 4074 sic
1894 4017 1998 4089 baptis·

300 4114 344 4162 est
365 4123 432 4178 pars
456 4103 609 4159 essentialis
634 4101 778 4173 baptismi,
808 4118 871 4156 cum
896 4117 981 4157 causa
1007 4102 1139 4168 efficiens,
1166 4124 1227 4161 mus
1246 4105 1336 4161 abluit
1353 4111 1439 4160 sortes
1458 4107 1566 4163 mentis.
1601 4105 1703 4162 Ezech.
1723 4097 1772 4175 3'6,
1788 4123 1814 4160 v.
1832 4110 1880 4160 25:
1899 4106 1998 4176 Effica-

300 4193 466 4267 proewtim
495 4190 695 4256 ministeriali&
726 4206 868 4259 nunquam
900 4187 1071 4258 ingrediatur
1100 4187 1140 4242 rei
1166 4197 1234 4248 dam
1251 4210 1335 4262 super
1352 4210 1401 4246 vos
1419 4209 1522 4262 aquam
1540 4194 1673 4246 mundam
1697 4199 1724 4245 et
1742 4191 1947 4245 mundabimini
1963 4191 1999 4245 ab

301 4280 465 4348 esmntiam
493 4279 542 4334 sed
573 4294 646 4349 aqua
677 4282 720 4332 est
744 4275 860 4331 materia
881 4291 915 4329 ae
941 4274 1057 4344 proinde
1075 4291 1140 4344 pars
1167 4281 1292 4333 omnibus
1325 4279 1509 4333 immunditiis
1538 4279 1645 4334 uestris.
1693 4285 1714 4334 l.
1737 4277 1811 4335 Petr.
1841 4283 1872 4346 3,
1901 4296 1927 4335 v.
1954 4282 2000 4334 tt:

300 4366 435 4438 baptismi
459 4365 629 4428 essentialis,
656 4380 722 4436 ergo
746 4363 775 4418 in
793 4379 860 4417 casu
878 4361 1051 4417 necessitatis
1069 4361 1140 4416 alius
1166 4367 1317 4435 Baptisma
1345 4383 1401 4419 non
1424 4374 1464 4419 est
1490 4366 1629 4437 depositio
1656 4366 1783 4420 sordium
1809 4364 1918 4434 carnis,
1949 4364 2002 4419 sed

300 4472 386 4527 qnam
420 4451 576 4507 ordinarius
608 4452 744 4507 eeclesiae
771 4450 896 4505 minister
918 4450 954 4504 ad
978 4449 1139 4519 baptizandi
1166 4453 1349 4507 conscientiae
1369 4453 1456 4506 bonae
1475 4452 1658 4521 interropatio
1677 4469 1746 4522 erpa
1759 4454 1859 4507 Deum.
1882 4450 1999 4508 Ambro-

300 4539 486 4596 ministsrium
502 4539 627 4594 adhiberi
646 4539 767 4610 poterit,
786 4553 964 4609 nequaqnam
984 4551 1049 4591 vero
1069 4536 1139 4590 abus
1165 4539 1222 4593 sius
1242 4538 1271 4592 in
1292 4554 1315 4592 c.
1337 4543 1359 4593 6.
1379 4538 1415 4593 ad
1433 4539 1526 4593 Rom:
1557 4538 1627 4592 ldec
1650 4556 1703 4609 per
1721 4556 1824 4609 aquam
1841 4539 2002 4594 celebraturi

299 4629 392 4699 liquor
409 4626 439 4679 in
458 4640 548 4696 aquae
567 4625 659 4680 locum
678 4624 817 4679 substitui.
853 4622 963 4679 Deinde
982 4623 1056 4694 quod
1075 4616 1139 4676 laici
1166 4626 1331 4694 baptismum,
1349 4633 1379 4677 ut
1396 4626 1468 4678 sicut
1486 4642 1561 4695 aqua
1579 4629 1678 4679 sordes
1698 4624 1826 4696 corporis
1845 4625 1941 4689 abluit,
1958 4625 1999 4679 ιἰα

300 4714 330 4768 in
346 4729 417 4768 casu
436 4716 574 4767 exuemus
593 4711 766 4766 necessitatis
785 4709 969 4766 admittuntur
993 4709 1029 4763 ad
1048 4708 1139 4779 bapti·
1165 4719 1190 4764 et
1208 4726 1329 4779 uesper
1347 4711 1513 4780 baptismum
1531 4711 1567 4764 ab
1587 4713 1663 4766 omni
1673 4719 1792 4781 peccato
1811 4708 1999 4781 spiritualiter

301 4799 437 4865 seudum,
450 4860 452 4866 .
464 4797 493 4852 iu
517 4813 550 4852 oo
579 4796 648 4851 nihil
673 4797 766 4869 agitur
791 4802 889 4851 eontra
914 4812 1071 4867 expressam
1090 4795 1138 4849 ba·
1161 4805 1301 4868 purpatos
1317 4815 1369 4851 nos
1386 4806 1412 4851 et
1431 4799 1579 4851 innovatos
1597 4800 1753 4868 credamus,
1771 4807 1802 4852 ut
1820 4800 1897 4868 quod
1908 4794 2002 4850 incor·'

300 4887 395 4959 pfismi
414 4884 623 4953 institutionem,
645 4885 712 4957 quin
731 4883 823 4955 potius
841 4883 939 4938 nititur
958 4883 987 4936 id
1005 4883 1138 4954 exemplis
1161 4884 1263 4953 poraie
1282 4893 1336 4948 est,
1361 4884 1539 4938 invisibiliter
1563 4884 1703 4939 abdicatur.
1739 4884 1779 4941 Ut
1796 4901 1869 4956 aqua
1885 4883 1998 4937 humum
2073 4901 2077 4912 ·

300 4992 357 5029 non
385 4962 612 5040 contemnendis,
643 4971 692 5025 sed
724 4971 841 5024 mutatio
875 4985 964 5040 squas
994 4969 1023 5022 in
1053 4969 1137 5022 alium
1163 4969 1325 5025 foecundari
1355 4977 1383 5025 et
1407 4970 1494 5042 rigari
1511 4975 1621 5041 oportet
1640 4973 1676 5026 ad
1693 4970 1930 5038 fructificandum
1958 4968 1998 5025 sic

302 5058 428 5132 quemvis
457 5058 592 5130 liquorem
611 5056 665 5129 ipsi
685 5055 851 5112 institutioni
869 5055 953 5127 hujus
973 5055 1137 5110 sacramenti
1163 5074 1214 5128 per
1237 5072 1338 5128 squam
1362 5056 1493 5128 baptismi
1512 5057 1595 5112 datur
1613 5058 1732 5128 Spiritus
1752 5078 1773 5116 s.
1793 5073 1941 5129 perquem
1961 5054 1997 5111 ad

301 5151 449 5218 repugnat.
1163 5145 1252 5199 omnis
1276 5143 1385 5216 generis
1411 5160 1497 5214 opera
1520 5142 1595 5199 bona
1617 5144 1746 5217 frugiferi
1771 5143 1920 5199 reddimur.
1956 5143 1997 5200 Ut

216 5259 256 5288 ns·
339 5237 380 5288 74.
415 5229 554 5286 Pontificii
578 5246 679 5300 aquam
702 5229 731 5283 in
750 5225 891 5297 baptismo
907 5225 1091 5283 adhibendam
1109 5228 1138 5283 in
1163 5247 1238 5303 aqna
1260 5229 1335 5284 sitim
1361 5228 1483 5299 corporis
1508 5229 1601 5300 sedat3
1631 5231 1670 5285 sic
1696 5237 1787 5285 aestus
1810 5230 1868 5286 irae
1885 5228 1996 5287 diuinae

216 5302 245 5392 ff}
305 5316 569 5392 sigilisPascbatos
590 5316 807 5372 etPentecostes
826 5313 908 5369 sertis
929 5314 1028 5370 ritibus
1047 5321 1075 5371 et
1093 5334 1137 5372 ex·
1164 5319 1192 5372 in
1217 5316 1299 5372 corde
1323 5316 1477 5387 peccatoris
1501 5315 1592 5386 gratia
1613 5316 1743 5388 baptismi
1768 5317 1950 5390 restinguitur
1968 5323 1997 5373 et

216 5404 264 5444 ’Μ’
303 5404 430 5463 orcismis
447 5403 524 5475 prins
542 5408 711 5470 consecrant,
734 5418 818 5473 quam
834 5403 1137 5474 posteavocantbene·
1162 5403 1349 5475 refrigeratur.
1397 5401 1584 5473 Hieronymus
1621 5404 1700 5475 epist.
1733 5406 1772 5458 83.
1809 5402 1843 5457 ad
1878 5404 1995 5463 Ossan:

216 5486 218 5493 ’
303 5494 415 5548 dietam
453 5489 563 5546 Catech.
584 5488 661 5543 Rom.
681 5505 708 5559 p.
729 5494 793 5544 308:
822 5490 920 5559 Aqua,
945 5506 1002 5558 qua
1025 5493 1067 5543 ad
1092 5491 1138 5543 ba·
1164 5491 1250 5560 Aqua
1274 5491 1445 5559 refriperct,·
1477 5490 1518 5543 sic
1544 5491 1696 5560 baptismus
1718 5499 1849 5559 praestat
1875 5491 2107 5560 cessim-mitt

297 5582 435 5652 pts'smum
451 5579 569 5642 utimur,
583 5577 668 5647 prius
683 5578 823 5646 paranda
840 5583 868 5629 st
883 5577 986 5629 addito
1006 5578 1137 5645 mysticae
1163 5577 1238 5631 rium
1256 5584 1354 5630 contra
1372 5576 1613 5648 concupiscentiae
1632 5578 1772 5630 ardorem.
1800 5576 1878 5631 Rom.
1893 5582 1916 5646 6,
1926 5595 1952 5633 v.
1965 5583 1996 5636 ιι

301 5666 505 5723 &addianis
528 5666 589 5720 oleo
612 5665 805 5718 consecranda
827 5671 879 5733 est,
907 5662 992 5733 idque
1009 5681 1066 5717 non
1083 5665 1141 5717 nisi
1170 5663 1252 5717 Vetus
1271 5671 1364 5716 noster
1381 5665 1461 5720 bomo
1479 5664 1565 5719 simul
1582 5663 1730 5732 crucifissus
1749 5669 1803 5731 est,
1822 5670 1852 5716 ut
1871 5665 1998 5718 dutma-

298 5758 332 5812 ιἰι
356 5755 465 5824 sipsiiis
482 5752 610 5808 Pascbas
634 5759 660 5805 et
678 5752 854 5805 Pentecostes
879 5750 944 5815 fieri
964 5750 1050 5806 debet.
1084 5750 1137 5806 Re·
1164 5758 1211 5806 tur
1240 5767 1343 5821 corpus
1366 5752 1485 5818 peccati.
1529 5756 1612 5823 Aqua
1640 5748 1792 5824 exstinguit
1817 5751 1927 5825 ignem,
1957 5751 1998 5811 sic
