4800 6659
417 760 475 818 lbi)
1008 755 1130 813 Locus
1148 751 1319 812 DECIMUS
1338 753 1516 815 OCTAVUS

415 907 491 961 muni
515 907 614 964 balneo
643 916 790 981 susceptae
819 912 954 977 ostendit,
983 928 1039 967 non
1065 910 1253 966 administrari
1283 909 1337 966 bus
1362 912 1545 981 manducara3
1572 912 1601 966 in
1626 912 1766 983 baptismo
1795 929 1867 985 aqna
1893 910 2001 967 affandi
2026 911 2073 967 rel
2090 910 2122 967 irs

413 992 599 1063 baptismum,
640 996 754 1053 solenne
781 998 852 1053 illud
881 996 914 1055 N.
941 998 974 1054 Τ.
1003 1003 1204 1053 sacramentum
1235 1013 1253 1051 a
1280 1013 1339 1052 eam
1364 998 1451 1071 mergi
1474 998 1504 1053 iu
1520 998 1630 1054 nomine
1649 998 1754 1063 Patris,
1781 998 1846 1054 Filii
1866 1004 1894 1054 et
1915 996 2039 1069 Spiritus
2055 1013 2121 1053 sau·

414 1077 524 1135 Christo
544 1080 708 1149 institutum,
727 1084 776 1139 sed
796 1101 968 1140 communem
987 1084 1128 1155 quandam
1145 1083 1252 1138 institui
1278 1083 1332 1152 cti3
1354 1083 1384 1138 in
1406 1100 1486 1139 sacra
1510 1102 1596 1141 coena
1619 1102 1719 1156 panem
1742 1085 1920 1141 benedictum
1946 1083 2122 1147 manducare

413 1163 557 1235 lotionem,
579 1167 653 1222 idem
681 1168 716 1224 de
740 1170 965 1240 pronuntiatione
984 1170 1131 1225 verborum
1149 1185 1252 1225 coenae
1279 1178 1307 1227 et
1329 1188 1363 1225 ex
1385 1171 1532 1227 benedicto
1555 1171 1642 1227 calice
1667 1172 1773 1228 bibere.
1814 1171 1872 1228 Ubi
1896 1170 2120 1226 observandum:

412 1251 441 1306 in
464 1267 561 1307 mensa
584 1254 768 1309 statuendum.
809 1256 855 1310 An
878 1256 1082 1312 matrimonium
1108 1256 1145 1310 sit
1162 1272 1251 1311 sacra·
1280 1265 1303 1315 l.
1324 1257 1416 1315 Unam
1441 1258 1612 1329 eandemque
1634 1257 1771 1313 actionem
1798 1257 1936 1313 interdum
1956 1274 2018 1312 esse
2037 1256 2121 1312 δόσιν

306 1342 309 1345 ’
413 1344 537 1393 mentum
557 1356 608 1394 suo
628 1341 775 1411 apparebit
798 1342 867 1397 loco.
909 1348 932 1398 3.
951 1342 994 1397 Ex
1011 1341 1172 1397 Bellarmini
1190 1359 1251 1397 sen·
1278 1349 1324 1399 καλ
1354 1348 1455 1415 λῆψιν,
1485 1344 1535 1399 sed
1566 1344 1675 1400 diverso
1703 1348 1841 1416 respectu.
1886 1342 1932 1399 sie
1960 1342 2120 1413 amputatio

412 1425 501 1480 tentia
530 1434 737 1498 consequantur
763 1427 914 1484 efficaciter
939 1428 989 1483 illa
1011 1428 1146 1492 absurda,
1176 1429 1251 1500 quod
1278 1430 1423 1502 pelliculae
1447 1435 1490 1485 est
1512 1426 1590 1491 δόσις
1616 1434 1744 1500 respectu
1765 1427 1983 1484 administrantis
2002 1428 2056 1482 hoc
2075 1444 2119 1483 sa·

414 1516 586 1567 sacramenta
611 1530 666 1568 non
688 1531 706 1567 a
730 1512 788 1568 sols
812 1514 985 1569 institutione
1009 1519 1038 1569 et
1061 1514 1169 1569 actione
1188 1513 1252 1578 Dei,
1278 1522 1461 1580 crementum,
1493 1518 1575 1585 λῆψις
1608 1522 1736 1588 respectu
1765 1514 1948 1586 suscipientis.
1995 1514 2121 1579 Quando

413 1597 464 1652 sed
489 1597 572 1652 etiam
590 1598 725 1669 qualitate
743 1598 860 1654 ministri
882 1600 1085 1672 quodammodo
1101 1599 1250 1671 pendeant,
1278 1601 1421 1657 Abraham
1449 1619 1479 1657 se
1497 1602 1588 1673 ipsum
1607 1601 1780 1657 circumcidit
1797 1599 1868 1657 Gen.
1891 1605 1936 1669 17,
1955 1617 1981 1655 v.
2003 1605 2046 1655 st.
2066 1600 2121 1655 du·

384 1683 488 1755 ·quod
506 1700 587 1739 nemo
605 1684 693 1754 possit
711 1702 771 1740 esse
785 1691 885 1754 certus,
905 1702 935 1741 se
953 1702 1013 1741 esse
1029 1686 1204 1758 baptizatum
1223 1691 1252 1741 et
1277 1688 1377 1758 plicem
1408 1688 1539 1763 sustinuit
1564 1704 1711 1759 personam
1735 1693 1795 1741 tum
1810 1685 2032 1741 administrantis
2055 1692 2121 1741 tum

412 1786 507 1824 rernm
532 1786 632 1840 corpus
658 1787 691 1824 ae
709 1771 873 1844 sanguinem
896 1770 997 1827 Christi
1021 1773 1050 1827 in
1075 1788 1162 1828 coena
1178 1771 1250 1827 acci·
1278 1774 1453 1845 suscipientis
1472 1780 1683 1830 sacramentum.
1726 1778 1750 1829 2.
1770 1776 1869 1841 Λῆψιν
1887 1772 2120 1829 sacramentalem

413 1872 493 1927 pere,
521 1856 596 1927 quod
624 1857 795 1929 negligentia
821 1856 866 1913 rel
890 1857 997 1913 malitia
1020 1857 1139 1913 ministri
1158 1857 1250 1914 obstet
1278 1859 1323 1915 rel
1348 1876 1408 1916 esse
1434 1859 1587 1931 simplicem
1615 1857 1756 1931 ἀνιδιχὴι
1785 1866 1813 1915 et
1836 1874 1940 1915 meram
1958 1858 2120 1929 passionem

414 1940 529 1997 alterius
559 1941 657 2010 saled,
686 1943 761 2013 quod
790 1948 963 1999 sacramenta
988 1942 1171 1999 conficiantur
1194 1959 1249 1998 non
1278 1953 1480 2002 sacramentum
1510 1945 1700 2016 suscipientis,
1730 1953 1762 2001 ut
1790 1946 1820 2000 in
1848 1945 2057 2001 circumcisione
2088 1952 2121 2001 at

414 2033 523 2083 tantum
551 2027 644 2083 verbis
674 2029 806 2098 auctoris,
845 2030 895 2085 sed
926 2030 1008 2085 etiam
1042 2030 1193 2086 intentione
1223 2035 1252 2084 et
1277 2032 1429 2103 baptism03
1447 2015 1491 2086 'vel
1510 2031 1593 2086 etiam
1612 2031 1749 2086 actionem
1771 2031 1911 2103 quandam
1929 2030 2032 2086 babere
2049 2046 2119 2086 con·

413 2113 469 2169 tide
492 2113 723 2184 administrantis,
748 2131 831 2187 qnam
859 2132 943 2171 censa
966 2115 1182 2172 instrumentalis
1205 2116 1251 2171 de
1274 2120 1416 2191 junctam,
1434 2123 1467 2172 ut
1483 2117 1511 2171 in
1531 2133 1604 2189 agno
1624 2115 1749 2187 paschali
1769 2123 1798 2171 et
1816 2131 1903 2172 coena
1922 2116 2081 2171 Dominica

414 2206 494 2271 roget
517 2200 619 2255 actioni
644 2208 673 2256 et
690 2199 832 2257 efficaciae
849 2217 952 2257 causae
970 2202 1140 2273 principalis.
1177 2207 1201 2257 4.
1222 2199 1250 2256 si
1312 2209 1354 2260 43.
1391 2204 1431 2261 Ut
1450 2208 1542 2259 autem
1561 2202 1590 2257 in
1609 2202 1670 2257 aliis
1689 2201 1780 2272 rebns,
1799 2201 1839 2258 ita
1858 2219 1971 2275 quoque
1988 2201 2156 2259 hoclocoA

413 2285 499 2342 verbs
522 2287 732 2343 sacramentalia
750 2292 779 2343 et
805 2287 962 2344 sacerdotes
982 2286 1012 2342 iu
1028 2305 1058 2343 se
1076 2287 1182 2342 habent
1197 2287 1251 2340 rir-
1277 2296 1408 2345 accurate
1437 2289 1664 2361 distinguendum
1691 2288 1764 2344 inter
1791 2304 1849 2344 rem
1876 2293 1905 2343 et
1928 2288 1969 2345 rei
1992 2267 2156 2371 modum?¹

414 2378 503 2429 tutem
529 2374 669 2445 quandam
694 2391 751 2429 non
777 2374 1023 2429 instrumentaliter
1050 2378 1173 2437 tantum,
1202 2373 1251 2428 sed
1277 2377 1350 2431 inter
1375 2376 1463 2448 ipsam
1486 2375 1568 2430 δόσιν
1595 2378 1641 2428 art
1664 2376 1765 2444 λῆψιν,
1796 2371 1824 2430 et
1847 2374 1919 2430 inter
1941 2374 2046 2435 δόσεως
2068 2379 2156 2443 salt(

414 2460 498 2515 etiam
514 2458 667 2528 efficienter
683 2459 853 2530 operatiram
872 2465 915 2529 (ut
933 2458 1118 2531 Bellarminuq
1133 2458 1251 2526 statuit),
1278 2461 1386 2532 λήψεως
1404 2460 1516 2535 ιρόιιοι.
1557 2459 1646 2521 Λόσις
1663 2465 1709 2514 sal
1728 2462 1811 2530 λῆψις
1827 2459 2042 2530 administratio,
2060 2461 2118 2516 dis·
2130 2440 2156 2496 δ(

414 2563 585 2619 consequens
604 2545 701 2610 luent,
719 2547 795 2618 quod
814 2548 943 2603 sacerdos
961 2562 1013 2601 sua
1031 2544 1184 2600 intentione
1200 2562 1251 2616 per
1277 2548 1413 2620 pensatio,
1431 2547 1563 2604 exhibitio
1582 2555 1610 2603 et
1628 2546 1754 2617 acceptio
1775 2546 1939 2602 sacramenti
1954 2546 2120 2617 simplicite

413 2633 499 2689 rerba
523 2631 735 2687 sacramentalia
758 2647 853 2687 omnes
878 2648 965 2702 panes
983 2637 1012 2686 et
1031 2630 1124 2685 omnia
1141 2630 1206 2684 rina
1223 2630 1251 2683 in
1278 2640 1343 2689 sunt
1365 2634 1538 2689 necessariae
1559 2650 1611 2690 nec
1637 2632 1722 2688 ullam
1745 2631 1891 2703 patiuntur
1908 2631 2118 2705 exceptionem

413 2735 514 2791 corpus
532 2722 561 2773 et
577 2718 742 2789 sanguinem
760 2717 863 2773 Christi
882 2724 1042 2773 convertere
1055 2716 1150 2787 possit,
1167 2717 1250 2771 etism
1277 2720 1326 2775 sed
1346 2719 1444 2775 modus
1463 2717 1567 2781 δόσιιις
1584 2722 1630 2773 καὶ
1651 2718 1760 2789 λήψεως
1777 2718 1899 2789 aliquam
1916 2717 2077 2774 libertatem
2090 2725 2120 2775 st

389 2804 492 2860 'extra
515 2821 595 2858 usum
621 2803 840 2859 ecclesiasticum
862 2802 1007 2859 aChristo
1027 2803 1199 2872 institutum
1224 2808 1252 2858 et
1276 2806 1456 2862 variationem
1484 2805 1612 2861 admittit.
1647 2804 1789 2874 Exemplis
1805 2820 1848 2860 res
1865 2804 1919 2859 erit
1938 2804 2047 2859 clarior.
2083 2804 2118 2862 ln

414 2888 537 2960 quidni?
581 2888 643 2944 Riel
673 2889 737 2945 lect.
770 2896 795 2946 4.
825 2907 909 2961 super
939 2906 1000 2944 can.
1035 2890 1108 2946 miss.
1139 2888 1251 2944 merit:
1278 2893 1417 2966 baptismo
1437 2891 1600 2962 simpliciter
1617 2890 1803 2947 necessarium
1821 2895 1871 2953 est,
1890 2888 2031 2945 hominem
2043 2907 2120 2963 aqua

416 2973 625 3043 confectionem
652 2976 780 3045 corporis
808 2975 839 3029 in
863 2983 1039 3030 sacramento
1062 2976 1128 3039 riers'
1151 2976 1250 3045 aliquo
1277 2978 1428 3048 baptisari,
1451 2978 1504 3033 hoc
1527 2983 1570 3032 est
1592 2977 1669 3032 ablui
1693 2976 1721 3029 in
1746 2975 1856 3031 nomine
1872 2974 1980 3044 Patris,
2004 2974 2073 3032 Filii
2090 2982 2119 3035 et

415 3061 527 3116 camno
544 3062 646 3118 virtute
663 3079 719 3115 ron
738 3061 880 3117 insistente
893 3062 932 3125 aa,
950 3080 969 3116 a
981 3079 1035 3131 cao
1047 3064 1092 3133 fit,
1112 3064 1164 3116 aad
1181 3061 1252 3115 assi·
1280 3064 1400 3136 Spiritus
1424 3064 1524 3127 sanem
1546 3063 1605 3117 sive
1630 3068 1723 3118 autem
1743 3062 1793 3116 illa
1814 3061 1920 3117 abluto
1939 3060 1990 3116 fist
2004 3062 2118 3142 ‘immas

413 3154 513 3216 ments,
535 3150 688 3202 amandam
711 3165 792 3219 quem
811 3151 924 3203 modum
948 3148 1061 3221 (inquit)
1087 3148 1211 3212 malefici
1227 3155 1252 3200 et
1279 3152 1356 3207 sione
1373 3152 1403 3204 in
1422 3166 1531 3221 aquam,
1550 3150 1608 3204 sive
1626 3148 1761 3204 effusione
1780 3163 1878 3219 aquae,
1904 3147 1974 3202 nihil
1992 3147 2118 3220 interest,

413 3233 588 3288 incantantes
613 3236 750 3305 quosdam
768 3236 882 3305 effectos
897 3237 1056 3305 producere
1076 3236 1210 3289 dicuntur
1227 3241 1253 3286 et
1279 3244 1311 3293 ut
1338 3244 1477 3292 ostensum
1503 3236 1558 3291 fuit
1585 3235 1614 3290 in
1641 3240 1750 3289 tractat.
1784 3233 1877 3290 Germ.
1906 3233 1941 3289 de
1974 3233 2118 3306 baptismo

414 3319 557 3375 amouere
581 3321 629 3374 loc
653 3337 804 3374 coecorum
832 3323 868 3373 de
895 3321 1008 3373 aedibus
1031 3320 1076 3374 cel
1097 3319 1253 3373 manubriis
1279 3340 1302 3379 c.
1327 3330 1365 3380 11.
1407 3321 1509 3376 Mersio
1533 3320 1682 3390 inaquam
1703 3319 1806 3375 usitata
1823 3327 1867 3376 est
1886 3319 2068 3376 orientalibus
2088 3320 2117 3379 lu

413 3404 560 3474 amrium
579 3407 657 3475 qaod
672 3424 728 3460 non
746 3407 778 3472 nt
795 3406 927 3460 natarali
941 3406 1043 3460 virtuts
1061 3406 1252 3467 maleficorum
1279 3409 1347 3464 locis
1365 3407 1558 3471 calidioribus3
1585 3406 1685 3462 effusio
1704 3413 1818 3477 recepta
1835 3412 1878 3460 est
1896 3406 2117 3476 septentrionali·

413 3508 463 3545 nac
487 3508 520 3546 aa
540 3508 635 3546 eornm
653 3492 766 3555 merito,
788 3493 841 3546 sad
856 3492 958 3545 cirtata
977 3490 1085 3546 occano
1104 3491 1253 3545 sicemalc
1278 3497 1331 3552 bus
1354 3498 1468 3566 propter
1492 3492 1717 3548 circumstantem
1742 3492 1814 3546 aiiris
1837 3491 2029 3564 frigiditatem.
2070 3491 2117 3550 sio

413 3577 471 3631 siaa
498 3578 578 3632 donc.
615 3577 694 3633 Idem
722 3578 751 3632 in
781 3577 956 3650 quaestione,
983 3594 1033 3632 cnr
1060 3593 1149 3631 canon
1167 3576 1253 3632 tacite
1278 3580 1307 3634 in
1330 3596 1410 3634 sacra
1432 3595 1518 3634 coena
1541 3576 1703 3648 simpliciter
1724 3577 1911 3633 necessarium
1934 3584 1989 3644 est,
2014 3594 2117 3650 panem

414 3662 619 3719 mussitandus:
656 3664 773 3731 Fertur,
792 3665 948 3733 quodcum
969 3663 1124 3734 antiquitus
1137 3663 1253 3733 publica
1279 3665 1469 3731 benedictum,
1494 3664 1542 3735 qui
1568 3669 1611 3719 est
1638 3668 1768 3718 κοινωνία
1787 3663 1909 3733 corporis
1929 3662 2043 3731 Christi,
2062 3663 2116 3719 dis·

415 3759 441 3804 st
460 3750 522 3804 olto
541 3766 709 3809 accaronem
724 3749 872 3819 dicamur,
891 3766 985 3805 οιιιιιιι
998 3766 1092 3820 poene
1105 3766 1159 3821 per
1170 3767 1252 3803 usam
1278 3750 1363 3805 tribui
1381 3751 1418 3806 ad
1436 3749 1676 3819 manducandum,
1703 3750 1762 3804 sive
1784 3754 1877 3804 autem
1894 3756 1960 3806 ante
1978 3750 2116 3807 mucram

395 3836 495 3907 ⁸s'llnm
511 3836 636 3891 semlant
655 3843 682 3889 at
698 3836 729 3889 s'n
742 3836 850 3906 plateis
869 3844 895 3890 et
914 3838 944 3889 a‘n
961 3836 1030 3890 nicia
1050 3837 1132 3890 illum
1151 3838 1252 3890 decon-
1279 3854 1382 3893 coenae
1405 3841 1586 3907 praeparetur
1607 3843 1639 3891 ut
1661 3835 1790 3891 distribui
1807 3835 1907 3906 possit,
1930 3835 1988 3891 sive
2006 3837 2036 3891 in
2054 3835 2117 3910 ipsa

413 3923 518 3977 tabant.
564 3923 643 3978 Unda
667 3939 727 3976 cnm
750 3923 865 3993 qar'dam
885 3932 1018 3992 pastores
1038 3923 1068 3974 in
1087 3911 1252 3990 opro'pcne
1278 3923 1388 3978 actione
1414 3922 1561 3994 frangatur
1587 3920 1722 3993 deturque
1738 3921 1783 3975 vel
1801 3922 1830 3977 in
1846 3938 1959 3975 manum
1975 3921 2020 3977 rel
2038 3922 2067 3977 in
2084 3939 2116 3979 cs

413 4025 498 4079 asper
521 4010 647 4080 lapidem
667 4008 760 4078 posito
782 4025 915 4063 cononem
934 4009 1072 4077 dicerent,
1096 4010 1138 4061 od
1150 4010 1250 4077 prolo-
1277 4007 1451 4079 accipientis,
1473 4007 1502 4060 in
1524 4004 1682 4060 Christiana
1706 4006 1835 4061 libertate
1858 4005 1979 4077 positum
2004 4012 2060 4076 est,
2083 4014 2116 4062 ut

414 4095 516 4149 tionem
546 4096 692 4150 cerborrrm
719 4095 834 4149 illoram
860 4095 946 4164 ponte
974 4111 1122 4149 oenomaus
1151 4102 1191 4147 eat
1220 4096 1250 4147 in
1276 4094 1447 4170 ostendimus
1469 4092 1498 4146 in
1524 4098 1634 4147 mactat.
1657 4091 1751 4148 Germ.
1777 4093 1812 4148 de
1833 4108 1914 4147 sacra
1938 4108 2027 4149 coena
2050 4109 2113 4167 cap.

412 4198 533 4249 eornm,
552 4180 610 4251 s'pas'
626 4188 718 4235 cotem
735 4180 797 4249 igni
813 4182 848 4234 de
865 4180 942 4235 coelo
956 4188 1020 4234 mmt
1030 4181 1167 4250 percrssar',
1181 4196 1249 4249 pro·
1279 4188 1316 4237 15.
1336 4186 1364 4235 et
1386 4185 1426 4235 16.
1505 4195 1510 4217 ²

338 4269 342 4277 '
409 4273 476 4337 pter
502 4268 580 4336 qaod
605 4274 705 4337 potres
728 4273 905 4334 matema-snt,
933 4274 963 4318 nt
986 4267 1021 4320 da
1046 4274 1136 4320 cetero
1160 4282 1251 4319 conon
1314 4274 1355 4322 44.
1383 4266 1511 4320 Ceterum
1529 4279 1592 4318 cum
1609 4264 1638 4318 in
1656 4263 1812 4319 actionibus
1829 4263 2024 4319 emanantibus
2043 4252 2156 4347 rattoffi

299 4340 309 4358 ⁰
414 4354 556 4407 diceretur
572 4354 622 4406 aab
639 4352 758 4406 aikntr‘o.
819 4394 820 4398 .
1061 4371 1063 4375 ’
1261 4331 1362 4408 letiam
1378 4350 1510 4407 habenda
1527 4350 1563 4404 sit
1586 4349 1702 4421 objecti.
1727 4349 1790 4404 ideo
1810 4356 2050 4405 armamentorum
2068 4352 2156 4406 obtat

286 4444 386 4495 Desst-
451 4443 492 4494 42.
526 4437 643 4510 Egimns
659 4436 793 4493 hactenns
812 4438 846 4493 de
865 4453 951 4491 causa
966 4437 1168 4492 instrumentali
1193 4437 1252 4494 sive
1274 4440 1382 4507 jactum
1401 4437 1532 4492 hocloco
1551 4434 1748 4507 explicandum
1770 4436 1829 4492 erit.
1866 4434 1993 4490 Dicimus
2013 4444 2115 4509 autem,

285 4497 402 4588 ἓξὲξ
415 4524 600 4592 ministeriali,
625 4540 677 4596 per
694 4541 777 4595 quam
796 4523 873 4579 Deus
890 4523 1029 4578 ordinarie
1049 4523 1192 4593 dispensat
1210 4540 1252 4577 sa·
1279 4530 1451 4579 sacramenta
1473 4521 1603 4577 instituta
1620 4537 1681 4576 esse
1702 4528 1731 4576 et
1750 4521 1903 4593 dispensari
1925 4522 2028 4580 debere
2044 4525 2115 4580 solia

285 4601 383 4740 iii.
415 4609 858 4752 οἳ4444444ΠΕ
879 4608 1077 4749 (14444
1096 4609 1252 4749 ’444
1279 4606 1809 4749 4444444444·
1839 4608 1974 4748 lati
1990 4609 2019 4711 ³²¹
2041 4617 2115 4752 44

285 4710 318 4741 ιι
858 4716 865 4758 3
1111 4712 1120 4747 ι
1157 4712 1174 4748 a
1243 4725 1253 4736 ·
1389 4712 1397 4748 ι
1485 4711 1502 4746 u
1516 4711 1534 4746 u
1759 4711 1776 4746 n
1806 4714 1812 4727 ·
1855 4733 1861 4746 .
1953 4712 1970 4748 n
2004 4712 2014 4749 1
2104 4725 2115 4739 ·

286 4749 364 4873 δόξει
414 4711 792 4854 ἶιοεῖιιῗόὶἳιθιι4θεεόόιῗιὶιῗιιὶόῗόὶιιῖ
816 4711 1042 4853 ἓιιιόιιιῗᾳιόιε
1059 4711 1089 4834 id
1106 4713 1185 4835 dhises
1206 4714 1251 4836 ιιόιλ
1278 4713 1375 4844 &mg
1399 4710 1484 4836 {meuc
1495 4711 1563 4845 illis,
1589 4793 1661 4847 quae
1679 4736 1862 4833 essentialiter
1875 4778 1912 4833 ad
1930 4711 2114 4837 saceradrhntc

286 4838 377 4957 ἔξω·
415 4867 498 4939 λήψει
516 4868 650 4924 consistit.
685 4865 772 4928 Δόσις
789 4872 868 4922 notat
883 4867 1021 4922 actionem
1033 4865 1339 4922 administrandarum
1365 4864 1553 4936 integritatem
1579 4862 1733 4933 pertinent,
1764 4881 1881 4935 quorum
1909 4865 2048 4937 quaedam
2075 4866 2115 4922 ita

414 4954 547 5011 divinitus
559 4953 766 5024 praescriptam,
783 4955 866 5021 λῆψις
879 4952 1042 5008 sacramenti
1057 4953 1251 5022 receptionem.
1264 4937 1267 4994 l
1279 4958 1439 5023 comparata
1455 4955 1529 5017 sunt,
1548 4956 1579 5004 ut
1597 4965 1652 5004 non
1671 4948 1725 5002 nisi
1742 4949 1900 5004 bominibus
1919 4949 2008 5022 iisque
2020 4951 2113 5008 riven-

415 5040 461 5099 Sic
478 5038 556 5101 δόσις
573 5039 602 5094 in
621 5039 831 5095 circumcisione
848 5046 891 5094 est
911 5044 1055 5109 amputare
1068 5039 1252 5109 praeputium,
1278 5038 1354 5093 tibus
1372 5036 1545 5091 conveniant.
1581 5034 1669 5090 Porro
1696 5034 1867 5089 circumcisio
1890 5036 1920 5090 in
1938 5036 1974 5093 V.
1994 5036 2029 5092 T.
2049 5039 2115 5095 solis

411 5124 493 5197 juxti
509 5125 562 5181 Dei
580 5125 703 5192 verbum,
723 5125 752 5179 in
772 5140 847 5197 agno
861 5125 984 5196 paschali
1003 5125 1081 5185 δόσις
1095 5130 1137 5180 est
1148 5142 1252 5198 agnum
1280 5123 1410 5180 masculis
1428 5121 1675 5177 administrabatur
1691 5121 1766 5192 apud
1779 5122 1928 5190 Israelitas,
1947 5123 1996 5177 sed
2008 5122 2114 5195 baptis·

414 5213 588 5277 anniculum,
611 5210 778 5278 masculum,
798 5211 1006 5267 immaculatum
1025 5217 1076 5267 etc.
1095 5227 1252 5284 segregare,
1264 5183 1266 5265 i
1279 5228 1340 5264 mus
1364 5208 1413 5279 qui
1435 5208 1465 5262 in
1482 5208 1516 5263 N.
1535 5207 1569 5261 T.
1588 5208 1617 5261 in
1640 5206 1731 5261 locam
1749 5206 1964 5263 circumcisionis
1982 5211 2116 5266 successit

414 5305 536 5355 mactare
550 5304 580 5353 et
597 5297 634 5352 ad
651 5297 875 5351 manducandum
892 5313 1059 5367 praeparare
1077 5297 1133 5351 ritu
1151 5297 1252 5352 divini·
1264 5266 1266 5359 Ι
1279 5295 1337 5351 Col.
1360 5300 1391 5363 2,
1409 5311 1435 5346 v.
1458 5300 1496 5349 11.
1514 5299 1589 5349 recte
1609 5291 1692 5347 etiam
1710 5291 1821 5347 seminis
1842 5292 2065 5365 administratur,
2083 5301 2115 5352 nt

414 5390 460 5439 tus
484 5385 619 5439 instituto.
655 5382 688 5437 In
707 5381 845 5452 baptismo
864 5382 942 5442 δόσις
966 5390 1008 5438 est
1030 5399 1130 5454 aquam
1147 5365 1419 5438 hominissostensum
1444 5378 1500 5434 init
1523 5379 1553 5432 in
1575 5384 1685 5433 tractat..
1714 5376 1843 5433 German.
1869 5377 1904 5432 de
1927 5378 2005 5449 bapt
2030 5398 2054 5436 c.
2076 5386 2113 5438 te.

280 5472 341 5515 Vm·
355 5470 401 5515 Μ
414 5468 558 5526 effundere
576 5469 621 5524 vel
639 5468 668 5523 in
694 5485 794 5540 aquam
811 5467 973 5539 immergere
987 5468 1016 5522 in
1028 5469 1139 5523 nomine
1151 5468 1253 5531 Patris,
1264 5458 1266 5512 ἑ
1279 5484 1336 5540 qna
1361 5468 1390 5521 in
1411 5472 1491 5535 parte
1510 5464 1656 5519 discrimen
1677 5462 1817 5533 quoddam
1837 5464 1958 5519 occurrit
1975 5465 2003 5520 in
2023 5483 2113 5523 sacra·

414 5554 479 5612 Filii
491 5561 520 5610 et
528 5554 648 5625 Spiritus
657 5554 753 5609 sancti.
780 5554 815 5609 In
827 5554 1251 5625 sacracoenaddmrestpanem
1279 5559 1372 5609 mento
1393 5549 1557 5605 initiationis
1575 5548 1610 5604 V.
1630 5567 1663 5605 ac
1679 5548 1716 5605 N.
1736 5548 1784 5611 T.;
1811 5548 1860 5604 sed
1886 5548 1916 5604 in
1941 5559 2113 5611 sacramento

415 5639 602 5704 benedictum,
623 5639 671 5711 qui
688 5645 731 5695 est
748 5644 879 5692 ιοιιιιιλιι
896 5632 1018 5709 corporis
1037 5638 1148 5707 Christi,
1167 5646 1195 5695 et
1212 5639 1253 5694 vi·
1264 5653 1266 5686 ¹
1279 5636 1494 5696 confirmationis
1516 5634 1660 5707 utriusque
1684 5634 1843 5691 testamenti
1868 5635 2053 5706 pulcherrima
2071 5644 2113 5697 est

416 5741 482 5780 num
495 5723 681 5787 benedictum,
696 5725 771 5795 quod
785 5728 828 5779 est
839 5728 971 5777 ιιινιιιλα
985 5725 1128 5797 sanguinis
1141 5723 1254 5793 Christi,
1279 5724 1416 5796 analogia.
1452 5720 1691 5789 Quemadmodum
1710 5720 1782 5776 enim
1796 5722 1825 5777 iu
1837 5720 2046 5781 circumcisione
2057 5742 2114 5782 non

417 5810 453 5867 sd
477 5809 702 5865 manducandum
725 5816 754 5866 et
775 5808 929 5865 bibendum
946 5808 1120 5866 distribuere.
1155 5810 1382 5880 diprolicabat
1410 5809 1578 5865 manducare
1607 5806 1729 5879 pascha,
1768 5807 1817 5863 aed
1844 5809 1993 5879 oportebat
2020 5810 2113 5884 ipsum

416 5896 446 5952 in
470 5892 746 5952 drcumcisiona'est
773 5895 990 5968 amputationem
1010 5896 1149 5968 praeputii
1170 5891 1357 5968 mati-'prius
1383 5892 1600 5951 cimnmcisicnis
1619 5899 1821 5949 sacramentnm
1840 5893 1997 5965 mscipere,
2024 5895 2112 5955 and

417 5996 496 6051 παις
521 5980 552 6036 in
578 5980 800 6056 agao‘pascbali
823 5997 928 6056 apum
952 5987 1076 6040 mutum
1093 5980 1177 6039 castis
1194 5980 1254 6038 riti·
1281 5986 1326 6050 tt,
1347 5997 1374 6037 r.
1398 5986 1440 6038 48.
1467 5985 1511 6036 aa.
1537 5978 1576 6034 ita
1602 5993 1714 6052 qnoque
1734 5978 1771 6035 ad
1795 5994 1919 6037 mensam
1936 5979 2113 6042 Donusam
