4800 6659
444 620 508 679 3118
1113 602 1461 669 DOOUBVTCESMUS

448 768 528 841 epist
553 767 589 823 ad
610 767 691 823 Lact,
725 765 901 839 Augustinus
922 764 986 821 libr.
1013 768 1037 822 1.
1058 761 1094 820 de
1119 759 1226 834 nuptiis
1253 764 1283 815 et
1307 762 1400 817 ratem
1423 760 1453 814 oi
1476 760 1556 814 attiae
1574 757 1774 830 prominente
1807 755 1880 815 Gen.
1909 761 1955 827 i't,
1979 774 2007 814 v.
2026 762 2057 811 'tr
2084 758 2140 812 Ero

445 870 560 925 concup.
574 870 597 909 c.
613 859 658 911 17:
678 852 821 924 Dejectio
833 860 859 906 et
877 851 1011 923 legitimic
1029 849 1137 921 nuptiis
1147 848 1283 915 fitiomcm
1307 850 1387 903 Deae
1406 854 1470 902 tuae
1488 853 1514 900 et
1530 846 1611 900 Deae
1628 846 1743 900 remiar’e
1760 845 1809 899 tui.
1848 842 1997 900 ”Pierius
2015 842 2047 897 in
2063 842 2140 900 reiut

445 942 505 995 Dei
521 959 577 996 noa
588 940 735 1009 siliiDei,
752 942 803 995 aad
816 940 881 1003 felii
893 940 977 1009 injece
996 938 1085 992 aecali
1102 941 1283 1006 ponerentur.
1308 934 1401 990 collat
1437 930 1580 988 doctrinae
1612 929 1719 986 Calrin
1750 946 1813 986 cum
1833 931 2006 1003 Argustana
2028 928 2140 985 mutas

443 1043 523 1083 serm.
546 1033 585 1083 14.
607 1027 643 1082 de
661 1025 736 1082 verb.
756 1025 888 1096 apostol:
916 1027 986 1079 Ideo
1010 1025 1045 1077 de
1065 1023 1206 1094 baptisato
1225 1037 1282 1073 aon
1306 1024 1358 1075 art.
1377 1024 1402 1076 2.
1420 1017 1460 1073 th.
1480 1023 1527 1074 28:
1553 1016 1653 1071 &acti
1669 1016 1804 1071 dicentur
1822 1016 1954 1081 fideliam
1981 1014 2071 1070 liberi
2089 1032 2141 1070 eoa

438 1113 535 1182 justas
547 1115 680 1182 amciter,
702 1112 769 1183 qaia
781 1129 837 1165 aori
855 1117 978 1180 promat,
997 1110 1071 1163 unde
1091 1114 1281 1175 reponentur,
1306 1113 1426 1173 natura,
1445 1106 1497 1158 red
1515 1104 1633 1176 pratiaq
1647 1119 1703 1156 eoa
1720 1109 1920 1172 caperratum
1935 1102 2141 1172 procreatione,

442 1202 495 1253 sect
510 1202 586 1254 unde
603 1206 760 1267 permotae.
796 1197 916 1252 Ibidem:
941 1197 1079 1251 Peccator
1098 1194 1224 1248 nardum
1245 1194 1280 1247 dc
1306 1193 1359 1245 aad
1368 1190 1563 1259 pratuitaDei
1574 1190 1716 1259 ejusmodi
1726 1189 1868 1256 infamari
1879 1190 1911 1243 ia
1923 1188 2141 1243 eccleciarecm·

442 1287 545 1339 nemina
557 1286 646 1355 justi,
673 1286 812 1353 quomodo
830 1285 950 1338 oleaster
969 1282 1095 1337 mecitar
1121 1283 1158 1335 cte
1177 1280 1280 1334 nemine
1306 1278 1401 1346 rions;
1419 1293 1476 1330 aon
1493 1276 1705 1347 remoratione
1723 1282 1750 1330 et
1764 1276 1879 1345 peccati
1896 1275 2052 1344 originalia
2069 1274 2142 1328 atla·

444 1372 544 1428 olicae.
593 1372 654 1439 Via,
682 1379 712 1425 ut
736 1372 771 1424 ds
795 1370 935 1441 baptisato
958 1369 1115 1438 baptisatus
1137 1373 1281 1429 nascatur,
1306 1363 1388 1431 tione,
1405 1364 1458 1417 ced
1473 1380 1493 1416 a
1509 1361 1623 1431 reliqua
1641 1363 1732 1429 turta,
1753 1377 1825 1431 qaae
1839 1379 1895 1416 aaa
1910 1360 2087 1428 mteccleeia,
2104 1378 2141 1415 re·

443 1474 505 1511 cum
522 1458 632 1521 uideas,
658 1460 693 1511 de
720 1456 885 1511 circumciso
909 1473 965 1511 aori
984 1454 1065 1508 nasci
1081 1453 1280 1507 circumirem.
1306 1448 1470 1518 precatione
1476 1469 1487 1517 ,·
1505 1466 1562 1502 aon
1579 1448 1692 1501 interae
1709 1449 1837 1529 quadam
1853 1447 2017 1501 inhaerente
2034 1447 2141 1500 maneti·

443 1542 524 1599 Idem
548 1543 578 1597 in
606 1542 651 1600 lib.
676 1543 710 1598 de
728 1559 795 1599 vera
812 1543 917 1598 innon:
946 1539 1043 1595 Omnia
1061 1546 1210 1607 prematur
1228 1540 1280 1592 da-
1306 1534 1348 1587 cie
1370 1542 1395 1587 et
1412 1534 1570 1598 ramatate,
1590 1535 1643 1588 ced
1661 1535 1702 1586 ad
1719 1534 1897 1587 raactitatem
1915 1540 1942 1585 et
1960 1532 2069 1586 natum
2088 1534 2142 1587 Dei

445 1637 567 1697 meatur,
596 1646 675 1683 mmo
700 1630 854 1697 liberetur,
883 1628 941 1681 aiei
962 1633 1153 1694 regeneratur.
1199 1625 1280 1679 Stetit
1306 1621 1528 1688 cmmemores,
1545 1637 1602 1673 aon
1608 1619 1678 1690 jure
1684 1619 1825 1689 propriae
1840 1619 2011 1689 eamcam,
2020 1620 2074 1671 red
2077 1619 2142 1687 jere

445 1716 518 1769 enim
536 1732 592 1769 aon
610 1730 645 1769 ec
662 1716 767 1769 semine
778 1715 824 1769 oct
841 1730 932 1783 praee
951 1712 1064 1765 arboria
1082 1710 1229 1778 fraqifcrc
1249 1709 1280 1761 ia
1304 1706 1433 1769 foederis
1450 1714 1477 1760 et
1489 1706 1706 1776 promissionis.-
1724 1707 1786 1760 tho
1805 1707 1884 1760 Deae
1902 1713 1967 1758 tane
1985 1711 2014 1758 et
2032 1704 2142 1758 eemiaie

445 1801 525 1855 horto
544 1802 631 1855 arbor
648 1801 787 1864 natatur,
811 1815 883 1869 quae
908 1800 1008 1852 tonum
1018 1798 1150 1864 fmictum
1168 1798 1280 1867 efferat,
1305 1791 1350 1843 tui
1377 1791 1446 1847 Gen.
1473 1794 1521 1858 1⁷,
1546 1810 1569 1846 a.
1599 1794 1622 1846 7.
1668 1790 1892 1862 Respondemus:
1922 1789 2060 1844 sanctitas
2089 1790 2141 1854 illa,

446 1889 497 1941 red
525 1886 657 1941 metticae
680 1887 792 1941 sarculi
813 1894 852 1939 est
870 1901 957 1953 apua·
983 1883 1025 1936 ita
1043 1898 1150 1952 meoque
1167 1882 1282 1936 conarri
1306 1893 1390 1948 quam
1417 1876 1573 1932 calviniani
1597 1875 1692 1933 liberis
1714 1876 1839 1932 fidelium
1861 1874 2005 1942 tribuunt,
2034 1876 2074 1931 ita
2097 1876 2139 1931 de

444 1972 576 2026 insitione
602 1972 631 2024 io
659 1972 815 2039 Christum,
840 1972 935 2025 codem
955 1971 1039 2023 mocio
1062 1976 1179 2038 oportet.
1220 1967 1280 2022 Leo
1306 1963 1453 2019 scribenda
1471 1980 1506 2019 ex
1523 1964 1645 2034 ipsomm
1662 1963 1767 2032 verbis,
1788 1966 1822 2016 nt
1840 1962 1877 2016 sit
1896 1962 1992 2018 innixa
2009 1961 2077 2017 fidei
2093 1977 2141 2033 pa·

445 2056 565 2128 Magnus
588 2056 668 2127 epist.
694 2060 740 2111 98:
772 2056 1004 2124 Reperire-ationis
1024 2062 1201 2109 sacramento
1224 2070 1280 2123 per
1305 2056 1429 2118 rentum,
1450 2054 1482 2103 ut
1508 2048 1558 2103 filii
1585 2065 1636 2121 per
1661 2065 1723 2104 eam
1747 2048 1803 2103 sint
1826 2047 1856 2103 in
1881 2046 1996 2103 foedere
2019 2047 2087 2116 Dei,
2113 2048 2141 2103 in

446 2142 584 2213 Spiritum
613 2149 737 2197 raedam
759 2142 830 2209 filii
853 2141 1054 2211 promimionie
1087 2147 1280 2207 renarmmtur,
1306 2134 1398 2207 gram
1423 2135 1490 2200 Dei,
1515 2134 1567 2189 filii
1590 2134 1658 2204 Dei,
1685 2133 1809 2190 habeant
1833 2134 1881 2203 jus
1905 2132 1982 2188 vitae
2005 2140 2138 2196 secema,

444 2246 500 2283 noa
529 2228 559 2279 ia
587 2234 667 2281 atero
696 2228 807 2291 carnis,
836 2229 888 2281 ced
913 2227 944 2280 ia
970 2227 1072 2281 virtute
1095 2225 1280 2295 baptimatis.
1306 2226 1458 2276 nascantur
1474 2220 1599 2276 membra
1616 2219 1727 2275 Christi.
1764 2217 1794 2275 si
1813 2226 1968 2272 narmmtnr
1982 2221 2088 2287 raam,
2111 2225 2141 2273 nt

388 2360 390 2362 .
445 2319 469 2369 4.
488 2312 531 2366 Ex
557 2312 684 2368 omnibus
701 2311 859 2383 Scripturae
881 2312 1060 2375 testimoniis,
1083 2327 1156 2382 quae
1181 2311 1218 2366 de
1242 2310 1281 2365 ef·
1306 2306 1429 2378 loquitur
1448 2306 1593 2374 Calvinus,
1619 2306 1718 2379 utique
1738 2311 1839 2360 natura
1858 2309 1925 2359 suut
1942 2305 2042 2360 sancti.
2076 2306 2141 2360 Pec-

443 2398 520 2453 iectu
537 2396 666 2467 baptismi
684 2402 788 2468 agunt,
812 2396 888 2468 quod
905 2396 1011 2452 scilicet
1028 2396 1065 2451 sit
1081 2397 1221 2451 lavacrum
1239 2412 1280 2450 re·
1306 2399 1400 2448 catum
1426 2392 1561 2464 originale
1587 2391 1657 2447 iacit
1678 2391 1767 2446 filium
1789 2391 1862 2459 irae,
1891 2390 2028 2445 sanctitas
2052 2397 2141 2446 autem

445 2481 632 2554 generationis
651 2487 680 2536 et
702 2482 889 2537 renovationis
911 2487 965 2538 etc.
1006 2481 1076 2537 Cum
1100 2481 1174 2537 euim
1195 2481 1280 2536 etiam
1306 2479 1362 2534 ista
1377 2477 1465 2532 filium
1482 2479 1597 2549 gratiae.
1633 2479 1769 2550 Pelargus
1787 2476 1879 2531 adhuc
1896 2476 2008 2532 orthod.
2026 2477 2055 2531 in
2070 2477 2140 2531 notis

444 2567 663 2627 Christianorum
697 2566 799 2622 liberae
837 2583 887 2639 per
920 2566 1090 2638 baptismum
1121 2567 1280 2638 regenerari
1306 2563 1343 2617 ad
1370 2563 1526 2618 Candidum
1551 2580 1617 2635 pag.
1637 2569 1685 2620 22:
1720 2566 1828 2624 Quaero
1850 2563 1894 2616 hic
1911 2579 1956 2616 me
1973 2560 2141 2617 incitemur

444 2659 587 2725 oporteat,
605 2652 704 2723 utique
723 2658 787 2707 ante
807 2651 976 2723 baptismum
993 2669 1049 2706 nou
1068 2657 1134 2706 sunt
1153 2651 1280 2722 regeniti,
1302 2648 1439 2718 placidae
1464 2649 1597 2704 tammam
1634 2649 1779 2704 Sanctitas
1798 2648 1985 2720 praeceditur
2007 2656 2039 2702 at
2057 2665 2141 2704 caasa

445 2755 498 2794 nec
517 2738 614 2805 sancti,
633 2754 686 2792 nec
704 2737 758 2791 Dei
770 2736 830 2793 filii.
866 2737 1006 2792 Lutheme
1019 2737 1048 2790 in
1067 2754 1091 2792 c.
1105 2743 1146 2793 21.
1159 2736 1278 2793 Genea:
1306 2735 1562 2804 repenarctioaem,
1591 2753 1631 2788 ao
1657 2742 1793 2805 tanquam
1815 2736 1928 2805 effectae
1947 2736 2140 2805 mdesqrciaat

448 2823 1280 2891 Quantumoirsanctieintpateretmctcr,tamenhccfile‘ie,
1306 2823 1438 2891 mebaeqrei
1455 2824 1585 2890 affimnat
1603 2822 1749 2892 apostolae
1767 2824 1791 2877 1.
1811 2822 1876 2877 Cor.
1894 2824 1925 2884 e,
1952 2840 1977 2876 o.
1997 2825 2039 2879 11.
2057 2822 2142 2876 abieti

445 2910 497 2977 qui
507 2925 540 2961 ec
553 2909 593 2962 eie
605 2915 768 2976 nascuntur,
783 2910 970 2979 aanprodeat,
979 2927 1036 2963 eoa
1047 2909 1194 2963 calcantur
1206 2910 1280 2977 idco,
1306 2908 1381 2977 ectio,
1398 2908 1568 2976 sanctificati
1581 2909 1654 2962 enim
1666 2909 1740 2963 estet.
1770 2908 1823 2962 Tit.
1835 2911 1863 2976 3,
1873 2925 1899 2965 r.
1914 2912 1949 2961 5.-
1968 2909 2017 2961 Ea·
2029 2925 2084 2963 aaa
2094 2910 2140 2962 mi·

336 2998 432 3043 111114.
446 2994 656 3048 aedmealcari
674 2995 800 3059 debeam,
820 3013 891 3065 oper
908 3003 948 3050 est
965 3004 996 3049 nt
1012 2996 1210 3065 promissionis
1226 2997 1283 3062 filii
1306 2996 1465 3049 rericordia
1483 2995 1605 3048 servarit
1622 3011 1674 3049 noe
1688 3011 1743 3065 per
1761 2995 1906 3049 lavacrum
1921 2996 2140 3064 reperies-ationis

447 3082 525 3148 fiant,
544 3088 570 3134 et
588 3081 645 3150 apri
662 3098 770 3151 qaoque
784 3082 970 3151 promissioni
980 3084 1112 3145 credam
1131 3083 1196 3136 ideo
1210 3083 1282 3142 enim
1306 3087 1334 3133 et
1350 3081 1540 3135 renovationis
1561 3080 1687 3150 Spiritus
1703 3098 1725 3134 e.
1743 3080 1794 3134 udi
1804 3081 1889 3151 prior
1905 3082 2084 3148 regeneratio
2100 3096 2139 3134 re·

450 3167 577 3236 mapulas
600 3174 709 3236 oportet
733 3168 879 3237 baptizari.
914 3166 1057 3222 ”Eadem
1073 3167 1189 3237 veritas,
1215 3186 1282 3240 qua·
1307 3168 1455 3221 aoranae
1482 3167 1526 3221 ael
1553 3166 1782 3231 reedificatione.
1839 3164 1948 3228 Quodsi
1976 3170 2140 3237 uattyyere·

449 3260 512 3309 tuor
548 3254 702 3310 rationibus
732 3270 818 3325 supra
846 3252 971 3308 stabilita
1001 3252 1156 3309 confirmari
1182 3260 1282 3325 potest.
1307 3257 1374 3305 otor
1393 3254 1530 3307 eaactitae
1546 3270 1615 3307 vera
1632 3254 1742 3306 demum
1760 3252 1899 3322 aequiter,
1921 3254 2062 3321 memorio
2081 3260 2141 3307 cate

447 3348 472 3399 t.
502 3341 545 3395 Ex
567 3340 706 3396 communi
730 3344 818 3395 morte
843 3339 944 3396 Genea.
966 3344 994 3407 2,
1018 3357 1044 3393 v.
1073 3345 1111 3395 17.
1152 3340 1231 3396 Rem.
1257 3347 1282 3404 6,
1308 3340 1389 3394 ecam
1407 3356 1466 3393 eece
1484 3339 1611 3394 dicitur!
1627 3339 1818 3407 foederatam,
1831 3338 1955 3408 'tamer
1971 3342 2140 3408 praecedere

446 3432 533 3482 1123.
578 3433 603 3482 e.
623 3426 650 3480 Α
673 3425 843 3481 redemtione
869 3423 970 3480 Christi
995 3430 1019 3480 2.
1037 3424 1099 3480 Cor.
1126 3433 1156 3489 5,
1184 3444 1211 3482 v.
1241 3434 1280 3485 14.
1307 3427 1471 3494 statutam
1501 3434 1531 3478 at
1557 3443 1696 3496 quaeram
1724 3425 1779 3479 eta
1797 3424 1975 3493 foederatis,
2003 3442 2077 3494 qaae
2104 3434 2140 3480 ert

446 3512 525 3568 Rom.
544 3518 568 3577 5,
587 3530 612 3567 r.
633 3518 657 3568 6.
693 3510 986 3581 ’ΛΑ-παλιγγενεσίας
1003 3510 1167 3568 necessitate
1178 3512 1242 3568 Joh.
1256 3520 1280 3582 3,
1304 3513 1389 3581 prior
1413 3512 1476 3581 ipro
1498 3514 1636 3575 foederet
1660 3513 1710 3565 adi
1735 3512 1808 3565 enim
1820 3512 1930 3578 foedae
1948 3510 2028 3564 iliad
2044 3529 2140 3566 aecum

446 3616 472 3653 v.
493 3603 516 3651 5.
558 3602 582 3652 8.
600 3598 628 3650 A
646 3596 784 3651 communi
802 3596 983 3665 experientia,
1008 3613 1080 3668 quae
1101 3602 1227 3667 testatur,
1248 3617 1282 3654 ex
1307 3598 1366 3651 orti
1387 3598 1419 3649 in
1440 3598 1593 3667 baptimo,
1617 3597 1648 3650 in
1666 3615 1721 3667 quo
1733 3598 1785 3667 jus
1803 3597 1929 3660 filioram
1946 3597 2007 3650 Dei
2021 3605 2140 3667 primam

447 3682 501 3752 piis
530 3680 690 3751 parentibus
714 3681 873 3751 saepissime
899 3681 976 3735 nacci
1006 3680 1078 3736 filios
1104 3682 1215 3753 impios,
1248 3701 1281 3739 ex
1309 3683 1504 3753 adipiscimur,
1522 3684 1580 3736 nisi
1597 3684 1670 3736 caim
1688 3684 1752 3752 quir
1769 3690 1883 3736 renatus
1893 3683 1989 3750 suerit
2007 3690 2061 3738 etc.
2087 3684 2139 3739 Ru·

446 3767 555 3821 Adamo
565 3766 643 3833 Cain,
663 3783 696 3821 ex
713 3766 809 3822 Isaaco
828 3768 910 3835 Esau,
929 3785 963 3822 ex
974 3767 1083 3824 Daride
1095 3768 1263 3825 Absalonfi*
1309 3768 1427 3840 delphus
1452 3768 1547 3827 Cualt.
1576 3768 1667 3823 homil
1687 3776 1712 3824 4.
1739 3767 1768 3822 in
1792 3767 1870 3824 doh:
1900 3767 1977 3829 Quid
1997 3769 2053 3823 illa
2075 3773 2139 3838 (aar

483 3857 541 3908 213.
573 3852 657 3907 Adde
671 3853 745 3924 quod
758 3853 851 3923 opinio
863 3853 912 3907 illa
927 3854 961 3909 de
973 3854 1119 3910 sanctitate
1132 3855 1281 3912 liberorum
1307 3855 1379 3909 nalis
1397 3855 1549 3926 generatio)
1566 3856 1660 3918 saciat
1678 3857 1720 3909 ad
1737 3856 1870 3923 satutem,
1899 3871 1962 3908 mem
1976 3857 2091 3924 pollata
2107 3858 2140 3910 rit

422 3945 512 3994 .ante
523 3938 692 4009 baptismum
704 3939 857 4010 Pelagiano
874 3939 959 3995 errori
977 3957 1011 3994 ex
1028 3947 1108 4010 parte
1125 3941 1161 3995 sit
1179 3943 1279 3999 affinis⁴
1308 3949 1334 3994 et
1370 3950 1490 3995 naturae
1527 3941 1733 4010 corruptionem
1762 3957 1795 3993 ee
1822 3940 1915 4010 primo
1943 3951 2064 4010 parents
2094 3962 2140 3998 cea

388 4024 423 4093 ⁰:
446 4024 577 4091 Quamvis
595 4023 669 4081 enim
688 4025 843 4079 sanctitatis
861 4024 1038 4081 efficientiam
1064 4027 1160 4081 merita
1178 4027 1281 4083 Christi
1306 4028 1479 4081 hereditario
1494 4028 1565 4096 jure
1588 4028 1618 4080 io
1640 4044 1691 4079 aar
1711 4027 1919 4094 transfundat!
1941 4028 1978 4080 de
1995 4027 2051 4081 itta
2072 4038 2140 4082 certe

400 4185 410 4195 ·
445 4111 617 4183 relinquant,
638 4128 691 4166 nec
717 4116 833 4167 naturae
852 4111 1039 4167 innocentiam
1059 4130 1133 4167 more
1152 4112 1279 4183 Pelagia-
1307 4114 1407 4167 David
1427 4114 1592 4181 loquetatur
1611 4112 1712 4167 Psalm.
1732 4118 1782 4167 511
1806 4112 1851 4166 En
1868 4128 1921 4183 ego
1940 4112 1970 4167 in
1988 4113 2138 4185 iniqnitati-

355 4244 362 4258 ,
444 4213 542 4251 norum
565 4197 705 4265 tribuant,
730 4197 759 4251 iu
784 4213 816 4251 eo
842 4203 934 4252 tamen
956 4198 1024 4268 ipsis
1041 4196 1190 4271 ὁμόψηφοι
1208 4204 1280 4266 sunt,
1305 4199 1358 4254 bus
1374 4200 1509 4253 formatus
1527 4217 1589 4254 aum
1605 4203 1635 4253 et
1650 4198 1680 4253 in
1699 4197 1823 4269 peccatis
1842 4198 1971 4267 concepit
1989 4216 2035 4254 me
2053 4208 2137 4256 mater

445 4281 520 4352 quod
545 4282 654 4354 gratiae
680 4282 791 4337 divinae
821 4299 906 4353 supra
932 4288 1078 4352 peccatum
1103 4282 1280 4337 exuberantis
1305 4302 1374 4341 mea
1401 4288 1578 4342 -Peccatorec
1604 4303 1671 4356 erpo
1701 4286 1845 4339 nascimur
1868 4293 1894 4338 et
1910 4285 1968 4349 filii
1982 4286 2061 4356 irae,
2087 4306 2138 4342 noa

443 4366 547 4421 rivulos
572 4385 627 4422 non
652 4385 685 4424 ex
705 4368 800 4422 limine
820 4369 916 4424 domus
934 4368 1097 4423 Dominicae
1116 4368 1153 4422 ad
1170 4386 1220 4423 nos
1239 4368 1279 4422 di·
1299 4372 1361 4440 filii
1379 4372 1554 4440 adoptionis,
1582 4373 1632 4441 qai
1656 4374 1698 4425 ad
1719 4371 1902 4424 hereditatem
1924 4371 2070 4425 coelestem
2088 4375 2137 4426 aci·

444 4468 568 4520 manare,
591 4454 640 4509 sed
663 4453 723 4508 eine
747 4453 845 4508 mediis
871 4453 1003 4508 divinitus
1023 4453 1156 4508 ordinatis
1175 4454 1211 4507 ad
1228 4471 1278 4509 noe
1305 4458 1379 4510 mitti
1386 4464 1554 4525 mereantur,
1566 4457 1841 4511 aedeTertalliaaas
1852 4457 1921 4511 otim
1930 4465 2004 4511 recte
2015 4459 2138 4512 dicebat.-

320 3142 340 3181 ὁ

444 4537 588 4609 pervenire
605 4539 784 4607 contendunt,
803 4540 863 4593 sine
880 4539 989 4610 quibus,
1005 4546 1121 4611 excepto
1139 4556 1207 4594 casu
1223 4538 1291 4610 pri-¹
1305 4542 1453 4597 Christiani
1465 4541 1546 4609 fiunt,
1560 4561 1616 4597 non
1627 4545 1818 4598 nascuntur.*·
1844 4543 2072 4613 Respondemus:
2085 4561 2137 4615 qua

443 4621 577 4688 rationis,
600 4623 668 4678 nihil
688 4642 799 4695 sperare
826 4642 972 4696 possumus
996 4632 1045 4681 aut
1063 4625 1213 4692 debemus,
1247 4628 1291 4678 nt¹
1305 4629 1398 4698 specie
1423 4644 1526 4697 negare
1542 4636 1673 4698 possunt,
1699 4629 1835 4685 internam
1849 4628 2028 4684 sanctitatem
2046 4630 2136 4686 liberie

444 4714 563 4765 testatur
578 4708 760 4766 risioEaech.
781 4717 824 4779 41,
843 4728 868 4763 v.
892 4716 914 4765 1.
934 4715 963 4764 et
979 4727 1055 4780 seqq.
1084 4711 1173 4766 Usum
1192 4682 1292 4832 igituri
1307 4712 1525 4767 Christianorum
1554 4719 1618 4768 ante
1645 4714 1814 4785 baptismum
1844 4733 1862 4770 a
1886 4731 1916 4770 ec
1943 4714 2046 4785 tribui,
2078 4734 2137 4772 cnm

445 4795 535 4866 operis
546 4810 595 4849 seu
609 4794 822 4865 applicationem
840 4796 930 4850 meriti
942 4795 1045 4850 Christi
1063 4795 1099 4850 ab
1117 4796 1177 4867 ipso
1196 4813 1278 4866 opere
1290 4846 1292 4873 ἶ
1304 4799 1376 4853 hanc
1393 4797 1561 4869 hypothesin
1578 4798 1657 4854 enixe
1677 4805 1815 4871 tueantur,
1834 4819 1885 4873 per
1901 4801 2073 4871 baptismum
2084 4819 2136 4858 non

445 4898 493 4936 seu
513 4880 610 4935 merito
622 4879 724 4935 Christi
736 4899 793 4937 non
807 4883 996 4938 discernentes
1008 4887 1036 4937 et
1047 4882 1166 4954 gratiam
1179 4881 1233 4937 Dei
1245 4898 1278 4935 ac
1290 4927 1292 4954 ,
1306 4884 1425 4939 conferri
1444 4885 1598 4941 infantibus
1615 4886 1718 4941 donum
1738 4889 1896 4956 υἱοθεσίας,
1913 4887 2081 4958 adoptionis,
2098 4905 2136 4943 re

444 4967 572 5022 meritum
589 4966 692 5022 Christi
709 4967 768 5022 sine
786 4968 884 5024 mediis
905 4968 1098 5040 applicationis
1110 4984 1278 5039 magnopere
1304 4970 1490 5041 generationis
1514 4977 1543 5025 et
1565 4971 1674 5039 salutis,
1700 4973 1751 5027 sed
1776 4980 1884 5029 tautum
1903 4972 1933 5027 in
1950 4972 2006 5027 illis
2023 4991 2074 5044 per
2090 4975 2193 5029 balli

444 5054 638 5126 praedicantes
650 5053 766 5124 perinde
786 5054 900 5125 faciunt,
918 5073 951 5111 ac
970 5056 993 5110 si
1011 5056 1072 5126 quis
1084 5055 1188 5110 iontem
1200 5060 1279 5109 extra
1305 5057 1436 5127 ptismum
1455 5058 1525 5112 haec
1542 5057 1615 5112 dona
1635 5058 1796 5129 obsignari?
1813 5075 1877 5114 cum
1896 5058 1998 5114 diserte
2006 5059 2136 5127 scribant,

445 5140 579 5211 oppidum
603 5139 797 5195 scauuientem
813 5158 980 5213 magnopere
998 5142 1110 5213 quidem
1127 5141 1277 5212 praedicet,
1303 5141 1406 5198 liberos
1435 5142 1655 5198 Christianorum
1692 5150 1758 5199 ante
1793 5144 1962 5215 baptismum
1993 5162 2053 5201 ease
2084 5145 2135 5200 Dei

446 5227 496 5283 sed
515 5226 590 5281 cives
610 5227 646 5280 ad
664 5225 775 5281 candes
794 5226 959 5294 seufistulas,
977 5244 1114 5298 perquer
1135 5244 1208 5299 aqua
1229 5225 1278 5281 illa
1304 5228 1384 5296 filios,
1401 5246 1461 5284 esse
1473 5229 1576 5285 Christi
1594 5230 1726 5299 membra,
1745 5231 1847 5287 habere
1862 5231 1995 5301 jusvitae
2008 5238 2135 5287 aeternae

444 5313 560 5368 fontana
572 5312 608 5367 ad
617 5312 750 5383 oppidum
757 5311 910 5379 deducitur,
922 5313 1110 5369 nondeducat.
1129 5313 1278 5370 VideHes·
1305 5321 1355 5371 etc.
1391 5315 1470 5379 Quae
1488 5317 1580 5371 omnia
1599 5317 1659 5371 sine
1678 5316 1787 5373 interna
1805 5318 1953 5373 sanctitate
1968 5334 2025 5373 non
2037 5317 2138 5373 habent

444 5399 555 5453 husium
571 5397 600 5451 in
620 5399 723 5469 scripto
734 5404 830 5454 contra
842 5414 961 5455 errorem
974 5399 1008 5455 de
1020 5401 1166 5456 sanctitate
1177 5400 1277 5456 libero·
1303 5401 1402 5456 locum.
1436 5401 1524 5459 Hebr.
1551 5408 1596 5464 12,
1622 5420 1647 5457 v.
1678 5408 1722 5459 14:
1754 5404 1821 5458 Sine
1846 5403 2034 5458 scammonia
2061 5421 2138 5457 eremo

445 5502 505 5539 rum
524 5502 558 5539 ex
576 5483 738 5539 Christianis
756 5491 892 5550 natarum,
909 5501 1037 5541 recusum
1050 5486 1194 5542 Ersordiae
1205 5504 1286 5541 anno·
1303 5488 1408 5541 videbit
1427 5491 1528 5543 Deam
1560 5489 1640 5555 Quod
1660 5505 1741 5559 porro
1760 5490 1797 5545 ad
1817 5489 1994 5545 sanctitatem
2012 5489 2137 5545 foedera·

448 5576 520 5627 1584.
561 5568 727 5626 Schilterum
746 5570 775 5625 in
793 5569 898 5626 catech.
917 5587 978 5640 cap.
1000 5571 1035 5627 de
1055 5572 1200 5643 baptismo.
1303 5575 1357 5629 lem
1375 5574 1489 5640 attinet,
1508 5591 1541 5629 ea
1560 5575 1667 5645 duplici
1684 5576 1766 5631 modo
1783 5574 1903 5647 intelligi
1922 5582 2030 5647 potest,
2050 5578 2138 5648 prime

315 5656 425 5750 {333⁰
480 5661 538 5712 114.
574 5655 736 5726 Excipiunt,
762 5657 989 5723 diatiapueedum
1007 5674 1064 5710 eree
1083 5660 1155 5712 inter
1174 5661 1278 5713 sancti·
1305 5661 1380 5732 quod
1398 5660 1551 5716 infantibus
1570 5661 1786 5717 Christianorum
1805 5668 1902 5733 pateat
1919 5663 2011 5718 aditus
2030 5664 2068 5718 ad
2086 5663 2137 5719 Dei

316 5762 410 5803 iterun.
444 5748 528 5794 tatem
544 5742 727 5809 foederatam
750 5749 779 5796 et
802 5743 949 5797 internam.
987 5742 1171 5799 Sanctitatem
1193 5747 1278 5801 iater-
1303 5746 1402 5803 foedus
1420 5763 1471 5818 per
1488 5746 1672 5817 baptismum
1695 5748 1832 5812 secundo,
1857 5749 1932 5820 quod
1950 5756 2018 5804 ante
2036 5750 2138 5821 baptis·

338 5839 344 5849 ·
443 5844 509 5883 eam
527 5844 547 5879 a
562 5844 593 5884 ae
611 5845 667 5884 noa
686 5828 774 5885 tritri
790 5828 903 5898 tiberr'e,
921 5832 972 5886 aed
988 5830 1163 5885 sanctitatem
1174 5833 1277 5899 foede·
1304 5849 1380 5887 mum
1398 5839 1464 5887 actu
1481 5832 1537 5888 sint
1554 5834 1582 5888 in
1600 5833 1653 5889 Dei
1674 5833 1794 5890 foedere.
1831 5833 1922 5889 Priori
1941 5850 2026 5891 senen
2044 5852 2139 5892 conec·
