4800 6659
944 553 995 625 na
1014 569 1127 628 sorus
1146 568 1342 629 ornamus.
1947 585 1985 641 37

236 729 238 748 ¹
313 718 413 789 gratiam
429 718 582 790 implorat,
613 722 663 777 sed
691 722 766 794 quod
795 741 875 779 nemo
904 725 996 780 instar·
1016 726 1129 797 Moysis,
1154 726 1244 781 solum
1268 726 1369 782 delicta
1391 728 1568 798 agnoscenda
1590 745 1623 783 ac
1647 729 1818 800 deploranda
1841 748 1915 798 esse,
1937 732 1985 786 sed

310 804 411 860 lsronis
428 812 457 861 et
474 807 604 874 aliorum,
628 809 676 880 qui
701 810 896 867 intercessione
920 829 972 867 sua
990 812 1043 868 Dei
1060 814 1128 867 iram
1153 813 1237 868 etiam
1257 813 1415 868 interiorem
1438 815 1514 868 illam
1537 815 1622 869 totius
1647 821 1760 871 naturae
1784 816 1986 888 corruptionem

307 897 459 957 creseunt,
475 901 588 965 praesto
605 896 649 961 sit,
668 905 699 951 ut
716 906 833 969 apparet
848 917 881 954 ex
900 900 992 974 verbis
1013 905 1237 971 sequen-atque
1273 899 1480 956 immunditiem.
1534 899 1662 955 Ceterum
1696 902 1770 973 quod
1808 902 1876 956 alibi
1913 902 1986 957 bona

306 978 376 1047 tibus,
393 996 478 1051 quam
498 981 696 1052 expositionem
709 982 838 1038 Sanctius
858 986 888 1039 in
905 985 958 1040 hoc
971 987 1032 1040 loco
1045 1004 1070 1043 v.
1086 967 1238 1054 redoperi
1271 992 1429 1041 renatorum
1465 987 1692 1042 commendantur
1722 1005 1755 1042 ac
1784 988 1985 1058 praedicantia,

302 1065 423 1136 exemplis
441 1066 550 1138 aliquot
567 1068 755 1125 mammasti*
785 1070 859 1126 Vide
877 1072 960 1125 etiam
978 1041 1222 1128 cacatumlillud
1240 1089 1295 1125 non
1312 1072 1344 1127 fit
1363 1074 1427 1129 inde
1444 1082 1473 1128 et
1490 1074 1563 1138 ideo,
1591 1074 1671 1145 quasi
1687 1075 1760 1127 omni
1779 1074 1986 1144 imperfectione

299 1151 328 1204 de
356 1151 418 1223 lege
449 1149 478 1227 ξ
509 1158 565 1209 181.
598 1154 646 1210 nbi
678 1172 711 1209 ex
742 1157 917 1221 Bernhardo‚
945 1158 1069 1213 Gersons
1099 1141 1181 1246 ctist
1199 1158 1372 1215 immunditie
1390 1169 1512 1231 careant,
1530 1161 1580 1215 sed
1600 1160 1666 1231 quia
1683 1177 1716 1215 ex
1736 1157 1791 1213 fide
1808 1158 1984 1231 proficiscun-

236 1237 417 1293 naldmno
435 1239 472 1293 de
483 1238 614 1310 'lhajecto
631 1242 808 1310 ostendimus,
828 1243 863 1298 de
881 1244 948 1315 ipsis
968 1250 1126 1299 renatorum
1152 1251 1198 1298 tur
1223 1253 1251 1300 et
1272 1245 1365 1300 filialis
1391 1247 1517 1317 obsequii
1542 1246 1604 1300 loco
1631 1246 1741 1301 coelesti
1759 1246 1851 1314 Patri,
1874 1246 1918 1300 eui
1936 1261 1986 1315 per

292 1324 405 1394 justitiis
431 1325 489 1381 sive
519 1326 599 1381 bonis
631 1327 760 1398 operibus
793 1328 883 1383 locum
913 1329 1125 1401 intelligendum
1153 1330 1294 1386 Christum
1320 1342 1385 1387 sunt
1407 1333 1578 1388 reconciliati
1603 1340 1687 1403 atque
1705 1332 1825 1402 accepti,
1849 1349 1905 1385 una
1922 1347 1985 1384 cum

294 1427 364 1479 ease,
391 1412 493 1466 scitum
518 1413 676 1483 cumprimis
699 1422 742 1469 est
766 1414 835 1468 illud
853 1416 984 1470 Adriani:
1012 1417 1250 1492 Jupiter;humili
1272 1427 1448 1491 peecatorum
1475 1418 1645 1474 confessione
1672 1418 1834 1473 offeruntur.
1862 1408 1904 1471 ⁴2.
1921 1418 1987 1470 Etsi

292 1514 374 1567 saper
393 1516 523 1568 pannum
547 1501 635 1564 ritae,
662 1519 741 1571 qaam
765 1503 893 1571 justitiae
911 1504 1042 1571 operibns
1060 1493 1310 1576 teci-{loqueretar
1328 1507 1434 1559 Esaias
1458 1507 1493 1558 ds
1517 1505 1656 1573 omnibus,
1681 1506 1715 1557 id
1739 1514 1778 1557 est
1802 1506 1836 1557 de
1859 1511 1914 1557 toto
1933 1502 1985 1555 illo

292 1602 356 1652 mas,
375 1585 520 1639 steila-mus
537 1588 644 1640 saniem
663 1590 838 1642 diversorum
855 1591 1021 1658 crimirmm;
1039 1588 1080 1642 uti
1098 1595 1126 1642 et
1138 1583 1140 1670 1
1147 1593 1264 1660 popolo,
1280 1601 1371 1645 tamen
1390 1611 1446 1645 non
1466 1593 1632 1660 loquebator
1651 1594 1687 1644 de
1707 1592 1831 1645 omnibus
1841 1608 1895 1661 pro
1912 1590 1987 1643 omni

291 1668 422 1725 Gereonio
433 1671 518 1725 illud:
539 1671 606 1734 Quis
613 1674 744 1741 justitias
757 1692 822 1727 suas
835 1675 908 1728 velat
922 1675 1287 1754 ploriabandusjtempore,
1310 1680 1362 1731 sed
1386 1678 1476 1729 salum
1495 1695 1552 1746 pro
1575 1695 1606 1731 so
1629 1685 1760 1747 tempore,
1778 1695 1832 1745 qao
1853 1676 1987 1729 tradendi

290 1758 467 1811 memoreris
501 1758 565 1811 Dso
594 1760 660 1827 plns
692 1776 775 1827 qaam
798 1778 925 1829 pannum
950 1757 1232 1827 confusionislerant
1247 1773 1366 1833 propter
1378 1783 1486 1817 sansma
1500 1764 1621 1832 ipsos-am
1635 1764 1743 1817 scelera
1754 1763 1784 1816 in
1796 1762 1985 1830 captivitatem
2039 1820 2042 1825 ,

289 1860 353 1895 mas
376 1844 480 1897 mulier
498 1845 581 1898 aira!
616 1843 724 1908 Quibus
747 1847 820 1901 adde
838 1847 986 1918 Origenem
1009 1848 1037 1901 in
1056 1864 1080 1901 a.
1100 1853 1123 1901 3.
1136 1837 1139 1946 1
1154 1848 1364 1917 Babylonicum.
1390 1851 1615 1921 Respondemus:
1632 1867 1667 1904 ex
1684 1856 1761 1904 textu
1774 1849 1886 1920 quidem
1900 1846 1985 1902 mani·

290 1929 364 1987 Rom.
388 1931 431 1985 sic
452 1937 698 1985 commentantem:
730 1932 797 1995 Quis
816 1935 972 1987 substantia
991 1953 1044 1988 saa
1064 1935 1252 2002 plo-riestum
1276 1944 1331 2000 est,
1367 1937 1403 1992 de
1425 1944 1549 2007 tempora
1570 1936 1771 2007 Babylonieam
1797 1936 1985 2006 captivitatem

290 2017 416 2081 sistitur,
444 2034 506 2070 cam
535 2019 637 2073 enatat
659 2019 829 2087 prophetam
856 2020 1006 2087 dicentem,
1036 2001 1310 2104 omns'slantegresso
1327 2021 1491 2093 prophetam
1509 2022 1594 2093 loqui,
1614 2023 1664 2077 sed
1681 2023 1755 2094 quod
1773 2030 1880 2075 tantam
1900 2022 1935 2076 de
1953 2038 1985 2075 eo
2017 2085 2020 2093 1

286 2102 397 2170 justitia
415 2111 515 2157 nostra
532 2106 604 2158 sicea
617 2122 731 2172 pannas
750 2109 958 2160 menstruatae?
976 2107 1018 2161 uti
1040 2106 1123 2161 ctiam
1150 2107 1291 2178 loquatur,
1324 2108 1373 2162 illa
1402 2109 1543 2163 exclusiva
1566 2125 1708 2179 nunquam
1736 2108 1839 2179 poterit
1856 2123 1889 2161 ex
1907 2110 1985 2160 textu

290 2187 440 2245 Macarium
469 2189 562 2246 homil.
592 2196 633 2245 ro.
665 2209 693 2262 p.
718 2198 783 2247 290:
820 2193 948 2246 Postulat
977 2194 1074 2246 aninsa
1105 2212 1124 2247 a
1147 2193 1222 2261 elici,
1248 2195 1316 2265 quin
1339 2195 1394 2248 imo
1421 2195 1654 2264 quemadmodum
1672 2194 1774 2249 Daniel
1796 2194 1824 2247 in
1848 2193 1905 2246 suis
1923 2208 1984 2263 pre·

292 2276 414 2343 amco,
442 2277 493 2345 qni
516 2278 641 2346 laspitor
665 2285 748 2345 atque
767 2287 883 2332 exornat
901 2296 963 2332 eam
980 2280 1076 2347 pieria
1092 2280 1124 2332 in
1149 2279 1227 2333 cibus
1250 2297 1273 2334 c.
1295 2286 1318 2335 9.
1345 2289 1454 2349 patrum
1481 2297 1513 2333 ac
1540 2282 1677 2353 majprum
1700 2280 1804 2334 delicta
1828 2276 1983 2346 confitetur,

290 2362 388 2416 lamine
407 2380 516 2416 arcano
535 2379 585 2417 nec
605 2372 720 2417 consata
740 2364 796 2416 sibi
812 2373 884 2417 cesta
901 2382 1039 2418 canaram
1050 2368 1122 2434 copi·
1148 2365 1187 2419 ita
1205 2383 1315 2437 quoque
1327 2367 1424 2421 Esaias
1443 2375 1471 2421 et
1489 2367 1623 2423 ieremias
1642 2383 1771 2437 expressa
1790 2366 1897 2432 docent,
1916 2381 1982 2418 cau-

290 2448 423 2501 tationam
446 2449 599 2503 arbitretur
619 2451 760 2519 propriae
771 2451 905 2519 justitias
924 2452 1056 2520 opinione
1075 2454 1123 2504 de-
1134 2415 1137 2482 1
1147 2469 1208 2506 sam
1226 2452 1391 2524 Babyloniei
1408 2453 1496 2506 exsilii
1513 2470 1568 2507 nou
1587 2453 1642 2506 illis
1659 2453 1762 2521 solum,
1781 2450 1875 2522 quiin
1894 2450 1980 2520 capti·

290 2542 382 2604 septu,
409 2552 441 2589 ss
456 2536 559 2589 habas
583 2539 773 2590 sestinrcntam
796 2538 886 2606 ipsias
903 2538 1050 2594 salutaris.
1089 2539 1123 2592 Si
1147 2539 1261 2594 vitatem
1279 2538 1407 2607 abducti,
1437 2540 1486 2595 sed
1504 2546 1532 2595 et
1550 2540 1678 2610 patribus
1698 2539 1820 2610 ipsorum
1838 2536 1980 2592 manumi-

288 2622 355 2675 sns'm
375 2623 407 2675 in
427 2639 481 2675 saa
495 2623 606 2690 justitia
624 2632 708 2692 atqae
729 2624 919 2692 redemptione
944 2625 1035 2677 solnm
1059 2626 1267 2702 qaisqbendam
1286 2643 1353 2681 esse.
1389 2626 1495 2680 Demus
1518 2632 1611 2681 autem
1634 2643 1667 2681 ex
1684 2624 1847 2696 hypothesi,
1873 2629 1981 2678 tantum

284 2709 451 2776 perstiterit,
473 2710 587 2774 fnestra
612 2728 647 2763 ac
670 2720 773 2763 temere
797 2707 907 2764 labores
929 2712 979 2764 ille
998 2707 1182 2782 accipiatur
1206 2730 1238 2767 eo
1256 2720 1393 2784 tempore,
1418 2713 1494 2784 quod
1512 2712 1703 2782 captivitatem
1722 2719 1913 2782 antegressum
1932 2719 1982 2773 est,

289 2795 382 2849 Omnis
400 2796 475 2849 enim
492 2796 588 2866 opinio
600 2798 734 2866 justitiae
754 2798 816 2866 ejas
834 2798 908 2851 celat
923 2816 1036 2867 pannas
1048 2816 1120 2852 men·
1133 2785 1136 2830 f
1146 2798 1311 2869 prophetam
1330 2798 1416 2870 loqui,
1436 2799 1644 2854 concedendum
1662 2804 1755 2854 tamen
1775 2798 1834 2866 erit,
1854 2797 1902 2851 illo
1922 2797 1982 2867 ipso

287 2889 410 2934 nraawe
440 2891 562 2951 apparet
587 2885 616 2936 in
644 2893 763 2937 eatremo
790 2885 852 2951 die,
884 2893 915 2937 nt
939 2885 1029 2953 inquit
1052 2890 1271 2955 pro-,tempore
1293 2890 1421 2940 sanctum
1452 2885 1592 2955 quoddam
1616 2903 1709 2941 semen
1729 2885 1820 2940 Deum
1843 2883 1897 2937 sibi
1921 2882 1982 2937 reli·
1997 2888 2056 2930 vnn
2069 2888 2102 2931 ia

285 2968 368 3035 pieta
390 2968 517 3021 Esaias:
546 2970 639 3023 Pacta
665 2979 705 3023 est
732 2970 863 3023 universa
882 2971 999 3038 justitia
1022 2955 1240 3042 nostralquisse
1265 2988 1300 3026 ac
1325 2971 1353 3024 in
1381 2971 1517 3026 scelerato
1544 2973 1649 3043 populo
1671 2972 1779 3043 aliquos
1805 2969 1896 3023 adhuc
1918 2985 1982 3023 vars

287 3063 421 3126 mapsam
436 3072 551 3124 pannas
564 3064 761 3109 menstmatae.
788 3056 844 3111 Sed
852 3055 1040 3110 lelsrminus
1058 3074 1121 3131 cop·
1146 3057 1207 3127 pios
1229 3055 1331 3126 fuisse,
1357 3074 1499 3128 nunquam
1521 3057 1595 3111 enim
1617 3056 1711 3112 interit
1729 3055 1853 3111 ecclesia
1894 3054 1981 3126 Atqui

287 3139 369 3211 quirit
394 3140 531 3211 quasdam
553 3141 738 3207 ranunculas,
764 3143 865 3214 quibus
884 3142 990 3212 probet,
1009 3119 1323 3198 Esaiamlnihilominus
1350 3142 1380 3197 in
1405 3160 1491 3215 grege
1517 3121 1679 3214 pronuntiat
1702 3141 1854 3214 propheta,
1887 3158 1982 3195 osma

286 3233 393 3281 tantum
425 3225 460 3281 de
491 3226 647 3297 insignibus
679 3228 872 3299 peccatoribus
904 3228 995 3299 loqui,
1032 3230 1197 3314 primoqnos
1221 3230 1295 3292 facti
1312 3248 1407 3282 mmsis
1425 3230 1501 3282 cetra
1519 3229 1656 3283 immundi
1682 3237 1708 3282 et
1732 3245 1825 3283 amnes
1852 3226 1981 3294 justitiae

286 3315 352 3381 qaia
364 3313 459 3382 paulo
477 3323 541 3368 ante
560 3315 687 3367 dicant:
715 3316 789 3369 Ecce
808 3324 840 3368 ta
860 3316 951 3368 iratas
969 3332 997 3368 ss
1016 3325 1041 3369 et
1055 3334 1121 3386 psc-
1132 3331 1135 3380 ξ
1146 3324 1260 3369 nostras
1283 3316 1355 3368 sicat
1369 3332 1484 3384 pannas
1504 3322 1706 3382 menstruatae,
1733 3313 1769 3367 ad
1788 3312 1877 3368 solam
1895 3311 1982 3383 igitur

285 3402 422 3465 mmmm,
445 3401 479 3453 id
503 3408 544 3454 cst
567 3402 636 3470 qaia
661 3402 753 3455 iratres
771 3420 811 3466 es,
834 3402 984 3455 aesernini
999 3421 1064 3471 nos,
1090 3391 1199 3458 atlDei
1225 3401 1441 3456 misericordiam
1466 3400 1593 3455 omnibus
1620 3399 1850 3471 confugiendum,
1877 3414 1981 3467 nequa-

285 3488 365 3540 Deus
387 3503 439 3539 nec
463 3486 597 3570 irascitur
610 3487 715 3556 justis,
736 3504 787 3541 nec
806 3506 853 3540 eos
873 3489 994 3556 deserit,-
1019 3467 1231 3558 deindclquam
1253 3503 1317 3542 vero
1342 3487 1406 3541 nllis
1432 3486 1563 3558 operibus
1587 3485 1783 3542 confidendum
1807 3501 1867 3539 esse
1892 3484 1981 3538 docet.

285 3573 352 3643 qaia
375 3573 407 3625 in
434 3572 524 3625 vsrbr's
546 3574 722 3641 sequentibus
740 3575 861 3627 additur
879 3592 934 3628 nan
954 3583 993 3627 cst
1012 3576 1062 3644 qui
1078 3578 1173 3648 ι’π-ζὸ.
1200 3575 1267 3627 Non
1297 3574 1422 3642 loquitur
1445 3574 1586 3642 propheta
1614 3574 1649 3625 ds
1679 3573 1804 3626 amnibus
1832 3569 1982 3639 impioram

285 3665 360 3713 aocet
382 3675 484 3712 nornen
501 3666 592 3723 taam,
616 3678 672 3712 raon
691 3668 730 3713 est
748 3661 797 3728 qai
815 3669 916 3729 carpat
934 3668 959 3713 et
976 3669 1067 3715 teneat
1085 3653 1290 3729 scirpea-ihm,
1314 3660 1398 3728 quasi
1422 3660 1517 3713 omnia
1539 3667 1630 3712 essent
1648 3666 1783 3727 peccata,
1809 3658 1861 3711 sed
1875 3663 1982 3710 tantum

285 3746 322 3799 At
339 3744 420 3814 jsmti
436 3745 529 3797 Deam
553 3745 695 3813 invocant,
718 3748 796 3814 qaod
817 3747 848 3799 in
872 3747 923 3800 isac
946 3747 1009 3814 apso
1028 3750 1119 3816 capite
1131 3715 1134 3842 1
1146 3749 1181 3799 de
1200 3747 1331 3814 operibus
1349 3746 1426 3812 illis,
1448 3763 1520 3813 qaae
1538 3746 1597 3815 ipsi
1610 3745 1743 3814 justitias
1761 3761 1819 3797 esse
1832 3744 1982 3812 puniant,

283 3832 356 3897 facit
384 3831 512 3900 Esaiam
542 3830 661 3901 denique
688 3848 776 3899 opera
795 3832 941 3900 justornm
969 3832 1176 3903 Scripseram
1197 3834 1349 3902 sacr-isicia,
1371 3834 1531 3887 neomenias
1550 3840 1600 3885 stc.
1618 3839 1753 3901 poterant
1771 3832 1843 3883 enim
1862 3829 1909 3884 illi
1925 3829 1983 3899 ipsi

284 3919 383 3987 abique
402 3918 578 3971 commendat
596 3936 631 3970 ac
648 3919 712 3971 Deo
732 3927 817 3985 prata
836 3934 894 3971 csse
914 3920 1003 3975 docet.
1038 3921 1118 3988 Erpa
1131 3899 1133 3966 1
1137 3922 1241 3987 facere
1265 3935 1353 3987 opera
1379 3919 1525 3972 naoralder
1552 3920 1638 3985 bana,
1666 3934 1737 3986 qrsae
1762 3933 1811 3969 nec
1834 3916 1981 3970 meritoria

284 4021 338 4058 aas
365 4004 493 4073 loquim
520 4005 555 4057 de
581 4004 711 4072 operias
730 4004 888 4071 justorum,
913 4006 972 4058 nisi
994 4007 1119 4074 quisita
1144 4014 1209 4059 sant
1234 4021 1284 4058 noc
1305 4013 1432 4074 peccata.
1468 4003 1693 4073 Respondemus:
1722 4002 1778 4056 imo
1802 4018 1868 4057 vero
1889 4002 1913 4056 si
1932 4000 1981 4054 ills

284 4090 416 4160 desipiat,
435 4090 618 4157 masmimst,
637 4092 736 4143 sordes
754 4098 917 4159 &pannum
927 4099 1119 4147 menstruatae
1145 4108 1256 4162 quoque
1279 4107 1363 4160 opera
1387 4097 1466 4147 erant
1487 4095 1617 4162 moesta,
1641 4087 1743 4160 quibus
1765 4087 1914 4159 plurimum
1933 4086 1980 4140 tri·

284 4177 346 4230 Deo
365 4177 496 4247 placere.
530 4175 754 4246 Respondemus:
783 4176 925 4246 Propheta
947 4177 976 4231 in
999 4178 1118 4248 publicis
1145 4176 1269 4232 buebant
1287 4192 1415 4248 quasque
1432 4194 1483 4248 pro
1503 4193 1610 4231 summo
1630 4174 1684 4230 Dei
1701 4174 1778 4231 cultu
1789 4172 1979 4242 venditabant,

285 4260 358 4319 lisca
383 4260 516 4334 precibus
538 4266 626 4317 totum
651 4261 787 4332 populum
812 4263 1006 4334 complectitur
1029 4270 1059 4320 et
1084 4283 1118 4321 ex
1144 4272 1248 4335 quanto
1272 4263 1362 4335 magis
1384 4261 1493 4334 reliqua
1516 4278 1611 4318 eorum
1635 4277 1721 4333 opera
1742 4260 1884 4316 moraliter
1905 4260 1979 4315 bons

285 4366 348 4406 vera
369 4348 543 4421 poenitentia
558 4349 753 4420 conqueritur,
778 4349 847 4404 uam
864 4349 918 4405 Dei
936 4367 985 4421 per
1002 4360 1119 4422 peccata
1143 4368 1236 4406 coram
1254 4349 1315 4406 Deo
1336 4350 1450 4404 sumunt
1466 4355 1589 4419 peccata,
1608 4348 1639 4402 id
1655 4348 1732 4420 quod
1749 4347 1877 4419 superins
1894 4346 1978 4402 etiam

285 4436 379 4509 populi
395 4442 575 4507 provocatam
595 4452 628 4490 ac
644 4451 681 4490 ue
700 4436 813 4507 quidem
828 4436 888 4506 pios
908 4437 945 4492 ab
963 4438 1037 4492 omni
1055 4391 1409 4510 peeldemonstravimus3
1443 4433 1610 4507 generaliter
1643 4435 1806 4505 pronuntiat
1836 4433 1980 4505 propheta,

284 4525 338 4581 nu
354 4524 421 4579 labe
438 4524 572 4579 immunes
591 4538 659 4591 essa
679 4539 742 4577 cum
756 4523 896 4593 justitiae,
912 4524 966 4579 hoc
985 4531 1027 4579 est
1045 4525 1119 4581 bona
1144 4540 1237 4578 amires
1268 4532 1381 4577 ssastras
1406 4522 1539 4591 justitias
1569 4530 1632 4575 sunt
1660 4522 1733 4574 sicut
1759 4538 1876 4591 pannas
1906 4537 1979 4573 men-

285 4628 368 4683 opera
384 4628 490 4678 eorum,
508 4609 532 4664 si
550 4610 578 4664 in
596 4609 721 4665 districto
735 4608 789 4665 Dei
801 4609 910 4679 judicio
930 4611 1117 4680 aestimentur,
1143 4618 1279 4662 stricatae.
1303 4608 1466 4679 iiiiInsuper
1479 4614 1500 4663 1.
1513 4607 1618 4663 Tsxtns
1631 4614 1674 4662 est
1684 4607 1863 4661 manifestus:
1880 4608 1981 4660 Omnes

259 4689 262 4694 ’
286 4698 338 4753 siut
351 4696 473 4769 peccans
490 4696 655 4752 sordidatas.
695 4695 934 4760 Quemadmodum
947 4713 1013 4768 ergo
1024 4697 1118 4752 David
1143 4704 1258 4749 nostrae
1288 4697 1428 4765 justitiae.
1483 4701 1506 4750 2.
1538 4694 1582 4749 De
1615 4694 1733 4750 leviticis
1762 4692 1922 4749 ememoniis
1952 4698 1981 4747 et

285 4783 320 4839 ab
341 4782 486 4856 agnitione
504 4782 610 4837 externi
627 4782 752 4852 peccati,
773 4782 904 4837 videlicet
920 4782 1063 4851 adulterii,
1082 4784 1119 4837 ed
1144 4780 1288 4838 sacrificiis
1311 4799 1367 4836 non
1391 4789 1506 4853 possunt
1530 4781 1616 4837 verbs
1634 4781 1738 4851 accipi,
1763 4780 1830 4851 quia
1846 4779 1980 4851 templum

285 4870 453 4943 agnitionem
477 4868 613 4923 interioris
635 4868 700 4922 mali
725 4869 916 4940 progreditur,
943 4871 972 4923 in
991 4872 1119 4940 peccatis
1145 4874 1204 4922 erat
1229 4868 1295 4938 igne
1321 4884 1484 4922 succensum
1510 4885 1535 4920 v.
1567 4876 1607 4924 ll.
1634 4874 1663 4921 et
1686 4867 1716 4920 in
1739 4866 1902 4936 captivitate
1926 4882 1981 4921 non

284 4974 341 5012 sess
367 4964 531 5026 ccnccpmm
553 4973 587 5009 ac
610 4964 705 5009 natam
723 4973 781 5010 esse
799 4956 994 5027 pronuntians,
1015 4957 1117 5012 Psalm.
1145 4953 1335 5009 offerebantur
1359 4951 1495 5009 sacrificia
1511 4952 1579 5008 Hos.
1607 4959 1636 5023 3,
1661 4971 1687 5007 v.
1711 4960 1734 5008 1.
1759 4953 1833 5008 unde
1852 4952 1980 5022 Lyrsnus

286 5051 324 5114 51,
340 5063 366 5098 v.
387 5052 412 5100 ’1.
431 5043 473 5098 ita
490 5058 600 5113 quoque
618 5048 731 5098 sanctus
748 5042 886 5113 propheta
902 5043 932 5097 iu
951 5044 1003 5097 hac
1020 5043 1120 5098 humili
1145 5041 1258 5110 statuit,
1282 5042 1313 5094 in
1338 5041 1429 5093 verba
1445 5057 1526 5094 nemo
1545 5040 1657 5096 invocat
1675 5057 1776 5095 nomen
1792 5047 1873 5094 tuum
1894 5039 1979 5108 siqni-

285 5129 368 5187 totius
399 5128 498 5201 populi
530 5127 701 5183 confessione
732 5128 827 5197 docet,
857 5146 949 5183 coram
977 5129 1038 5185 Deo
1063 5147 1119 5184 non
1139 5129 1229 5198 ficari
1242 5127 1386 5196 patticam
1405 5125 1614 5193 invocationem,
1632 5128 1776 5192 sacrificia
1792 5136 1818 5181 st
1835 5127 1938 5180 cattam
1950 5125 1980 5177 in

285 5225 397 5274 misma
413 5216 504 5270 salum
521 5230 555 5270 ae
571 5215 700 5285 grasima
718 5213 820 5270 delicta
839 5232 898 5271 essa
916 5223 1041 5287 peccam,
1059 5217 1118 5288 qui·
1137 5214 1257 5283 tempto.
1294 5217 1318 5268 3.
1338 5210 1478 5267 Sacrificia
1499 5212 1701 5282 poenitentium
1720 5213 1798 5269 Deus
1821 5230 1877 5267 non
1899 5228 1995 5281 repu·

285 5303 334 5359 bus
358 5305 421 5375 ejus
445 5302 514 5358 iram
540 5308 568 5356 et
591 5302 679 5355 omnis
701 5302 811 5373 generis
834 5318 937 5372 poenas
960 5302 1039 5373 impii
1057 5320 1119 5374 pro-
1145 5299 1220 5367 diat,
1238 5298 1324 5354 fuisse
1342 5306 1435 5353 autem
1452 5298 1586 5369 populum
1606 5305 1672 5353 time
1691 5299 1886 5370 poenitentem,
1902 5305 1981 5368 patet

284 5395 396 5454 vocent,
416 5388 714 5443 sedetahsconditum
732 5396 856 5441 nostram
873 5388 1013 5442 collocari
1030 5390 1059 5442 s'n
1075 5390 1118 5444 la·
1145 5404 1179 5441 ex
1198 5393 1285 5440 textu.
1316 5386 1456 5440 Latlvcnm
1472 5385 1568 5453 rejicit
1585 5386 1658 5440 hanc
1678 5386 1898 5456 replicationem.
1926 5383 1980 5439 Re·

283 5478 354 5531 nine
378 5476 473 5531 vadas
496 5476 574 5545 ejas,
609 5473 712 5529 Psalm.
733 5481 782 5539 90,
807 5492 833 5530 v.
854 5480 878 5530 8.
903 5492 963 5530 esse
981 5474 1119 5546 quaedam
1145 5474 1326 5545 spondemus:
1352 5490 1408 5527 non
1433 5472 1539 5543 rejicit,
1574 5474 1624 5528 sed
1651 5473 1706 5528 loci
1731 5473 1814 5542 hujus
1840 5472 1980 5542 propriam

284 5562 393 5619 omnlts
418 5568 447 5617 et
469 5562 600 5617 interiora
623 5566 752 5632 peccata,
781 5578 898 5631 quorum
924 5561 1119 5616 emundatione
1146 5576 1207 5615 esse
1226 5564 1318 5630 negat
1354 5561 1417 5613 Hoc
1437 5559 1512 5628 toea,
1533 5559 1633 5630 inquit,
1650 5559 1807 5631 aliquando
1825 5559 1871 5610 ssi
1886 5577 1980 5611 samaa

286 5648 367 5704 stiam
384 5648 477 5704 sancti
494 5647 640 5719 indigeant
654 5647 744 5702 Plam.
766 5654 807 5716 19,
823 5664 849 5703 v.
865 5652 903 5702 13.
923 5648 1025 5717 quibus
1042 5648 1119 5719 ipsas
1145 5654 1244 5701 aarum
1265 5646 1426 5709 justititiam
1443 5647 1601 5700 lismonam.
1637 5647 1722 5700 Bona
1740 5644 1854 5714 quidem
1873 5653 1979 5698 senten-

283 5752 377 5808 eorum
405 5733 557 5805 justititiae
591 5733 770 5804 inquinentur
798 5749 832 5787 ac
865 5733 1056 5801 sordidentur,
1086 5750 1119 5788 ac
1146 5734 1187 5787 tia
1207 5740 1256 5800 cst,
1274 5734 1327 5786 sed
1343 5751 1399 5786 nan
1412 5734 1538 5801 propria
1555 5732 1638 5801 hujus
1652 5731 1719 5787 laci.
1748 5731 1894 5799 Propheta
1908 5732 1981 5784 enim

283 5823 398 5894 proinde
422 5822 455 5875 in
478 5837 548 5879 vera
567 5820 605 5877 ad
621 5819 713 5877 Deum
737 5820 916 5876 conversione
934 5839 991 5876 nou
1007 5827 1122 5878 externa
1146 5838 1209 5876 cum
1226 5820 1311 5887 sidet,
1328 5820 1429 5874 rasim
1455 5820 1540 5874 bonos
1561 5820 1638 5872 siros
1664 5818 1694 5870 in
1717 5819 1909 5889 captivitatem
1927 5819 1980 5871 ad·
