<?xml version="1.0" encoding="UTF-8"?>
<!DOCTYPE html PUBLIC "-//W3C//DTD XHTML 1.0 Transitional//EN"
    "http://www.w3.org/TR/xhtml1/DTD/xhtml1-transitional.dtd">
<html xmlns="http://www.w3.org/1999/xhtml" xml:lang="en" lang="en">
 <head>
  <title>
</title>
<meta http-equiv="Content-Type" content="text/html;charset=utf-8" />
  <meta name='ocr-system' content='tesseract 3.04.00' />
  <meta name='ocr-capabilities' content='ocr_page ocr_carea ocr_par ocr_line ocrx_word'/>
</head>
<body>
  <div class='ocr_page' id='page_1' title='image "./locitheologicit02gerhgoog/locitheologicit02gerhgoog_0090.png"; bbox 0 0 4800 6659; ppageno 0'>
   <div class='ocr_carea' id='block_1_1' title="bbox 970 511 1512 574">
    <p class='ocr_par' dir='ltr' id='par_1_1' title="bbox 970 511 1512 574">
     <span class='ocr_line' id='line_1_1' title="bbox 970 511 1512 574; baseline -0.006 0"><span class='ocrx_word' id='word_1_1' title='bbox 970 535 978 552; x_wconf 86' lang='grc'><em>·</em></span> <span class='ocrx_word' id='word_1_2' title='bbox 998 513 1121 574; x_wconf 74' lang='lat' dir='ltr'>LOCUS</span> <span class='ocrx_word' id='word_1_3' title='bbox 1136 511 1309 572; x_wconf 77' lang='lat' dir='ltr'><strong><em>Daunius</em></strong></span> <span class='ocrx_word' id='word_1_4' title='bbox 1326 513 1512 573; x_wconf 72' lang='lat' dir='ltr'><strong><em>sumnus</em></strong></span> 
     </span>
    </p>
   </div>
   <div class='ocr_carea' id='block_1_2' title="bbox 279 669 2107 5924">
    <p class='ocr_par' dir='ltr' id='par_1_2' title="bbox 612 669 2107 743">
     <span class='ocr_line' id='line_1_2' title="bbox 612 669 2107 743; baseline -0.001 -16"><span class='ocrx_word' id='word_1_5' title='bbox 612 673 709 730; x_wconf 82' lang='lat' dir='ltr'><strong><em>Judeu</em></strong></span> <span class='ocrx_word' id='word_1_6' title='bbox 726 689 794 743; x_wconf 86' lang='lat' dir='ltr'><strong><em>erpo</em></strong></span> <span class='ocrx_word' id='word_1_7' title='bbox 812 690 875 727; x_wconf 87' lang='lat' dir='ltr'><strong><em>eum</em></strong></span> <span class='ocrx_word' id='word_1_8' title='bbox 892 670 1007 740; x_wconf 85' lang='lat' dir='ltr'><strong><em>sedebit,</em></strong></span> <span class='ocrx_word' id='word_1_9' title='bbox 1266 670 1386 737; x_wconf 78' lang='lat' dir='ltr'><strong><em>abrepat</em></strong></span> <span class='ocrx_word' id='word_1_10' title='bbox 1403 678 1429 724; x_wconf 92' lang='lat' dir='ltr'><strong><em>et</em></strong></span> <span class='ocrx_word' id='word_1_11' title='bbox 1446 687 1507 724; x_wconf 75' lang='lat' dir='ltr'><strong><em>uem</em></strong></span> <span class='ocrx_word' id='word_1_12' title='bbox 1524 669 1733 740; x_wconf 71' lang='lat' dir='ltr'><strong><em>modificatione</em></strong></span> <span class='ocrx_word' id='word_1_13' title='bbox 1750 672 1876 741; x_wconf 83' lang='lat' dir='ltr'><strong><em>apostoli</em></strong></span> <span class='ocrx_word' id='word_1_14' title='bbox 1891 679 1918 727; x_wconf 84' lang='lat' dir='ltr'><strong><em>et</em></strong></span> <span class='ocrx_word' id='word_1_15' title='bbox 1938 671 2107 743; x_wconf 74' lang='lat' dir='ltr'><strong><em>Scriptus-a</em></strong></span> 
     </span>
    </p>

    <p class='ocr_par' dir='ltr' id='par_1_3' title="bbox 574 757 2107 829">
     <span class='ocr_line' id='line_1_3' title="bbox 574 757 2107 829; baseline -0.001 -16"><span class='ocrx_word' id='word_1_16' title='bbox 574 759 716 829; x_wconf 79' lang='lat' dir='ltr'><strong><em>Quicquid</em></strong></span> <span class='ocrx_word' id='word_1_17' title='bbox 734 759 802 813; x_wconf 88' lang='lat' dir='ltr'><strong><em>latet</em></strong></span> <span class='ocrx_word' id='word_1_18' title='bbox 820 757 978 829; x_wconf 71' lang='lat' dir='ltr'><strong><em>apparebit,</em></strong></span> <span class='ocrx_word' id='word_1_19' title='bbox 1266 774 1329 810; x_wconf 91' lang='lat' dir='ltr'><strong><em>rum</em></strong></span> <span class='ocrx_word' id='word_1_20' title='bbox 1346 757 1479 827; x_wconf 84' lang='lat' dir='ltr'><strong><em>apnosrit,</em></strong></span> <span class='ocrx_word' id='word_1_21' title='bbox 1496 758 1574 827; x_wconf 69' lang='lat' dir='ltr'><strong><em>meod</em></strong></span> <span class='ocrx_word' id='word_1_22' title='bbox 1584 757 1749 827; x_wconf 87' lang='lat' dir='ltr'><strong><em>simpliciter</em></strong></span> <span class='ocrx_word' id='word_1_23' title='bbox 1761 774 1840 812; x_wconf 86' lang='lat' dir='ltr'><strong><em>nemo</em></strong></span> <span class='ocrx_word' id='word_1_24' title='bbox 1853 766 1975 811; x_wconf 70' lang='lat' dir='ltr'><strong><em>merdsu·</em></strong></span> <span class='ocrx_word' id='word_1_25' title='bbox 1987 775 2107 827; x_wconf 67' lang='lat' dir='ltr'><strong><em>repunt</em></strong></span> 
     </span>
    </p>

    <p class='ocr_par' dir='ltr' id='par_1_4' title="bbox 570 844 2106 915">
     <span class='ocr_line' id='line_1_4' title="bbox 570 844 2106 915; baseline -0.001 -14"><span class='ocrx_word' id='word_1_26' title='bbox 570 846 622 901; x_wconf 78' lang='lat' dir='ltr'><strong><em>lut</em></strong></span> <span class='ocrx_word' id='word_1_27' title='bbox 641 846 760 900; x_wconf 87' lang='lat' dir='ltr'><strong><em>inultum</em></strong></span> <span class='ocrx_word' id='word_1_28' title='bbox 776 844 940 901; x_wconf 72' lang='lat' dir='ltr'><strong><em>remanebit.</em></strong></span> <span class='ocrx_word' id='word_1_29' title='bbox 1266 844 1416 908; x_wconf 87' lang='lat' dir='ltr'><strong><em>coelorum,</em></strong></span> <span class='ocrx_word' id='word_1_30' title='bbox 1434 845 1489 897; x_wconf 88' lang='lat' dir='ltr'><strong><em>sed</em></strong></span> <span class='ocrx_word' id='word_1_31' title='bbox 1504 861 1537 897; x_wconf 82' lang='lat' dir='ltr'><strong><em>eu</em></strong></span> <span class='ocrx_word' id='word_1_32' title='bbox 1554 844 1650 912; x_wconf 78' lang='lat' dir='ltr'><strong><em>pratia</em></strong></span> <span class='ocrx_word' id='word_1_33' title='bbox 1664 845 1724 897; x_wconf 88' lang='lat' dir='ltr'><strong><em>Dci</em></strong></span> <span class='ocrx_word' id='word_1_34' title='bbox 1740 851 1765 897; x_wconf 88' lang='lat' dir='ltr'><strong><em>at</em></strong></span> <span class='ocrx_word' id='word_1_35' title='bbox 1784 844 1927 898; x_wconf 74' lang='lat' dir='ltr'><strong><em>volentate</em></strong></span> <span class='ocrx_word' id='word_1_36' title='bbox 1946 844 2106 915; x_wconf 78' lang='lat' dir='ltr'><strong><em>larpitoris.</em></strong></span> 
     </span>
    </p>

    <p class='ocr_par' dir='ltr' id='par_1_5' title="bbox 616 928 2106 1003">
     <span class='ocr_line' id='line_1_5' title="bbox 616 928 2106 1003; baseline 0.003 -18"><span class='ocrx_word' id='word_1_37' title='bbox 616 930 693 994; x_wconf 83' lang='lat' dir='ltr'><strong><em>Quid</em></strong></span> <span class='ocrx_word' id='word_1_38' title='bbox 709 949 768 985; x_wconf 88' lang='lat' dir='ltr'><strong><em>sum</em></strong></span> <span class='ocrx_word' id='word_1_39' title='bbox 787 932 872 985; x_wconf 84' lang='lat' dir='ltr'><strong><em>mirer</em></strong></span> <span class='ocrx_word' id='word_1_40' title='bbox 889 938 946 984; x_wconf 86' lang='lat' dir='ltr'><strong><em>turn</em></strong></span> <span class='ocrx_word' id='word_1_41' title='bbox 962 928 1099 995; x_wconf 75' lang='lat' dir='ltr'><strong><em>dictumst,</em></strong></span> <span class='ocrx_word' id='word_1_42' title='bbox 1267 930 1405 999; x_wconf 78' lang='lat' dir='ltr'><strong><em>Loquitur</em></strong></span> <span class='ocrx_word' id='word_1_43' title='bbox 1425 938 1517 984; x_wconf 92' lang='lat' dir='ltr'><strong><em>autem</em></strong></span> <span class='ocrx_word' id='word_1_44' title='bbox 1540 930 1703 986; x_wconf 84' lang='lat' dir='ltr'><strong><em>Wnldensis</em></strong></span> <span class='ocrx_word' id='word_1_45' title='bbox 1729 932 1765 984; x_wconf 91' lang='lat' dir='ltr'><strong><em>de</em></strong></span> <span class='ocrx_word' id='word_1_46' title='bbox 1784 929 1914 1001; x_wconf 78' lang='lat' dir='ltr'><strong><em>operibus</em></strong></span> <span class='ocrx_word' id='word_1_47' title='bbox 1937 930 2106 1003; x_wconf 73' lang='lat' dir='ltr'><strong><em>justificato</em></strong></span> 
     </span>
    </p>

    <p class='ocr_par' dir='ltr' id='par_1_6' title="bbox 572 1014 2106 1087">
     <span class='ocr_line' id='line_1_6' title="bbox 572 1014 2106 1087; baseline 0.002 -17"><span class='ocrx_word' id='word_1_48' title='bbox 572 1017 657 1080; x_wconf 80' lang='lat' dir='ltr'><strong><em>Qreem</em></strong></span> <span class='ocrx_word' id='word_1_49' title='bbox 674 1026 825 1087; x_wconf 87' lang='lat' dir='ltr'><strong><em>patronum</em></strong></span> <span class='ocrx_word' id='word_1_50' title='bbox 842 1026 1002 1087; x_wconf 77' lang='lat' dir='ltr'><strong><em>repoturrte,</em></strong></span> <span class='ocrx_word' id='word_1_51' title='bbox 1266 1032 1335 1072; x_wconf 83' lang='lat' dir='ltr'><strong><em>rum.</em></strong></span> <span class='ocrx_word' id='word_1_52' title='bbox 1366 1015 1445 1070; x_wconf 84' lang='lat' dir='ltr'><strong><em>Haec</em></strong></span> <span class='ocrx_word' id='word_1_53' title='bbox 1462 1014 1551 1086; x_wconf 79' lang='lat' dir='ltr'><strong><em>Vaga</em></strong></span> <span class='ocrx_word' id='word_1_54' title='bbox 1580 1015 1736 1071; x_wconf 73' lang='lat' dir='ltr'><strong><em>iohannem</em></strong></span> <span class='ocrx_word' id='word_1_55' title='bbox 1755 1016 1856 1072; x_wconf 85' lang='lat' dir='ltr'><strong><em>Ferum</em></strong></span> <span class='ocrx_word' id='word_1_56' title='bbox 1875 1017 2036 1073; x_wconf 73' lang='lat' dir='ltr'><strong><em>minoritam</em></strong></span> <span class='ocrx_word' id='word_1_57' title='bbox 2049 1016 2106 1073; x_wconf 73' lang='lat' dir='ltr'><strong><em>Du</em></strong></span> 
     </span>
    </p>

    <p class='ocr_par' dir='ltr' id='par_1_7' title="bbox 572 1101 2105 1175">
     <span class='ocr_line' id='line_1_7' title="bbox 572 1101 2105 1175; baseline 0.001 -17"><span class='ocrx_word' id='word_1_58' title='bbox 572 1105 641 1159; x_wconf 83' lang='lat' dir='ltr'><strong><em>Cum</em></strong></span> <span class='ocrx_word' id='word_1_59' title='bbox 658 1104 704 1157; x_wconf 84' lang='lat' dir='ltr'><strong><em>oin</em></strong></span> <span class='ocrx_word' id='word_1_60' title='bbox 715 1104 812 1173; x_wconf 82' lang='lat' dir='ltr'><strong><em>justus</em></strong></span> <span class='ocrx_word' id='word_1_61' title='bbox 829 1104 867 1156; x_wconf 87' lang='lat' dir='ltr'><strong><em>sit</em></strong></span> <span class='ocrx_word' id='word_1_62' title='bbox 884 1103 1020 1157; x_wconf 69' lang='lat' dir='ltr'><strong><em>securus?</em></strong></span> <span class='ocrx_word' id='word_1_63' title='bbox 1266 1101 1383 1156; x_wconf 90' lang='lat' dir='ltr'><strong><em>minicus</em></strong></span> <span class='ocrx_word' id='word_1_64' title='bbox 1411 1119 1429 1155; x_wconf 90' lang='lat' dir='ltr'><strong><em>a</em></strong></span> <span class='ocrx_word' id='word_1_65' title='bbox 1458 1101 1524 1157; x_wconf 85' lang='lat' dir='ltr'><strong><em>Soto</em></strong></span> <span class='ocrx_word' id='word_1_66' title='bbox 1552 1101 1696 1173; x_wconf 86' lang='lat' dir='ltr'><strong><em>Hispanus</em></strong></span> <span class='ocrx_word' id='word_1_67' title='bbox 1726 1102 1870 1173; x_wconf 75' lang='lat' dir='ltr'><strong><em>sexaginta</em></strong></span> <span class='ocrx_word' id='word_1_68' title='bbox 1897 1111 2006 1175; x_wconf 85' lang='lat' dir='ltr'><strong><em>septem</em></strong></span> <span class='ocrx_word' id='word_1_69' title='bbox 2035 1104 2105 1159; x_wconf 82' lang='lat' dir='ltr'><strong><em>lucit</em></strong></span> 
     </span>
    </p>

    <p class='ocr_par' dir='ltr' id='par_1_8' title="bbox 612 1187 2104 1261">
     <span class='ocr_line' id='line_1_8' title="bbox 612 1187 2104 1261; baseline 0.001 -16"><span class='ocrx_word' id='word_1_70' title='bbox 612 1192 673 1245; x_wconf 77' lang='lat' dir='ltr'><strong><em>lter</em></strong></span> <span class='ocrx_word' id='word_1_71' title='bbox 691 1192 852 1244; x_wconf 76' lang='lat' dir='ltr'><strong><em>tremendae</em></strong></span> <span class='ocrx_word' id='word_1_72' title='bbox 871 1190 1038 1258; x_wconf 76' lang='lat' dir='ltr'><strong><em>majestatis,</em></strong></span> <span class='ocrx_word' id='word_1_73' title='bbox 1266 1187 1375 1259; x_wconf 77' lang='lat' dir='ltr'><strong><em>virgula</em></strong></span> <span class='ocrx_word' id='word_1_74' title='bbox 1393 1188 1518 1243; x_wconf 89' lang='lat' dir='ltr'><strong><em>censoria</em></strong></span> <span class='ocrx_word' id='word_1_75' title='bbox 1537 1193 1625 1259; x_wconf 86' lang='lat' dir='ltr'><strong><em>notat,</em></strong></span> <span class='ocrx_word' id='word_1_76' title='bbox 1645 1188 1794 1260; x_wconf 87' lang='lat' dir='ltr'><strong><em>praecipue</em></strong></span> <span class='ocrx_word' id='word_1_77' title='bbox 1813 1190 1887 1260; x_wconf 93' lang='lat' dir='ltr'><strong><em>quod</em></strong></span> <span class='ocrx_word' id='word_1_78' title='bbox 1906 1198 2020 1261; x_wconf 84' lang='lat' dir='ltr'><strong><em>praeter</em></strong></span> <span class='ocrx_word' id='word_1_79' title='bbox 2038 1190 2104 1246; x_wconf 76' lang='lat' dir='ltr'><strong><em>aliu</em></strong></span> 
     </span>
    </p>

    <p class='ocr_par' dir='ltr' id='par_1_9' title="bbox 574 1273 2105 1348">
     <span class='ocr_line' id='line_1_9' title="bbox 574 1273 2105 1348; baseline 0.003 -17"><span class='ocrx_word' id='word_1_80' title='bbox 574 1276 631 1340; x_wconf 78' lang='lat' dir='ltr'><strong><em>Qui</em></strong></span> <span class='ocrx_word' id='word_1_81' title='bbox 646 1278 799 1332; x_wconf 86' lang='lat' dir='ltr'><strong><em>sulcandas</em></strong></span> <span class='ocrx_word' id='word_1_82' title='bbox 818 1278 914 1331; x_wconf 82' lang='lat' dir='ltr'><strong><em>salsas</em></strong></span> <span class='ocrx_word' id='word_1_83' title='bbox 931 1276 1031 1345; x_wconf 78' lang='lat' dir='ltr'><strong><em>pratt&#39;s,</em></strong></span> <span class='ocrx_word' id='word_1_84' title='bbox 1267 1290 1328 1327; x_wconf 89' lang='lat' dir='ltr'><strong><em>rum</em></strong></span> <span class='ocrx_word' id='word_1_85' title='bbox 1358 1290 1469 1328; x_wconf 87' lang='lat' dir='ltr'><strong><em>sensum</em></strong></span> <span class='ocrx_word' id='word_1_86' title='bbox 1492 1273 1520 1328; x_wconf 93' lang='lat' dir='ltr'><strong><em>iu</em></strong></span> <span class='ocrx_word' id='word_1_87' title='bbox 1543 1274 1600 1328; x_wconf 88' lang='lat' dir='ltr'><strong><em>suis</em></strong></span> <span class='ocrx_word' id='word_1_88' title='bbox 1625 1275 1827 1330; x_wconf 85' lang='lat' dir='ltr'><strong><em>commentariis</em></strong></span> <span class='ocrx_word' id='word_1_89' title='bbox 1847 1275 1882 1331; x_wconf 90' lang='lat' dir='ltr'><strong><em>de</em></strong></span> <span class='ocrx_word' id='word_1_90' title='bbox 1902 1276 2105 1348; x_wconf 83' lang='lat' dir='ltr'><strong><em>justificatione</em></strong></span> 
     </span>
    </p>

    <p class='ocr_par' dir='ltr' id='par_1_10' title="bbox 572 1358 2105 1520">
     <span class='ocr_line' id='line_1_10' title="bbox 572 1358 2105 1431; baseline 0.001 -14"><span class='ocrx_word' id='word_1_91' title='bbox 572 1363 661 1417; x_wconf 83' lang='lat' dir='ltr'><strong><em>Salso</em></strong></span> <span class='ocrx_word' id='word_1_92' title='bbox 680 1379 737 1430; x_wconf 90' lang='lat' dir='ltr'><strong><em>me,</em></strong></span> <span class='ocrx_word' id='word_1_93' title='bbox 749 1364 823 1431; x_wconf 86' lang='lat' dir='ltr'><strong><em>sons</em></strong></span> <span class='ocrx_word' id='word_1_94' title='bbox 837 1363 964 1431; x_wconf 86' lang='lat' dir='ltr'><strong><em>pietatis.</em></strong></span> <span class='ocrx_word' id='word_1_95' title='bbox 1266 1365 1295 1415; x_wconf 89' lang='lat' dir='ltr'><strong><em>et</em></strong></span> <span class='ocrx_word' id='word_1_96' title='bbox 1311 1360 1414 1415; x_wconf 87' lang='lat' dir='ltr'><strong><em>meritis</em></strong></span> <span class='ocrx_word' id='word_1_97' title='bbox 1433 1375 1547 1430; x_wconf 88' lang='lat' dir='ltr'><strong><em>operum</em></strong></span> <span class='ocrx_word' id='word_1_98' title='bbox 1565 1358 1675 1415; x_wconf 91' lang='lat' dir='ltr'><strong><em>locutus</em></strong></span> <span class='ocrx_word' id='word_1_99' title='bbox 1693 1361 1742 1426; x_wconf 85' lang='lat' dir='ltr'><strong><em>sit,</em></strong></span> <span class='ocrx_word' id='word_1_100' title='bbox 1768 1379 1831 1417; x_wconf 87' lang='lat' dir='ltr'><strong><em>eum</em></strong></span> <span class='ocrx_word' id='word_1_101' title='bbox 1850 1362 1970 1418; x_wconf 88' lang='lat' dir='ltr'><strong><em>Michael</em></strong></span> <span class='ocrx_word' id='word_1_102' title='bbox 1988 1363 2105 1419; x_wconf 77' lang='lat' dir='ltr'><strong><em>Medius</em></strong></span> 
     </span>
     <span class='ocr_line' id='line_1_11' title="bbox 614 1445 2105 1520; baseline 0 -16"><span class='ocrx_word' id='word_1_103' title='bbox 614 1452 793 1519; x_wconf 81' lang='lat' dir='ltr'><strong><em>Recordare,</em></strong></span> <span class='ocrx_word' id='word_1_104' title='bbox 809 1451 881 1503; x_wconf 84' lang='lat' dir='ltr'><strong><em>Jesu</em></strong></span> <span class='ocrx_word' id='word_1_105' title='bbox 895 1450 953 1519; x_wconf 89' lang='lat' dir='ltr'><strong><em>pie,</em></strong></span> <span class='ocrx_word' id='word_1_106' title='bbox 1267 1445 1395 1500; x_wconf 77' lang='lat' dir='ltr'><strong><em>minorita</em></strong></span> <span class='ocrx_word' id='word_1_107' title='bbox 1416 1445 1559 1515; x_wconf 86' lang='lat' dir='ltr'><strong><em>Hispanus</em></strong></span> <span class='ocrx_word' id='word_1_108' title='bbox 1586 1446 1657 1501; x_wconf 88' lang='lat' dir='ltr'><strong><em>libro</em></strong></span> <span class='ocrx_word' id='word_1_109' title='bbox 1682 1446 1711 1500; x_wconf 90' lang='lat' dir='ltr'><strong><em>in</em></strong></span> <span class='ocrx_word' id='word_1_110' title='bbox 1730 1446 1802 1502; x_wconf 89' lang='lat' dir='ltr'><strong><em>haue</em></strong></span> <span class='ocrx_word' id='word_1_111' title='bbox 1821 1466 1879 1504; x_wconf 88' lang='lat' dir='ltr'><strong><em>rem</em></strong></span> <span class='ocrx_word' id='word_1_112' title='bbox 1896 1450 2000 1520; x_wconf 90' lang='lat' dir='ltr'><strong><em>scripto</em></strong></span> <span class='ocrx_word' id='word_1_113' title='bbox 2017 1450 2105 1504; x_wconf 74' lang='lat' dir='ltr'><strong><em>tutari</em></strong></span> 
     </span>
    </p>

    <p class='ocr_par' dir='ltr' id='par_1_11' title="bbox 573 1532 2104 1603">
     <span class='ocr_line' id='line_1_12' title="bbox 573 1532 2104 1603; baseline -0.002 -13"><span class='ocrx_word' id='word_1_114' title='bbox 573 1536 656 1598; x_wconf 75' lang='lat' dir='ltr'><strong><em>Quod</em></strong></span> <span class='ocrx_word' id='word_1_115' title='bbox 671 1555 733 1590; x_wconf 83' lang='lat' dir='ltr'><strong><em>esem</em></strong></span> <span class='ocrx_word' id='word_1_116' title='bbox 749 1554 837 1590; x_wconf 88' lang='lat' dir='ltr'><strong><em>eausa</em></strong></span> <span class='ocrx_word' id='word_1_117' title='bbox 856 1545 920 1589; x_wconf 78' lang='lat' dir='ltr'><strong><em>usae</em></strong></span> <span class='ocrx_word' id='word_1_118' title='bbox 938 1537 1009 1603; x_wconf 85' lang='lat' dir='ltr'><strong><em>siae,</em></strong></span> <span class='ocrx_word' id='word_1_119' title='bbox 1268 1549 1322 1587; x_wconf 90' lang='lat' dir='ltr'><strong><em>nou</em></strong></span> <span class='ocrx_word' id='word_1_120' title='bbox 1342 1538 1385 1587; x_wconf 88' lang='lat' dir='ltr'><strong><em>est</em></strong></span> <span class='ocrx_word' id='word_1_121' title='bbox 1403 1533 1515 1588; x_wconf 83' lang='lat' dir='ltr'><strong><em>veritus.</em></strong></span> <span class='ocrx_word' id='word_1_122' title='bbox 1551 1532 1597 1589; x_wconf 89' lang='lat' dir='ltr'><strong><em>Sic</em></strong></span> <span class='ocrx_word' id='word_1_123' title='bbox 1620 1538 1712 1588; x_wconf 88' lang='lat' dir='ltr'><strong><em>autem</em></strong></span> <span class='ocrx_word' id='word_1_124' title='bbox 1738 1534 1834 1588; x_wconf 84' lang='lat' dir='ltr'><strong><em>scribit</em></strong></span> <span class='ocrx_word' id='word_1_125' title='bbox 1850 1533 1938 1590; x_wconf 83' lang='lat' dir='ltr'><strong><em>Ferus</em></strong></span> <span class='ocrx_word' id='word_1_126' title='bbox 1956 1535 1986 1588; x_wconf 94' lang='lat' dir='ltr'><strong><em>iu</em></strong></span> <span class='ocrx_word' id='word_1_127' title='bbox 2004 1533 2104 1590; x_wconf 80' lang='lat' dir='ltr'><strong><em>Mattlr.</em></strong></span> 
     </span>
    </p>

    <p class='ocr_par' dir='ltr' id='par_1_12' title="bbox 571 1609 2105 1777">
     <span class='ocr_line' id='line_1_13' title="bbox 571 1609 2104 1692; baseline -0.002 -15"><span class='ocrx_word' id='word_1_128' title='bbox 571 1623 616 1677; x_wconf 88' lang='lat' dir='ltr'><strong><em>Ne</em></strong></span> <span class='ocrx_word' id='word_1_129' title='bbox 634 1641 676 1677; x_wconf 91' lang='lat' dir='ltr'><strong><em>me</em></strong></span> <span class='ocrx_word' id='word_1_130' title='bbox 689 1624 800 1692; x_wconf 88' lang='lat' dir='ltr'><strong><em>perdas</em></strong></span> <span class='ocrx_word' id='word_1_131' title='bbox 817 1622 872 1675; x_wconf 85' lang='lat' dir='ltr'><strong><em>illa</em></strong></span> <span class='ocrx_word' id='word_1_132' title='bbox 890 1622 945 1677; x_wconf 88' lang='lat' dir='ltr'><strong><em>die.</em></strong></span> <span class='ocrx_word' id='word_1_133' title='bbox 1266 1616 1314 1671; x_wconf 91' lang='lat' dir='ltr'><strong><em>lib.</em></strong></span> <span class='ocrx_word' id='word_1_134' title='bbox 1336 1622 1360 1673; x_wconf 85' lang='grc'><strong><em>3.</em></strong></span> <span class='ocrx_word' id='word_1_135' title='bbox 1391 1635 1413 1674; x_wconf 93' lang='lat' dir='ltr'><strong><em>c.</em></strong></span> <span class='ocrx_word' id='word_1_136' title='bbox 1435 1623 1483 1685; x_wconf 83' lang='lat'><strong><em>20,</em></strong></span> <span class='ocrx_word' id='word_1_137' title='bbox 1506 1635 1532 1675; x_wconf 83' lang='lat' dir='ltr'><strong><em>r.</em></strong></span> <span class='ocrx_word' id='word_1_138' title='bbox 1555 1624 1585 1675; x_wconf 79' lang='lat'><strong><em>8:</em></strong></span> <span class='ocrx_word' id='word_1_139' title='bbox 1624 1618 1732 1681; x_wconf 81' lang='lat' dir='ltr'><strong><em>Quodsi</em></strong></span> <span class='ocrx_word' id='word_1_140' title='bbox 1748 1609 1918 1690; x_wconf 56' lang='lat' dir='ltr'><strong><em>&#39;edwardo</em></strong></span> <span class='ocrx_word' id='word_1_141' title='bbox 1948 1622 2104 1676; x_wconf 63' lang='lat' dir='ltr'><strong><em>marem</em></strong></span> 
     </span>
     <span class='ocr_line' id='line_1_14' title="bbox 616 1702 2105 1777; baseline -0.004 -13"><span class='ocrx_word' id='word_1_142' title='bbox 616 1710 760 1773; x_wconf 81' lang='lat' dir='ltr'><strong><em>Quaerens</em></strong></span> <span class='ocrx_word' id='word_1_143' title='bbox 776 1726 819 1763; x_wconf 86' lang='lat' dir='ltr'><strong><em>me</em></strong></span> <span class='ocrx_word' id='word_1_144' title='bbox 837 1708 938 1762; x_wconf 85' lang='lat' dir='ltr'><strong><em>sedisti</em></strong></span> <span class='ocrx_word' id='word_1_145' title='bbox 955 1708 1056 1775; x_wconf 88' lang='lat' dir='ltr'><strong><em>lassus,</em></strong></span> <span class='ocrx_word' id='word_1_146' title='bbox 1265 1702 1398 1757; x_wconf 84' lang='lat' dir='ltr'><strong><em>audimus</em></strong></span> <span class='ocrx_word' id='word_1_147' title='bbox 1413 1706 1561 1774; x_wconf 80' lang='lat' dir='ltr'><strong><em>polliceri,</em></strong></span> <span class='ocrx_word' id='word_1_148' title='bbox 1578 1706 1651 1759; x_wconf 84' lang='lat' dir='ltr'><strong><em>seire</em></strong></span> <span class='ocrx_word' id='word_1_149' title='bbox 1670 1708 1808 1777; x_wconf 86' lang='lat' dir='ltr'><strong><em>debemus,</em></strong></span> <span class='ocrx_word' id='word_1_150' title='bbox 1825 1726 1882 1761; x_wconf 88' lang='lat' dir='ltr'><strong><em>non</em></strong></span> <span class='ocrx_word' id='word_1_151' title='bbox 1900 1707 1934 1762; x_wconf 89' lang='lat' dir='ltr'><strong><em>ob</em></strong></span> <span class='ocrx_word' id='word_1_152' title='bbox 1953 1707 2040 1759; x_wconf 89' lang='lat' dir='ltr'><strong><em>aliud</em></strong></span> <span class='ocrx_word' id='word_1_153' title='bbox 2051 1724 2105 1775; x_wconf 76' lang='lat' dir='ltr'><strong><em>po</em></strong></span> 
     </span>
    </p>

    <p class='ocr_par' dir='ltr' id='par_1_13' title="bbox 570 1788 2105 1864">
     <span class='ocr_line' id='line_1_15' title="bbox 570 1788 2105 1864; baseline -0.002 -13"><span class='ocrx_word' id='word_1_154' title='bbox 570 1796 727 1851; x_wconf 83' lang='lat' dir='ltr'><strong><em>Redemisti</em></strong></span> <span class='ocrx_word' id='word_1_155' title='bbox 743 1812 851 1849; x_wconf 86' lang='lat' dir='ltr'><strong><em>crucem</em></strong></span> <span class='ocrx_word' id='word_1_156' title='bbox 868 1812 979 1864; x_wconf 84' lang='lat' dir='ltr'><strong><em>passus,</em></strong></span> <span class='ocrx_word' id='word_1_157' title='bbox 1266 1788 1402 1843; x_wconf 72' lang='lat' dir='ltr'><strong><em>tissimum</em></strong></span> <span class='ocrx_word' id='word_1_158' title='bbox 1421 1808 1480 1844; x_wconf 84' lang='lat' dir='ltr'><strong><em>esee</em></strong></span> <span class='ocrx_word' id='word_1_159' title='bbox 1497 1792 1625 1862; x_wconf 77' lang='lat' dir='ltr'><strong><em>debitmn,</em></strong></span> <span class='ocrx_word' id='word_1_160' title='bbox 1644 1810 1727 1861; x_wconf 77' lang='lat' dir='ltr'><strong><em>quam</em></strong></span> <span class='ocrx_word' id='word_1_161' title='bbox 1745 1810 1779 1846; x_wconf 84' lang='lat' dir='ltr'><strong><em>en</em></strong></span> <span class='ocrx_word' id='word_1_162' title='bbox 1792 1794 1982 1863; x_wconf 88' lang='lat' dir='ltr'><strong><em>promissione</em></strong></span> <span class='ocrx_word' id='word_1_163' title='bbox 1996 1793 2105 1848; x_wconf 84' lang='lat' dir='ltr'><strong><em>diuina.</em></strong></span> 
     </span>
    </p>

    <p class='ocr_par' dir='ltr' id='par_1_14' title="bbox 574 1874 2106 1949">
     <span class='ocr_line' id='line_1_16' title="bbox 574 1874 2106 1949; baseline -0.001 -14"><span class='ocrx_word' id='word_1_164' title='bbox 574 1883 680 1936; x_wconf 82' lang='lat' dir='ltr'><strong><em>Tantus</em></strong></span> <span class='ocrx_word' id='word_1_165' title='bbox 696 1882 777 1937; x_wconf 87' lang='lat' dir='ltr'><strong><em>labor</em></strong></span> <span class='ocrx_word' id='word_1_166' title='bbox 795 1898 828 1935; x_wconf 90' lang='lat' dir='ltr'><strong><em>ne</em></strong></span> <span class='ocrx_word' id='word_1_167' title='bbox 845 1882 883 1934; x_wconf 87' lang='lat' dir='ltr'><strong><em>sit</em></strong></span> <span class='ocrx_word' id='word_1_168' title='bbox 900 1898 1005 1935; x_wconf 74' lang='lat' dir='ltr'><strong><em>cassem.</em></strong></span> <span class='ocrx_word' id='word_1_169' title='bbox 1269 1874 1369 1929; x_wconf 65' lang='lat' dir='ltr'><strong><em>Grates</em></strong></span> <span class='ocrx_word' id='word_1_170' title='bbox 1392 1878 1538 1946; x_wconf 83' lang='lat' dir='ltr'><strong><em>promisit,</em></strong></span> <span class='ocrx_word' id='word_1_171' title='bbox 1567 1880 1656 1947; x_wconf 81' lang='lat' dir='ltr'><strong><em>pratis</em></strong></span> <span class='ocrx_word' id='word_1_172' title='bbox 1680 1887 1705 1933; x_wconf 89' lang='lat' dir='ltr'><strong><em>el</em></strong></span> <span class='ocrx_word' id='word_1_173' title='bbox 1730 1897 1762 1932; x_wconf 84' lang='lat' dir='ltr'><strong><em>en</em></strong></span> <span class='ocrx_word' id='word_1_174' title='bbox 1780 1879 1897 1949; x_wconf 85' lang='lat' dir='ltr'><strong><em>justitia</em></strong></span> <span class='ocrx_word' id='word_1_175' title='bbox 1921 1881 2029 1933; x_wconf 81' lang='lat' dir='ltr'><strong><em>reddit.</em></strong></span> <span class='ocrx_word' id='word_1_176' title='bbox 2071 1879 2106 1933; x_wconf 80' lang='lat' dir='ltr'><strong><em>Si</em></strong></span> 
     </span>
    </p>

    <p class='ocr_par' dir='ltr' id='par_1_15' title="bbox 616 1962 2105 2037">
     <span class='ocr_line' id='line_1_17' title="bbox 616 1962 2105 2037; baseline -0.003 -15"><span class='ocrx_word' id='word_1_177' title='bbox 616 1970 700 2022; x_wconf 79' lang='lat' dir='ltr'><strong><em>Jstste</em></strong></span> <span class='ocrx_word' id='word_1_178' title='bbox 712 1969 805 2037; x_wconf 81' lang='lat' dir='ltr'><strong><em>judea</em></strong></span> <span class='ocrx_word' id='word_1_179' title='bbox 821 1967 947 2030; x_wconf 85' lang='lat' dir='ltr'><strong><em>ultionis,</em></strong></span> <span class='ocrx_word' id='word_1_180' title='bbox 1266 1962 1354 2029; x_wconf 83' lang='lat' dir='ltr'><strong><em>ipitur</em></strong></span> <span class='ocrx_word' id='word_1_181' title='bbox 1382 1964 1444 2017; x_wconf 88' lang='lat' dir='ltr'><strong><em>Dei</em></strong></span> <span class='ocrx_word' id='word_1_182' title='bbox 1471 1965 1593 2033; x_wconf 77' lang='lat' dir='ltr'><strong><em>pralium</em></strong></span> <span class='ocrx_word' id='word_1_183' title='bbox 1624 1974 1650 2019; x_wconf 86' lang='lat' dir='ltr'><strong><em>et</em></strong></span> <span class='ocrx_word' id='word_1_184' title='bbox 1666 1967 1800 2034; x_wconf 84' lang='lat' dir='ltr'><strong><em>fauorem</em></strong></span> <span class='ocrx_word' id='word_1_185' title='bbox 1824 1981 1992 2021; x_wconf 79' lang='lat' dir='ltr'><strong><em>conseruare</em></strong></span> <span class='ocrx_word' id='word_1_186' title='bbox 2014 1964 2105 2033; x_wconf 86' lang='lat' dir='ltr'><strong><em>cupis,</em></strong></span> 
     </span>
    </p>

    <p class='ocr_par' dir='ltr' id='par_1_16' title="bbox 570 2048 2106 2123">
     <span class='ocr_line' id='line_1_18' title="bbox 570 2048 2106 2123; baseline -0.005 -13"><span class='ocrx_word' id='word_1_187' title='bbox 570 2058 685 2111; x_wconf 89' lang='lat' dir='ltr'><strong><em>Donum</em></strong></span> <span class='ocrx_word' id='word_1_188' title='bbox 700 2056 758 2123; x_wconf 90' lang='lat' dir='ltr'><strong><em>sac</em></strong></span> <span class='ocrx_word' id='word_1_189' title='bbox 775 2053 956 2123; x_wconf 83' lang='lat' dir='ltr'><strong><em>remissionis,</em></strong></span> <span class='ocrx_word' id='word_1_190' title='bbox 1265 2049 1373 2103; x_wconf 72' lang='lat' dir='ltr'><strong><em>nudam</em></strong></span> <span class='ocrx_word' id='word_1_191' title='bbox 1390 2051 1552 2105; x_wconf 66' lang='lat' dir='ltr'><strong><em>manorum</em></strong></span> <span class='ocrx_word' id='word_1_192' title='bbox 1563 2053 1622 2120; x_wconf 82' lang='lat' dir='ltr'><strong><em>soc</em></strong></span> <span class='ocrx_word' id='word_1_193' title='bbox 1635 2053 1803 2108; x_wconf 77' lang='lat' dir='ltr'><strong><em>mentionem.</em></strong></span> <span class='ocrx_word' id='word_1_194' title='bbox 1831 2051 1909 2107; x_wconf 91' lang='lat' dir='ltr'><strong><em>ldem</em></strong></span> <span class='ocrx_word' id='word_1_195' title='bbox 1921 2066 2006 2120; x_wconf 88' lang='lat' dir='ltr'><strong><em>super</em></strong></span> <span class='ocrx_word' id='word_1_196' title='bbox 2018 2048 2106 2104; x_wconf 79' lang='lat' dir='ltr'><strong><em>verba</em></strong></span> 
     </span>
    </p>

    <p class='ocr_par' dir='ltr' id='par_1_17' title="bbox 569 2134 2106 2297">
     <span class='ocr_line' id='line_1_19' title="bbox 569 2134 2105 2210; baseline -0.005 -13"><span class='ocrx_word' id='word_1_197' title='bbox 569 2143 642 2198; x_wconf 81' lang='lat' dir='ltr'><strong><em>Ante</em></strong></span> <span class='ocrx_word' id='word_1_198' title='bbox 660 2144 734 2196; x_wconf 78' lang='grc' dir='ltr'><strong><em>ἀίιιη</em></strong></span> <span class='ocrx_word' id='word_1_199' title='bbox 751 2141 880 2195; x_wconf 88' lang='lat' dir='ltr'><strong><em>rationis.</em></strong></span> <span class='ocrx_word' id='word_1_200' title='bbox 1265 2134 1401 2191; x_wconf 73' lang='lat' dir='ltr'><strong><em>iohannis</em></strong></span> <span class='ocrx_word' id='word_1_201' title='bbox 1417 2136 1562 2208; x_wconf 77' lang='lat' dir='ltr'><strong><em>Baptistae</em></strong></span> <span class='ocrx_word' id='word_1_202' title='bbox 1578 2138 1665 2209; x_wconf 87' lang='lat' dir='ltr'><strong><em>Cujus</em></strong></span> <span class='ocrx_word' id='word_1_203' title='bbox 1685 2155 1740 2193; x_wconf 89' lang='lat' dir='ltr'><strong><em>uon</em></strong></span> <span class='ocrx_word' id='word_1_204' title='bbox 1754 2155 1814 2193; x_wconf 86' lang='lat' dir='ltr'><strong><em>sum</em></strong></span> <span class='ocrx_word' id='word_1_205' title='bbox 1826 2138 1937 2210; x_wconf 83' lang='lat' dir='ltr'><strong><em>dignus,</em></strong></span> <span class='ocrx_word' id='word_1_206' title='bbox 1955 2142 1987 2190; x_wconf 89' lang='lat' dir='ltr'><strong><em>ut</em></strong></span> <span class='ocrx_word' id='word_1_207' title='bbox 1998 2136 2105 2190; x_wconf 72' lang='lat' dir='ltr'><strong><em>solvam</em></strong></span> 
     </span>
     <span class='ocr_line' id='line_1_20' title="bbox 613 2223 2106 2297; baseline -0.003 -15"><span class='ocrx_word' id='word_1_208' title='bbox 613 2228 769 2297; x_wconf 72' lang='lat' dir='ltr'><strong><em>Inpemssco</em></strong></span> <span class='ocrx_word' id='word_1_209' title='bbox 785 2235 920 2295; x_wconf 78' lang='lat' dir='ltr'><strong><em>tanquam</em></strong></span> <span class='ocrx_word' id='word_1_210' title='bbox 939 2242 1012 2295; x_wconf 80' lang='lat' dir='ltr'><strong><em>reru,</em></strong></span> <span class='ocrx_word' id='word_1_211' title='bbox 1266 2223 1412 2295; x_wconf 74' lang='lat' dir='ltr'><strong><em>corngiam</em></strong></span> <span class='ocrx_word' id='word_1_212' title='bbox 1429 2224 1679 2280; x_wconf 78' lang='lat' dir='ltr'><strong><em>calceamentorum</em></strong></span> <span class='ocrx_word' id='word_1_213' title='bbox 1689 2232 1755 2280; x_wconf 80' lang='lat' dir='ltr'><strong><em>etc:</em></strong></span> <span class='ocrx_word' id='word_1_214' title='bbox 1777 2225 1890 2280; x_wconf 81' lang='lat' dir='ltr'><strong><em>Omnem</em></strong></span> <span class='ocrx_word' id='word_1_215' title='bbox 1900 2224 2026 2293; x_wconf 80' lang='lat' dir='ltr'><strong><em>pluriam</em></strong></span> <span class='ocrx_word' id='word_1_216' title='bbox 2041 2239 2106 2293; x_wconf 85' lang='lat' dir='ltr'><strong><em>ops·</em></strong></span> 
     </span>
    </p>

    <p class='ocr_par' dir='ltr' id='par_1_18' title="bbox 571 2308 2105 2471">
     <span class='ocr_line' id='line_1_21' title="bbox 571 2308 2105 2385; baseline -0.004 -17"><span class='ocrx_word' id='word_1_217' title='bbox 571 2313 663 2385; x_wconf 74' lang='lat' dir='ltr'><strong><em>Crdpa</em></strong></span> <span class='ocrx_word' id='word_1_218' title='bbox 681 2315 760 2368; x_wconf 89' lang='lat' dir='ltr'><strong><em>rubet</em></strong></span> <span class='ocrx_word' id='word_1_219' title='bbox 779 2314 873 2368; x_wconf 85' lang='lat' dir='ltr'><strong><em>vultus</em></strong></span> <span class='ocrx_word' id='word_1_220' title='bbox 891 2329 974 2381; x_wconf 77' lang='lat' dir='ltr'><strong><em>nurse,</em></strong></span> <span class='ocrx_word' id='word_1_221' title='bbox 1266 2326 1328 2360; x_wconf 85' lang='lat' dir='ltr'><strong><em>rum</em></strong></span> <span class='ocrx_word' id='word_1_222' title='bbox 1346 2318 1506 2364; x_wconf 77' lang='lat' dir='ltr'><strong><em>nostronem</em></strong></span> <span class='ocrx_word' id='word_1_223' title='bbox 1524 2311 1576 2364; x_wconf 81' lang='lat' dir='ltr'><strong><em>lsoc</em></strong></span> <span class='ocrx_word' id='word_1_224' title='bbox 1593 2312 1676 2365; x_wconf 84' lang='lat' dir='ltr'><strong><em>verbo</em></strong></span> <span class='ocrx_word' id='word_1_225' title='bbox 1695 2312 1820 2365; x_wconf 88' lang='lat' dir='ltr'><strong><em>damnat.</em></strong></span> <span class='ocrx_word' id='word_1_226' title='bbox 1857 2311 1892 2365; x_wconf 85' lang='lat' dir='ltr'><strong><em>Si</em></strong></span> <span class='ocrx_word' id='word_1_227' title='bbox 1908 2310 1980 2362; x_wconf 90' lang='lat' dir='ltr'><strong><em>enim</em></strong></span> <span class='ocrx_word' id='word_1_228' title='bbox 1994 2308 2105 2363; x_wconf 81' lang='lat' dir='ltr'><strong><em>Joban·</em></strong></span> 
     </span>
     <span class='ocr_line' id='line_1_22' title="bbox 571 2396 2104 2471; baseline -0.004 -17"><span class='ocrx_word' id='word_1_229' title='bbox 571 2400 755 2471; x_wconf 68' lang='lat' dir='ltr'><strong><em>supplicanti</em></strong></span> <span class='ocrx_word' id='word_1_230' title='bbox 767 2416 857 2469; x_wconf 89' lang='lat' dir='ltr'><strong><em>poree</em></strong></span> <span class='ocrx_word' id='word_1_231' title='bbox 876 2401 963 2455; x_wconf 83' lang='lat' dir='ltr'><strong><em>Deus.</em></strong></span> <span class='ocrx_word' id='word_1_232' title='bbox 1266 2412 1315 2448; x_wconf 88' lang='lat' dir='ltr'><strong><em>nes</em></strong></span> <span class='ocrx_word' id='word_1_233' title='bbox 1332 2412 1361 2448; x_wconf 83' lang='lat' dir='ltr'><strong><em>se</em></strong></span> <span class='ocrx_word' id='word_1_234' title='bbox 1381 2396 1527 2465; x_wconf 78' lang='lat' dir='ltr'><strong><em>indipnum</em></strong></span> <span class='ocrx_word' id='word_1_235' title='bbox 1542 2398 1668 2466; x_wconf 83' lang='lat' dir='ltr'><strong><em>fatetur,</em></strong></span> <span class='ocrx_word' id='word_1_236' title='bbox 1692 2398 1763 2467; x_wconf 78' lang='lat' dir='ltr'><strong><em>quid</em></strong></span> <span class='ocrx_word' id='word_1_237' title='bbox 1782 2405 1813 2450; x_wconf 92' lang='lat' dir='ltr'><strong><em>tu</em></strong></span> <span class='ocrx_word' id='word_1_238' title='bbox 1836 2396 1974 2466; x_wconf 81' lang='lat' dir='ltr'><strong><em>plurioris</em></strong></span> <span class='ocrx_word' id='word_1_239' title='bbox 1994 2396 2031 2449; x_wconf 87' lang='lat' dir='ltr'><strong><em>de</em></strong></span> <span class='ocrx_word' id='word_1_240' title='bbox 2048 2411 2104 2448; x_wconf 68' lang='lat' dir='ltr'><strong><em>me</em></strong></span> 
     </span>
    </p>

    <p class='ocr_par' dir='ltr' id='par_1_19' title="bbox 615 2481 2104 2553">
     <span class='ocr_line' id='line_1_23' title="bbox 615 2481 2104 2553; baseline -0.003 -13"><span class='ocrx_word' id='word_1_241' title='bbox 615 2485 670 2549; x_wconf 82' lang='lat' dir='ltr'><strong><em>Qui</em></strong></span> <span class='ocrx_word' id='word_1_242' title='bbox 688 2486 817 2540; x_wconf 71' lang='lat' dir='ltr'><strong><em>Marsum</em></strong></span> <span class='ocrx_word' id='word_1_243' title='bbox 835 2484 989 2547; x_wconf 81' lang='lat' dir='ltr'><strong><em>absolvisti,</em></strong></span> <span class='ocrx_word' id='word_1_244' title='bbox 1264 2482 1329 2534; x_wconf 82' lang='lat' dir='ltr'><strong><em>ritis</em></strong></span> <span class='ocrx_word' id='word_1_245' title='bbox 1346 2483 1423 2535; x_wconf 76' lang='lat' dir='ltr'><strong><em>tunt</em></strong></span> <span class='ocrx_word' id='word_1_246' title='bbox 1454 2501 1532 2537; x_wconf 87' lang='lat' dir='ltr'><strong><em>mero</em></strong></span> <span class='ocrx_word' id='word_1_247' title='bbox 1550 2483 1637 2551; x_wconf 82' lang='lat' dir='ltr'><strong><em>ipitur</em></strong></span> <span class='ocrx_word' id='word_1_248' title='bbox 1654 2484 1765 2553; x_wconf 81' lang='lat' dir='ltr'><strong><em>pratia,</em></strong></span> <span class='ocrx_word' id='word_1_249' title='bbox 1796 2499 1875 2536; x_wconf 90' lang='lat' dir='ltr'><strong><em>mera</em></strong></span> <span class='ocrx_word' id='word_1_250' title='bbox 1902 2481 2104 2536; x_wconf 84' lang='lat' dir='ltr'><strong><em>misericordia</em></strong></span> 
     </span>
    </p>

    <p class='ocr_par' dir='ltr' id='par_1_20' title="bbox 569 2566 2103 2641">
     <span class='ocr_line' id='line_1_24' title="bbox 569 2566 2103 2641; baseline -0.005 -14"><span class='ocrx_word' id='word_1_251' title='bbox 569 2574 609 2628; x_wconf 85' lang='lat' dir='ltr'><strong><em>Et</em></strong></span> <span class='ocrx_word' id='word_1_252' title='bbox 628 2573 765 2626; x_wconf 85' lang='lat' dir='ltr'><strong><em>latronem</em></strong></span> <span class='ocrx_word' id='word_1_253' title='bbox 785 2572 935 2641; x_wconf 64' lang='lat' dir='ltr'><strong><em>eraudmi,</em></strong></span> <span class='ocrx_word' id='word_1_254' title='bbox 1265 2576 1306 2621; x_wconf 91' lang='lat' dir='ltr'><strong><em>est</em></strong></span> <span class='ocrx_word' id='word_1_255' title='bbox 1336 2570 1490 2638; x_wconf 83' lang='lat' dir='ltr'><strong><em>occepisse,</em></strong></span> <span class='ocrx_word' id='word_1_256' title='bbox 1521 2577 1551 2623; x_wconf 92' lang='lat' dir='ltr'><strong><em>ut</em></strong></span> <span class='ocrx_word' id='word_1_257' title='bbox 1579 2570 1694 2627; x_wconf 84' lang='lat' dir='ltr'><strong><em>servias.</em></strong></span> <span class='ocrx_word' id='word_1_258' title='bbox 1736 2569 1851 2624; x_wconf 69' lang='lat' dir='ltr'><strong><em>”Idem</em></strong></span> <span class='ocrx_word' id='word_1_259' title='bbox 1881 2568 1910 2623; x_wconf 88' lang='lat' dir='ltr'><strong><em>in</em></strong></span> <span class='ocrx_word' id='word_1_260' title='bbox 1934 2566 2047 2639; x_wconf 79' lang='lat' dir='ltr'><strong><em>exegesi</em></strong></span> <span class='ocrx_word' id='word_1_261' title='bbox 2074 2566 2103 2620; x_wconf 89' lang='lat' dir='ltr'><strong><em>in</em></strong></span> 
     </span>
    </p>

    <p class='ocr_par' dir='ltr' id='par_1_21' title="bbox 570 2652 2104 2730">
     <span class='ocr_line' id='line_1_25' title="bbox 570 2652 2104 2730; baseline -0.003 -16"><span class='ocrx_word' id='word_1_262' title='bbox 570 2660 649 2715; x_wconf 76' lang='lat' dir='ltr'><strong><em>Mtbi</em></strong></span> <span class='ocrx_word' id='word_1_263' title='bbox 665 2676 774 2729; x_wconf 74' lang='lat' dir='ltr'><strong><em>paupere</em></strong></span> <span class='ocrx_word' id='word_1_264' title='bbox 790 2676 867 2730; x_wconf 64' lang='lat' dir='ltr'><strong><em>wem</em></strong></span> <span class='ocrx_word' id='word_1_265' title='bbox 885 2658 996 2714; x_wconf 57' lang='lat' dir='ltr'><strong><em>destiti.</em></strong></span> <span class='ocrx_word' id='word_1_266' title='bbox 1265 2653 1409 2722; x_wconf 85' lang='lat' dir='ltr'><strong><em>epistolam</em></strong></span> <span class='ocrx_word' id='word_1_267' title='bbox 1439 2654 1475 2708; x_wconf 87' lang='lat' dir='ltr'><strong><em>ad</em></strong></span> <span class='ocrx_word' id='word_1_268' title='bbox 1501 2654 1581 2709; x_wconf 87' lang='lat' dir='ltr'><strong><em>Rom.</em></strong></span> <span class='ocrx_word' id='word_1_269' title='bbox 1600 2654 1647 2721; x_wconf 78' lang='lat' dir='ltr'><strong><em>(de</em></strong></span> <span class='ocrx_word' id='word_1_270' title='bbox 1665 2657 1746 2720; x_wconf 79' lang='lat' dir='ltr'><strong><em>cuius</em></strong></span> <span class='ocrx_word' id='word_1_271' title='bbox 1766 2652 1987 2710; x_wconf 85' lang='lat' dir='ltr'><strong><em>enarrationibus</em></strong></span> <span class='ocrx_word' id='word_1_272' title='bbox 2007 2652 2104 2709; x_wconf 77' lang='lat' dir='ltr'><strong><em>sixtus</em></strong></span> 
     </span>
    </p>

    <p class='ocr_par' dir='ltr' id='par_1_22' title="bbox 612 2738 2104 2813">
     <span class='ocr_line' id='line_1_26' title="bbox 612 2738 2104 2813; baseline -0.005 -13"><span class='ocrx_word' id='word_1_273' title='bbox 612 2746 716 2800; x_wconf 87' lang='lat' dir='ltr'><strong><em>Preces</em></strong></span> <span class='ocrx_word' id='word_1_274' title='bbox 730 2763 808 2800; x_wconf 72' lang='lat' dir='ltr'><strong><em>nrm</em></strong></span> <span class='ocrx_word' id='word_1_275' title='bbox 818 2763 875 2799; x_wconf 82' lang='lat' dir='ltr'><strong><em>non</em></strong></span> <span class='ocrx_word' id='word_1_276' title='bbox 887 2746 1072 2813; x_wconf 80' lang='lat' dir='ltr'><strong><em>suntdipnae‚</em></strong></span> <span class='ocrx_word' id='word_1_277' title='bbox 1265 2738 1377 2794; x_wconf 84' lang='lat' dir='ltr'><strong><em>Sensus.</em></strong></span> <span class='ocrx_word' id='word_1_278' title='bbox 1408 2740 1456 2795; x_wconf 89' lang='lat' dir='ltr'><strong><em>lib.</em></strong></span> <span class='ocrx_word' id='word_1_279' title='bbox 1484 2748 1507 2797; x_wconf 87' lang='grc'><strong><em>1.</em></strong></span> <span class='ocrx_word' id='word_1_280' title='bbox 1537 2740 1663 2797; x_wconf 88' lang='lat' dir='ltr'><strong><em>biblioth.</em></strong></span> <span class='ocrx_word' id='word_1_281' title='bbox 1696 2741 1739 2796; x_wconf 89' lang='lat' dir='ltr'><strong><em>tit.</em></strong></span> <span class='ocrx_word' id='word_1_282' title='bbox 1774 2741 1840 2796; x_wconf 75' lang='lat' dir='ltr'><strong><em>Jot.</em></strong></span> <span class='ocrx_word' id='word_1_283' title='bbox 1870 2742 1960 2795; x_wconf 80' lang='lat' dir='ltr'><strong><em>Ferus</em></strong></span> <span class='ocrx_word' id='word_1_284' title='bbox 1995 2738 2104 2804; x_wconf 80' lang='lat' dir='ltr'><strong><em>scribit,</em></strong></span> 
     </span>
    </p>

    <p class='ocr_par' dir='ltr' id='par_1_23' title="bbox 571 2827 2103 2902">
     <span class='ocr_line' id='line_1_27' title="bbox 571 2827 2103 2902; baseline -0.004 -15"><span class='ocrx_word' id='word_1_285' title='bbox 571 2833 631 2888; x_wconf 82' lang='lat' dir='ltr'><strong><em>Sed</em></strong></span> <span class='ocrx_word' id='word_1_286' title='bbox 648 2840 679 2886; x_wconf 88' lang='lat' dir='ltr'><strong><em>tu</em></strong></span> <span class='ocrx_word' id='word_1_287' title='bbox 697 2834 765 2887; x_wconf 90' lang='lat' dir='ltr'><strong><em>bone</em></strong></span> <span class='ocrx_word' id='word_1_288' title='bbox 782 2834 834 2899; x_wconf 83' lang='lat' dir='ltr'><strong><em>fac</em></strong></span> <span class='ocrx_word' id='word_1_289' title='bbox 853 2832 977 2902; x_wconf 83' lang='lat' dir='ltr'><strong><em>benipns,</em></strong></span> <span class='ocrx_word' id='word_1_290' title='bbox 1264 2828 1342 2894; x_wconf 76' lang='lat' dir='ltr'><strong><em>quod</em></strong></span> <span class='ocrx_word' id='word_1_291' title='bbox 1360 2827 1417 2881; x_wconf 87' lang='lat' dir='ltr'><strong><em>sint</em></strong></span> <span class='ocrx_word' id='word_1_292' title='bbox 1433 2828 1503 2896; x_wconf 91' lang='lat' dir='ltr'><strong><em>piae</em></strong></span> <span class='ocrx_word' id='word_1_293' title='bbox 1522 2836 1548 2882; x_wconf 88' lang='lat' dir='ltr'><strong><em>et</em></strong></span> <span class='ocrx_word' id='word_1_294' title='bbox 1567 2829 1697 2882; x_wconf 84' lang='lat' dir='ltr'><strong><em>eruditae</em></strong></span> <span class='ocrx_word' id='word_1_295' title='bbox 1712 2829 1796 2896; x_wconf 75' lang='lat' dir='ltr'><strong><em>irrata</em></strong></span> <span class='ocrx_word' id='word_1_296' title='bbox 1812 2827 1980 2882; x_wconf 82' lang='lat' dir='ltr'><strong><em>eotbolieom</em></strong></span> <span class='ocrx_word' id='word_1_297' title='bbox 1996 2827 2103 2881; x_wconf 76' lang='lat' dir='ltr'><strong><em>doctri·</em></strong></span> 
     </span>
    </p>

    <p class='ocr_par' dir='ltr' id='par_1_24' title="bbox 570 2914 2104 2989">
     <span class='ocr_line' id='line_1_28' title="bbox 570 2914 2104 2989; baseline -0.005 -16"><span class='ocrx_word' id='word_1_298' title='bbox 570 2920 615 2973; x_wconf 89' lang='lat' dir='ltr'><strong><em>Ne</em></strong></span> <span class='ocrx_word' id='word_1_299' title='bbox 630 2919 750 2989; x_wconf 82' lang='lat' dir='ltr'><strong><em>peressni</em></strong></span> <span class='ocrx_word' id='word_1_300' title='bbox 766 2936 872 2973; x_wconf 90' lang='lat' dir='ltr'><strong><em>cremer</em></strong></span> <span class='ocrx_word' id='word_1_301' title='bbox 889 2919 960 2987; x_wconf 78' lang='lat' dir='ltr'><strong><em>ipae.</em></strong></span> <span class='ocrx_word' id='word_1_302' title='bbox 1264 2930 1330 2965; x_wconf 91' lang='lat' dir='ltr'><strong><em>nam</em></strong></span> <span class='ocrx_word' id='word_1_303' title='bbox 1355 2914 1563 2968; x_wconf 79' lang='lat' dir='ltr'><strong><em>lucubrationes</em></strong></span> <span class='ocrx_word' id='word_1_304' title='bbox 1587 2923 1612 2967; x_wconf 90' lang='lat' dir='ltr'><strong><em>et</em></strong></span> <span class='ocrx_word' id='word_1_305' title='bbox 1636 2915 1666 2967; x_wconf 90' lang='lat' dir='ltr'><strong><em>in</em></strong></span> <span class='ocrx_word' id='word_1_306' title='bbox 1684 2915 1783 2984; x_wconf 77' lang='lat' dir='ltr'><strong><em>quibus</em></strong></span> <span class='ocrx_word' id='word_1_307' title='bbox 1800 2921 1857 2967; x_wconf 88' lang='lat' dir='ltr'><strong><em>tam</em></strong></span> <span class='ocrx_word' id='word_1_308' title='bbox 1875 2920 1999 2967; x_wconf 81' lang='lat' dir='ltr'><strong><em>ceterum</em></strong></span> <span class='ocrx_word' id='word_1_309' title='bbox 2018 2930 2104 2983; x_wconf 74' lang='lat' dir='ltr'><strong><em>quam</em></strong></span> 
     </span>
    </p>

    <p class='ocr_par' dir='ltr' id='par_1_25' title="bbox 612 2999 2105 3075">
     <span class='ocr_line' id='line_1_29' title="bbox 612 2999 2105 3075; baseline -0.003 -17"><span class='ocrx_word' id='word_1_310' title='bbox 612 3005 692 3060; x_wconf 86' lang='lat' dir='ltr'><strong><em>Inter</em></strong></span> <span class='ocrx_word' id='word_1_311' title='bbox 710 3022 774 3060; x_wconf 84' lang='lat' dir='ltr'><strong><em>oues</em></strong></span> <span class='ocrx_word' id='word_1_312' title='bbox 793 3006 883 3060; x_wconf 89' lang='lat' dir='ltr'><strong><em>locum</em></strong></span> <span class='ocrx_word' id='word_1_313' title='bbox 898 3011 1028 3075; x_wconf 85' lang='lat' dir='ltr'><strong><em>praesto,</em></strong></span> <span class='ocrx_word' id='word_1_314' title='bbox 1263 3000 1414 3053; x_wconf 87' lang='lat' dir='ltr'><strong><em>recentium</em></strong></span> <span class='ocrx_word' id='word_1_315' title='bbox 1435 3000 1622 3070; x_wconf 70' lang='lat' dir='ltr'><strong><em>expositorum</em></strong></span> <span class='ocrx_word' id='word_1_316' title='bbox 1640 3000 1752 3054; x_wconf 83' lang='lat' dir='ltr'><strong><em>labores</em></strong></span> <span class='ocrx_word' id='word_1_317' title='bbox 1768 3000 1843 3054; x_wconf 85' lang='lat' dir='ltr'><strong><em>celat</em></strong></span> <span class='ocrx_word' id='word_1_318' title='bbox 1862 3000 1892 3054; x_wconf 87' lang='lat' dir='ltr'><strong><em>in</em></strong></span> <span class='ocrx_word' id='word_1_319' title='bbox 1904 2999 2105 3068; x_wconf 78' lang='lat' dir='ltr'><strong><em>compendium</em></strong></span> 
     </span>
    </p>

    <p class='ocr_par' dir='ltr' id='par_1_26' title="bbox 571 3086 2104 3161">
     <span class='ocr_line' id='line_1_30' title="bbox 571 3086 2104 3161; baseline -0.005 -15"><span class='ocrx_word' id='word_1_320' title='bbox 571 3092 610 3145; x_wconf 85' lang='lat' dir='ltr'><strong><em>Et</em></strong></span> <span class='ocrx_word' id='word_1_321' title='bbox 626 3092 663 3145; x_wconf 89' lang='lat' dir='ltr'><strong><em>ob</em></strong></span> <span class='ocrx_word' id='word_1_322' title='bbox 682 3092 779 3146; x_wconf 75' lang='lat' dir='ltr'><strong><em>hoedis</em></strong></span> <span class='ocrx_word' id='word_1_323' title='bbox 798 3107 840 3145; x_wconf 88' lang='lat' dir='ltr'><strong><em>me</em></strong></span> <span class='ocrx_word' id='word_1_324' title='bbox 859 3100 1012 3161; x_wconf 69' lang='lat' dir='ltr'><strong><em>semusti-a,</em></strong></span> <span class='ocrx_word' id='word_1_325' title='bbox 1263 3086 1406 3154; x_wconf 80' lang='lat' dir='ltr'><strong><em>redeperit</em></strong></span> <span class='ocrx_word' id='word_1_326' title='bbox 1428 3094 1459 3140; x_wconf 91' lang='lat' dir='ltr'><strong><em>ut</em></strong></span> <span class='ocrx_word' id='word_1_327' title='bbox 1483 3088 1518 3140; x_wconf 89' lang='lat' dir='ltr'><strong><em>ab</em></strong></span> <span class='ocrx_word' id='word_1_328' title='bbox 1541 3088 1667 3141; x_wconf 74' lang='lat' dir='ltr'><strong><em>omnibus</em></strong></span> <span class='ocrx_word' id='word_1_329' title='bbox 1689 3089 1753 3153; x_wconf 79' lang='lat' dir='ltr'><strong><em>fere</em></strong></span> <span class='ocrx_word' id='word_1_330' title='bbox 1779 3086 2024 3142; x_wconf 79' lang='lat' dir='ltr'><strong><em>conciorsutoribus</em></strong></span> <span class='ocrx_word' id='word_1_331' title='bbox 2045 3093 2104 3140; x_wconf 85' lang='lat' dir='ltr'><strong><em>stu·</em></strong></span> 
     </span>
    </p>

    <p class='ocr_par' dir='ltr' id='par_1_27' title="bbox 570 3170 2104 3333">
     <span class='ocr_line' id='line_1_31' title="bbox 570 3170 2103 3248; baseline -0.003 -16"><span class='ocrx_word' id='word_1_332' title='bbox 570 3176 702 3232; x_wconf 69' lang='lat' dir='ltr'><strong><em>&amp;alueus</em></strong></span> <span class='ocrx_word' id='word_1_333' title='bbox 722 3195 764 3232; x_wconf 88' lang='lat' dir='ltr'><strong><em>me</em></strong></span> <span class='ocrx_word' id='word_1_334' title='bbox 778 3185 864 3248; x_wconf 88' lang='lat' dir='ltr'><strong><em>porte</em></strong></span> <span class='ocrx_word' id='word_1_335' title='bbox 884 3180 993 3234; x_wconf 77' lang='lat' dir='ltr'><strong><em>deutra.</em></strong></span> <span class='ocrx_word' id='word_1_336' title='bbox 1263 3170 1342 3226; x_wconf 81' lang='lat' dir='ltr'><strong><em>disse</em></strong></span> <span class='ocrx_word' id='word_1_337' title='bbox 1360 3172 1517 3242; x_wconf 80' lang='lat' dir='ltr'><strong><em>lepontur.)</em></strong></span> <span class='ocrx_word' id='word_1_338' title='bbox 1548 3172 1576 3228; x_wconf 89' lang='lat' dir='ltr'><strong><em>iu</em></strong></span> <span class='ocrx_word' id='word_1_339' title='bbox 1595 3190 1618 3228; x_wconf 86' lang='lat' dir='ltr'><strong><em>c.</em></strong></span> <span class='ocrx_word' id='word_1_340' title='bbox 1639 3178 1683 3229; x_wconf 79' lang='lat'><strong><em>16:</em></strong></span> <span class='ocrx_word' id='word_1_341' title='bbox 1704 3174 1777 3228; x_wconf 80' lang='lat' dir='ltr'><strong><em>Sola</em></strong></span> <span class='ocrx_word' id='word_1_342' title='bbox 1792 3175 1850 3239; x_wconf 76' lang='lat' dir='ltr'><strong><em>fide</em></strong></span> <span class='ocrx_word' id='word_1_343' title='bbox 1865 3172 1896 3226; x_wconf 87' lang='lat' dir='ltr'><strong><em>in</em></strong></span> <span class='ocrx_word' id='word_1_344' title='bbox 1914 3170 2061 3227; x_wconf 69' lang='lat' dir='ltr'><strong><em>dirutum</em></strong></span> <span class='ocrx_word' id='word_1_345' title='bbox 2077 3180 2103 3227; x_wconf 91' lang='lat' dir='ltr'><strong><em>et</em></strong></span> 
     </span>
     <span class='ocr_line' id='line_1_32' title="bbox 611 3258 2104 3333; baseline -0.003 -15"><span class='ocrx_word' id='word_1_346' title='bbox 611 3265 775 3330; x_wconf 82' lang='lat' dir='ltr'><strong><em>Confutatis</em></strong></span> <span class='ocrx_word' id='word_1_347' title='bbox 794 3263 963 3333; x_wconf 86' lang='lat' dir='ltr'><strong><em>maledictis,</em></strong></span> <span class='ocrx_word' id='word_1_348' title='bbox 1263 3258 1351 3312; x_wconf 75' lang='lat' dir='ltr'><strong><em>nattis</em></strong></span> <span class='ocrx_word' id='word_1_349' title='bbox 1374 3260 1481 3312; x_wconf 88' lang='lat' dir='ltr'><strong><em>meritis</em></strong></span> <span class='ocrx_word' id='word_1_350' title='bbox 1505 3260 1608 3313; x_wconf 83' lang='lat' dir='ltr'><strong><em>nostris</em></strong></span> <span class='ocrx_word' id='word_1_351' title='bbox 1628 3260 1831 3330; x_wconf 81' lang='lat' dir='ltr'><strong><em>justificamur.</em></strong></span> <span class='ocrx_word' id='word_1_352' title='bbox 1868 3259 1897 3314; x_wconf 93' lang='lat' dir='ltr'><strong><em>iu</em></strong></span> <span class='ocrx_word' id='word_1_353' title='bbox 1916 3276 1939 3314; x_wconf 84' lang='lat' dir='ltr'><strong><em>c.</em></strong></span> <span class='ocrx_word' id='word_1_354' title='bbox 1959 3264 1985 3316; x_wconf 84' lang='lat'><strong><em>³.</em></strong></span> <span class='ocrx_word' id='word_1_355' title='bbox 2004 3258 2104 3315; x_wconf 78' lang='lat' dir='ltr'><strong><em>Rom:</em></strong></span> 
     </span>
    </p>

    <p class='ocr_par' dir='ltr' id='par_1_28' title="bbox 568 3345 2104 3416">
     <span class='ocr_line' id='line_1_33' title="bbox 568 3345 2104 3416; baseline -0.003 -11"><span class='ocrx_word' id='word_1_356' title='bbox 568 3350 706 3404; x_wconf 64' lang='lat' dir='ltr'><strong><em>Flammis</em></strong></span> <span class='ocrx_word' id='word_1_357' title='bbox 725 3350 836 3404; x_wconf 82' lang='lat' dir='ltr'><strong><em>ncribru</em></strong></span> <span class='ocrx_word' id='word_1_358' title='bbox 855 3347 988 3415; x_wconf 82' lang='lat' dir='ltr'><strong><em>addictis,</em></strong></span> <span class='ocrx_word' id='word_1_359' title='bbox 1264 3345 1448 3415; x_wconf 83' lang='lat' dir='ltr'><strong><em>Bluspbems&#39;a</em></strong></span> <span class='ocrx_word' id='word_1_360' title='bbox 1474 3354 1514 3399; x_wconf 89' lang='lat' dir='ltr'><strong><em>est</em></strong></span> <span class='ocrx_word' id='word_1_361' title='bbox 1539 3346 1641 3414; x_wconf 83' lang='lat' dir='ltr'><strong><em>elipere</em></strong></span> <span class='ocrx_word' id='word_1_362' title='bbox 1670 3363 1757 3416; x_wconf 90' lang='lat' dir='ltr'><strong><em>opera</em></strong></span> <span class='ocrx_word' id='word_1_363' title='bbox 1787 3346 1841 3400; x_wconf 85' lang='lat' dir='ltr'><strong><em>boc</em></strong></span> <span class='ocrx_word' id='word_1_364' title='bbox 1868 3346 1960 3416; x_wconf 87' lang='lat' dir='ltr'><strong><em>speeie</em></strong></span> <span class='ocrx_word' id='word_1_365' title='bbox 1989 3354 2018 3400; x_wconf 87' lang='lat' dir='ltr'><strong><em>ct</em></strong></span> <span class='ocrx_word' id='word_1_366' title='bbox 2042 3346 2104 3416; x_wconf 86' lang='lat' dir='ltr'><strong><em>opi-</em></strong></span> 
     </span>
    </p>

    <p class='ocr_par' dir='ltr' id='par_1_29' title="bbox 576 3432 2103 3503">
     <span class='ocr_line' id='line_1_34' title="bbox 576 3432 2103 3503; baseline -0.001 -13"><span class='ocrx_word' id='word_1_367' title='bbox 576 3436 649 3490; x_wconf 83' lang='lat' dir='ltr'><strong><em>Voca</em></strong></span> <span class='ocrx_word' id='word_1_368' title='bbox 665 3453 708 3489; x_wconf 89' lang='lat' dir='ltr'><strong><em>me</em></strong></span> <span class='ocrx_word' id='word_1_369' title='bbox 726 3453 788 3490; x_wconf 90' lang='lat' dir='ltr'><strong><em>cum</em></strong></span> <span class='ocrx_word' id='word_1_370' title='bbox 806 3434 964 3489; x_wconf 86' lang='lat' dir='ltr'><strong><em>benedictis.</em></strong></span> <span class='ocrx_word' id='word_1_371' title='bbox 1264 3432 1354 3500; x_wconf 86' lang='lat' dir='ltr'><strong><em>nione,</em></strong></span> <span class='ocrx_word' id='word_1_372' title='bbox 1371 3440 1402 3486; x_wconf 92' lang='lat' dir='ltr'><strong><em>ut</em></strong></span> <span class='ocrx_word' id='word_1_373' title='bbox 1417 3449 1470 3503; x_wconf 91' lang='lat' dir='ltr'><strong><em>per</em></strong></span> <span class='ocrx_word' id='word_1_374' title='bbox 1487 3449 1522 3487; x_wconf 90' lang='lat' dir='ltr'><strong><em>ea</em></strong></span> <span class='ocrx_word' id='word_1_375' title='bbox 1532 3432 1730 3502; x_wconf 79' lang='lat' dir='ltr'><strong><em>justificemur.</em></strong></span> <span class='ocrx_word' id='word_1_376' title='bbox 1759 3432 1789 3486; x_wconf 91' lang='lat' dir='ltr'><strong><em>in</em></strong></span> <span class='ocrx_word' id='word_1_377' title='bbox 1800 3448 1824 3487; x_wconf 90' lang='lat' dir='ltr'><strong><em>c.</em></strong></span> <span class='ocrx_word' id='word_1_378' title='bbox 1839 3439 1861 3489; x_wconf 93' lang='grc'><strong><em>1.</em></strong></span> <span class='ocrx_word' id='word_1_379' title='bbox 1873 3432 1968 3488; x_wconf 85' lang='lat' dir='ltr'><strong><em>Rom:</em></strong></span> <span class='ocrx_word' id='word_1_380' title='bbox 1988 3434 2103 3489; x_wconf 74' lang='lat' dir='ltr'><strong><em>Paulus</em></strong></span> 
     </span>
    </p>

    <p class='ocr_par' dir='ltr' id='par_1_30' title="bbox 613 3519 2102 3590">
     <span class='ocr_line' id='line_1_35' title="bbox 613 3519 2102 3590; baseline -0.001 -14"><span class='ocrx_word' id='word_1_381' title='bbox 613 3520 732 3577; x_wconf 62' lang='lat' dir='ltr'><strong><em>&amp;neore</em></strong></span> <span class='ocrx_word' id='word_1_382' title='bbox 749 3529 780 3575; x_wconf 91' lang='lat' dir='ltr'><strong><em>ut</em></strong></span> <span class='ocrx_word' id='word_1_383' title='bbox 796 3520 945 3590; x_wconf 87' lang='lat' dir='ltr'><strong><em>beatitatis,</em></strong></span> <span class='ocrx_word' id='word_1_384' title='bbox 1263 3526 1359 3588; x_wconf 78' lang='lat' dir='ltr'><strong><em>nepot,</em></strong></span> <span class='ocrx_word' id='word_1_385' title='bbox 1381 3536 1438 3588; x_wconf 88' lang='lat' dir='ltr'><strong><em>per</em></strong></span> <span class='ocrx_word' id='word_1_386' title='bbox 1462 3536 1551 3589; x_wconf 92' lang='lat' dir='ltr'><strong><em>opero</em></strong></span> <span class='ocrx_word' id='word_1_387' title='bbox 1568 3536 1620 3573; x_wconf 83' lang='lat' dir='ltr'><strong><em>not</em></strong></span> <span class='ocrx_word' id='word_1_388' title='bbox 1637 3519 1741 3573; x_wconf 88' lang='lat' dir='ltr'><strong><em>mereri</em></strong></span> <span class='ocrx_word' id='word_1_389' title='bbox 1759 3520 1947 3573; x_wconf 83' lang='lat' dir='ltr'><strong><em>remissionem</em></strong></span> <span class='ocrx_word' id='word_1_390' title='bbox 1967 3528 2102 3589; x_wconf 81' lang='lat' dir='ltr'><strong><em>peecato-</em></strong></span> 
     </span>
    </p>

    <p class='ocr_par' dir='ltr' id='par_1_31' title="bbox 577 3605 2101 3677">
     <span class='ocr_line' id='line_1_36' title="bbox 577 3605 2101 3677; baseline 0.003 -18"><span class='ocrx_word' id='word_1_391' title='bbox 577 3606 672 3660; x_wconf 83' lang='lat' dir='ltr'><strong><em>Visam</em></strong></span> <span class='ocrx_word' id='word_1_392' title='bbox 690 3626 752 3661; x_wconf 90' lang='lat' dir='ltr'><strong><em>eum</em></strong></span> <span class='ocrx_word' id='word_1_393' title='bbox 765 3608 940 3677; x_wconf 74' lang='lat' dir='ltr'><strong><em>justificatis,</em></strong></span> <span class='ocrx_word' id='word_1_394' title='bbox 1263 3624 1339 3673; x_wconf 86' lang='lat' dir='ltr'><strong><em>rum,</em></strong></span> <span class='ocrx_word' id='word_1_395' title='bbox 1369 3606 1481 3675; x_wconf 77' lang='lat' dir='ltr'><strong><em>alioqui</em></strong></span> <span class='ocrx_word' id='word_1_396' title='bbox 1507 3605 1535 3659; x_wconf 88' lang='lat' dir='ltr'><strong><em>si</em></strong></span> <span class='ocrx_word' id='word_1_397' title='bbox 1561 3606 1691 3676; x_wconf 87' lang='lat' dir='ltr'><strong><em>operibus</em></strong></span> <span class='ocrx_word' id='word_1_398' title='bbox 1718 3623 1868 3676; x_wconf 89' lang='lat' dir='ltr'><strong><em>meremur,</em></strong></span> <span class='ocrx_word' id='word_1_399' title='bbox 1895 3607 1957 3674; x_wconf 75' lang='lat' dir='ltr'><strong><em>iam</em></strong></span> <span class='ocrx_word' id='word_1_400' title='bbox 1982 3624 2040 3661; x_wconf 90' lang='lat' dir='ltr'><strong><em>non</em></strong></span> <span class='ocrx_word' id='word_1_401' title='bbox 2060 3614 2101 3663; x_wconf 77' lang='lat' dir='ltr'><strong><em>est</em></strong></span> 
     </span>
    </p>

    <p class='ocr_par' dir='ltr' id='par_1_32' title="bbox 279 3690 2103 5924">
     <span class='ocr_line' id='line_1_37' title="bbox 569 3690 2101 3762; baseline 0.001 -15"><span class='ocrx_word' id='word_1_402' title='bbox 569 3693 606 3747; x_wconf 89' lang='lat' dir='ltr'><strong><em>In</em></strong></span> <span class='ocrx_word' id='word_1_403' title='bbox 624 3707 722 3744; x_wconf 81' lang='lat' dir='ltr'><strong><em>aarum</em></strong></span> <span class='ocrx_word' id='word_1_404' title='bbox 739 3695 918 3751; x_wconf 77' lang='lat' dir='ltr'><strong><em>ouemnatts.</em></strong></span> <span class='ocrx_word' id='word_1_405' title='bbox 1262 3693 1367 3762; x_wconf 81' lang='lat' dir='ltr'><strong><em>pratia,</em></strong></span> <span class='ocrx_word' id='word_1_406' title='bbox 1387 3694 1483 3761; x_wconf 81' lang='lat' dir='ltr'><strong><em>pratia</em></strong></span> <span class='ocrx_word' id='word_1_407' title='bbox 1501 3692 1624 3746; x_wconf 76' lang='lat' dir='ltr'><strong><em>excludit</em></strong></span> <span class='ocrx_word' id='word_1_408' title='bbox 1641 3693 1750 3747; x_wconf 85' lang='lat' dir='ltr'><strong><em>merita.</em></strong></span> <span class='ocrx_word' id='word_1_409' title='bbox 1779 3691 1809 3746; x_wconf 88' lang='lat' dir='ltr'><strong><em>iu</em></strong></span> <span class='ocrx_word' id='word_1_410' title='bbox 1825 3708 1849 3747; x_wconf 84' lang='lat' dir='ltr'><strong><em>c.</em></strong></span> <span class='ocrx_word' id='word_1_411' title='bbox 1867 3697 1891 3747; x_wconf 82' lang='lat'><strong><em>³.</em></strong></span> <span class='ocrx_word' id='word_1_412' title='bbox 1904 3690 2001 3746; x_wconf 83' lang='lat' dir='ltr'><strong><em>Rom:</em></strong></span> <span class='ocrx_word' id='word_1_413' title='bbox 2024 3691 2101 3748; x_wconf 80' lang='lat' dir='ltr'><strong><em>Gro-</em></strong></span> 
     </span>
     <span class='ocr_line' id='line_1_38' title="bbox 406 3775 2102 3850; baseline 0 -19"><span class='ocrx_word' id='word_1_414' title='bbox 406 3776 561 3831; x_wconf 78' lang='lat' dir='ltr'><strong><em>Gratuitsm</em></strong></span> <span class='ocrx_word' id='word_1_415' title='bbox 577 3775 804 3847; x_wconf 85' lang='lat' dir='ltr'><strong><em>justificationem</em></strong></span> <span class='ocrx_word' id='word_1_416' title='bbox 820 3788 850 3835; x_wconf 82' lang='lat' dir='ltr'><strong><em>st</em></strong></span> <span class='ocrx_word' id='word_1_417' title='bbox 868 3780 1046 3837; x_wconf 81' lang='lat' dir='ltr'><strong><em>salvationem</em></strong></span> <span class='ocrx_word' id='word_1_418' title='bbox 1065 3785 1235 3850; x_wconf 71' lang='lat' dir='ltr'><strong><em>connaope</em></strong></span> <span class='ocrx_word' id='word_1_419' title='bbox 1264 3780 1319 3833; x_wconf 88' lang='lat' dir='ltr'><strong><em>tiae</em></strong></span> <span class='ocrx_word' id='word_1_420' title='bbox 1339 3779 1399 3832; x_wconf 88' lang='lat' dir='ltr'><strong><em>Dei</em></strong></span> <span class='ocrx_word' id='word_1_421' title='bbox 1420 3780 1569 3833; x_wconf 82' lang='lat' dir='ltr'><strong><em>detrabunt</em></strong></span> <span class='ocrx_word' id='word_1_422' title='bbox 1592 3787 1618 3833; x_wconf 90' lang='lat' dir='ltr'><strong><em>et</em></strong></span> <span class='ocrx_word' id='word_1_423' title='bbox 1644 3777 1786 3832; x_wconf 79' lang='lat' dir='ltr'><strong><em>Christum</em></strong></span> <span class='ocrx_word' id='word_1_424' title='bbox 1812 3778 1950 3847; x_wconf 78' lang='lat' dir='ltr'><strong><em>objiciunt</em></strong></span> <span class='ocrx_word' id='word_1_425' title='bbox 1972 3780 2102 3849; x_wconf 82' lang='lat' dir='ltr'><strong><em>adeoque</em></strong></span> 
     </span>
     <span class='ocr_line' id='line_1_39' title="bbox 405 3861 2101 3937; baseline 0 -17"><span class='ocrx_word' id='word_1_426' title='bbox 405 3880 467 3917; x_wconf 81' lang='lat' dir='ltr'><strong><em>rum</em></strong></span> <span class='ocrx_word' id='word_1_427' title='bbox 484 3863 582 3917; x_wconf 73' lang='lat' dir='ltr'><strong><em>merita</em></strong></span> <span class='ocrx_word' id='word_1_428' title='bbox 599 3863 754 3918; x_wconf 75' lang='lat' dir='ltr'><strong><em>docuerunt</em></strong></span> <span class='ocrx_word' id='word_1_429' title='bbox 765 3861 937 3934; x_wconf 69' lang='lat' dir='ltr'><strong><em>Wuldenses,</em></strong></span> <span class='ocrx_word' id='word_1_430' title='bbox 951 3865 1106 3937; x_wconf 86' lang='lat' dir='ltr'><strong><em>Wiclsffus,</em></strong></span> <span class='ocrx_word' id='word_1_431' title='bbox 1118 3866 1237 3931; x_wconf 79' lang='lat' dir='ltr'><strong><em>Russus,</em></strong></span> <span class='ocrx_word' id='word_1_432' title='bbox 1263 3884 1291 3920; x_wconf 90' lang='lat' dir='ltr'><strong><em>se</em></strong></span> <span class='ocrx_word' id='word_1_433' title='bbox 1309 3867 1387 3935; x_wconf 87' lang='lat' dir='ltr'><strong><em>ipsos</em></strong></span> <span class='ocrx_word' id='word_1_434' title='bbox 1405 3869 1543 3935; x_wconf 88' lang='lat' dir='ltr'><strong><em>perdunt,</em></strong></span> <span class='ocrx_word' id='word_1_435' title='bbox 1566 3865 1617 3935; x_wconf 74' lang='lat' dir='ltr'><strong><em>qui</em></strong></span> <span class='ocrx_word' id='word_1_436' title='bbox 1636 3867 1772 3929; x_wconf 80' lang='lat' dir='ltr'><strong><em>fiduciam</em></strong></span> <span class='ocrx_word' id='word_1_437' title='bbox 1790 3865 1820 3918; x_wconf 89' lang='lat' dir='ltr'><strong><em>in</em></strong></span> <span class='ocrx_word' id='word_1_438' title='bbox 1838 3882 1927 3934; x_wconf 88' lang='lat' dir='ltr'><strong><em>opera</em></strong></span> <span class='ocrx_word' id='word_1_439' title='bbox 1940 3868 2101 3935; x_wconf 72' lang='lat' dir='ltr'><strong><em>ponuat‘*</em></strong></span> 
     </span>
     <span class='ocr_line' id='line_1_40' title="bbox 405 3947 2098 4024; baseline 0.002 -20"><span class='ocrx_word' id='word_1_440' title='bbox 405 3949 592 4021; x_wconf 82' lang='lat' dir='ltr'><strong><em>Hieronymus</em></strong></span> <span class='ocrx_word' id='word_1_441' title='bbox 602 3947 761 4020; x_wconf 83' lang='lat' dir='ltr'><strong><em>Pragensis,</em></strong></span> <span class='ocrx_word' id='word_1_442' title='bbox 779 3947 917 4002; x_wconf 77' lang='lat' dir='ltr'><strong><em>Mamilius</em></strong></span> <span class='ocrx_word' id='word_1_443' title='bbox 929 3948 1087 4018; x_wconf 77' lang='lat' dir='ltr'><strong><em>Patavinae,</em></strong></span> <span class='ocrx_word' id='word_1_444' title='bbox 1100 3952 1237 4009; x_wconf 88' lang='lat' dir='ltr'><strong><em>Henricus</em></strong></span> <span class='ocrx_word' id='word_1_445' title='bbox 1263 3951 1337 4007; x_wconf 87' lang='lat' dir='ltr'><strong><em>Vide</em></strong></span> <span class='ocrx_word' id='word_1_446' title='bbox 1354 3952 1437 4006; x_wconf 89' lang='lat' dir='ltr'><strong><em>indic.</em></strong></span> <span class='ocrx_word' id='word_1_447' title='bbox 1456 3956 1600 4023; x_wconf 78' lang='lat' dir='ltr'><strong><em>expurgat.</em></strong></span> <span class='ocrx_word' id='word_1_448' title='bbox 1623 3950 1807 4023; x_wconf 84' lang='lat' dir='ltr'><strong><em>Hispanicum</em></strong></span> <span class='ocrx_word' id='word_1_449' title='bbox 1825 3968 1844 4005; x_wconf 81' lang='lat' dir='ltr'><strong><em>a</em></strong></span> <span class='ocrx_word' id='word_1_450' title='bbox 1859 3949 1908 4006; x_wconf 75' lang='lat' dir='ltr'><strong><em>iol</em></strong></span> <span class='ocrx_word' id='word_1_451' title='bbox 1931 3955 1988 4006; x_wconf 83' lang='grc'>113.</span> <span class='ocrx_word' id='word_1_452' title='bbox 2009 3968 2098 4024; x_wconf 81' lang='lat' dir='ltr'><strong><em>usque</em></strong></span> 
     </span>
     <span class='ocr_line' id='line_1_41' title="bbox 406 4033 2099 4110; baseline 0.002 -20"><span class='ocrx_word' id='word_1_453' title='bbox 406 4034 563 4094; x_wconf 79' lang='lat' dir='ltr'><strong><em>delicata.</em></strong></span> <span class='ocrx_word' id='word_1_454' title='bbox 581 4034 781 4101; x_wconf 82' lang='lat' dir='ltr'><strong><em>wandelinus,</em></strong></span> <span class='ocrx_word' id='word_1_455' title='bbox 798 4033 941 4089; x_wconf 85' lang='lat' dir='ltr'><strong><em>lohannes</em></strong></span> <span class='ocrx_word' id='word_1_456' title='bbox 959 4034 995 4089; x_wconf 87' lang='lat' dir='ltr'><strong><em>de</em></strong></span> <span class='ocrx_word' id='word_1_457' title='bbox 1007 4036 1133 4110; x_wconf 87' lang='lat' dir='ltr'><strong><em>Vesalia,</em></strong></span> <span class='ocrx_word' id='word_1_458' title='bbox 1154 4040 1237 4095; x_wconf 77' lang='lat' dir='ltr'><strong><em>aliive</em></strong></span> <span class='ocrx_word' id='word_1_459' title='bbox 1263 4039 1300 4092; x_wconf 89' lang='lat' dir='ltr'><strong><em>ad</em></strong></span> <span class='ocrx_word' id='word_1_460' title='bbox 1317 4037 1365 4093; x_wconf 84' lang='lat' dir='ltr'><strong><em>fol</em></strong></span> <span class='ocrx_word' id='word_1_461' title='bbox 1387 4044 1443 4093; x_wconf 81' lang='lat'><strong><em>135.</em></strong></span> <span class='ocrx_word' id='word_1_462' title='bbox 1466 4036 1515 4091; x_wconf 89' lang='lat' dir='ltr'><strong><em>ubi</em></strong></span> <span class='ocrx_word' id='word_1_463' title='bbox 1540 4036 1672 4109; x_wconf 86' lang='lat' dir='ltr'><strong><em>plurimae</em></strong></span> <span class='ocrx_word' id='word_1_464' title='bbox 1690 4039 1750 4109; x_wconf 89' lang='lat' dir='ltr'><strong><em>ejus</em></strong></span> <span class='ocrx_word' id='word_1_465' title='bbox 1770 4036 1879 4110; x_wconf 78' lang='lat' dir='ltr'><strong><em>generis</em></strong></span> <span class='ocrx_word' id='word_1_466' title='bbox 1896 4038 2051 4093; x_wconf 71' lang='lat' dir='ltr'><strong><em>sermatiae</em></strong></span> <span class='ocrx_word' id='word_1_467' title='bbox 2066 4054 2099 4093; x_wconf 84' lang='lat' dir='ltr'><strong><em>ex</em></strong></span> 
     </span>
     <span class='ocr_line' id='line_1_42' title="bbox 406 4120 2098 4196; baseline 0.003 -21"><span class='ocrx_word' id='word_1_468' title='bbox 406 4120 566 4191; x_wconf 89' lang='lat' dir='ltr'><strong><em>complures.</em></strong></span> <span class='ocrx_word' id='word_1_469' title='bbox 586 4120 1139 4194; x_wconf 72' lang='lat' dir='ltr'><strong><em>Georgiuscmanderineonrultans:</em></strong></span> <span class='ocrx_word' id='word_1_470' title='bbox 1154 4128 1239 4190; x_wconf 82' lang='lat' dir='ltr'><strong><em>Quod</em></strong></span> <span class='ocrx_word' id='word_1_471' title='bbox 1263 4125 1334 4180; x_wconf 83' lang='lat' dir='ltr'><strong><em>Fero</em></strong></span> <span class='ocrx_word' id='word_1_472' title='bbox 1361 4140 1518 4196; x_wconf 83' lang='lat' dir='ltr'><strong><em>expungere</em></strong></span> <span class='ocrx_word' id='word_1_473' title='bbox 1538 4123 1648 4194; x_wconf 88' lang='lat' dir='ltr'><strong><em>jubent.</em></strong></span> <span class='ocrx_word' id='word_1_474' title='bbox 1683 4124 1763 4180; x_wconf 84' lang='lat' dir='ltr'><strong><em>idem</em></strong></span> <span class='ocrx_word' id='word_1_475' title='bbox 1783 4141 1846 4179; x_wconf 91' lang='lat' dir='ltr'><strong><em>cum</em></strong></span> <span class='ocrx_word' id='word_1_476' title='bbox 1863 4123 1934 4179; x_wconf 87' lang='lat' dir='ltr'><strong><em>Fero</em></strong></span> <span class='ocrx_word' id='word_1_477' title='bbox 1953 4124 2037 4179; x_wconf 88' lang='lat' dir='ltr'><strong><em>docet</em></strong></span> <span class='ocrx_word' id='word_1_478' title='bbox 2050 4123 2098 4180; x_wconf 85' lang='lat' dir='ltr'><strong><em>la·</em></strong></span> 
     </span>
     <span class='ocr_line' id='line_1_43' title="bbox 405 4208 2097 4284; baseline 0.004 -23"><span class='ocrx_word' id='word_1_479' title='bbox 405 4208 559 4280; x_wconf 80' lang='lat' dir='ltr'><strong><em>subjicitur,</em></strong></span> <span class='ocrx_word' id='word_1_480' title='bbox 568 4218 689 4280; x_wconf 81' lang='lat' dir='ltr'><strong><em>prepter</em></strong></span> <span class='ocrx_word' id='word_1_481' title='bbox 701 4210 763 4265; x_wconf 87' lang='lat' dir='ltr'><strong><em>Dei</em></strong></span> <span class='ocrx_word' id='word_1_482' title='bbox 772 4210 951 4278; x_wconf 77' lang='lat' dir='ltr'><strong><em>uoluntatem,</em></strong></span> <span class='ocrx_word' id='word_1_483' title='bbox 965 4226 1020 4262; x_wconf 88' lang='lat' dir='ltr'><strong><em>non</em></strong></span> <span class='ocrx_word' id='word_1_484' title='bbox 1035 4226 1100 4263; x_wconf 79' lang='lat' dir='ltr'><strong><em>acro</em></strong></span> <span class='ocrx_word' id='word_1_485' title='bbox 1115 4218 1143 4262; x_wconf 90' lang='lat' dir='ltr'><strong><em>ut</em></strong></span> <span class='ocrx_word' id='word_1_486' title='bbox 1155 4215 1237 4277; x_wconf 79' lang='lat' dir='ltr'><strong><em>confi·</em></strong></span> <span class='ocrx_word' id='word_1_487' title='bbox 1264 4211 1350 4267; x_wconf 88' lang='lat' dir='ltr'><strong><em>cobus</em></strong></span> <span class='ocrx_word' id='word_1_488' title='bbox 1371 4210 1463 4266; x_wconf 85' lang='lat' dir='ltr'><strong><em>Faber</em></strong></span> <span class='ocrx_word' id='word_1_489' title='bbox 1486 4209 1673 4282; x_wconf 79' lang='lat' dir='ltr'><strong><em>stapulensis,</em></strong></span> <span class='ocrx_word' id='word_1_490' title='bbox 1699 4211 1734 4267; x_wconf 88' lang='lat' dir='ltr'><strong><em>de</em></strong></span> <span class='ocrx_word' id='word_1_491' title='bbox 1752 4213 1832 4284; x_wconf 87' lang='lat' dir='ltr'><strong><em>cujus</em></strong></span> <span class='ocrx_word' id='word_1_492' title='bbox 1849 4211 2055 4266; x_wconf 86' lang='lat' dir='ltr'><strong><em>commentariis</em></strong></span> <span class='ocrx_word' id='word_1_493' title='bbox 2070 4211 2097 4267; x_wconf 88' lang='lat' dir='ltr'><strong><em>iu</em></strong></span> 
     </span>
     <span class='ocr_line' id='line_1_44' title="bbox 406 4295 2098 4369; baseline 0.003 -21"><span class='ocrx_word' id='word_1_494' title='bbox 406 4296 567 4365; x_wconf 85' lang='lat' dir='ltr'><strong><em>damusper</em></strong></span> <span class='ocrx_word' id='word_1_495' title='bbox 578 4296 849 4366; x_wconf 82' lang='lat' dir='ltr'><strong><em>cujustificationcm</em></strong></span> <span class='ocrx_word' id='word_1_496' title='bbox 862 4313 958 4350; x_wconf 87' lang='lat' dir='ltr'><strong><em>coram</em></strong></span> <span class='ocrx_word' id='word_1_497' title='bbox 967 4296 1151 4363; x_wconf 86' lang='lat' dir='ltr'><strong><em>Deomsreri‚</em></strong></span> <span class='ocrx_word' id='word_1_498' title='bbox 1166 4297 1237 4351; x_wconf 88' lang='lat' dir='ltr'><strong><em>bona</em></strong></span> <span class='ocrx_word' id='word_1_499' title='bbox 1264 4297 1420 4353; x_wconf 76' lang='lat' dir='ltr'><strong><em>iohannem</em></strong></span> <span class='ocrx_word' id='word_1_500' title='bbox 1446 4295 1514 4351; x_wconf 89' lang='lat' dir='ltr'><strong><em>dicit</em></strong></span> <span class='ocrx_word' id='word_1_501' title='bbox 1536 4296 1619 4352; x_wconf 84' lang='lat' dir='ltr'><strong><em>index</em></strong></span> <span class='ocrx_word' id='word_1_502' title='bbox 1643 4305 1787 4369; x_wconf 83' lang='lat' dir='ltr'><strong><em>expurgat.</em></strong></span> <span class='ocrx_word' id='word_1_503' title='bbox 1812 4297 1998 4369; x_wconf 85' lang='lat' dir='ltr'><strong><em>Hispanicna:</em></strong></span> <span class='ocrx_word' id='word_1_504' title='bbox 2028 4298 2098 4362; x_wconf 78' lang='lat' dir='ltr'><strong><em>Qus-</em></strong></span> 
     </span>
     <span class='ocr_line' id='line_1_45' title="bbox 407 4381 2099 4456; baseline 0.002 -21"><span class='ocrx_word' id='word_1_505' title='bbox 407 4397 494 4450; x_wconf 84' lang='lat' dir='ltr'><strong><em>opera</em></strong></span> <span class='ocrx_word' id='word_1_506' title='bbox 511 4396 543 4434; x_wconf 84' lang='lat' dir='ltr'><strong><em>cn</em></strong></span> <span class='ocrx_word' id='word_1_507' title='bbox 554 4385 617 4451; x_wconf 80' lang='lat' dir='ltr'><strong><em>fide</em></strong></span> <span class='ocrx_word' id='word_1_508' title='bbox 628 4383 782 4451; x_wconf 86' lang='lat' dir='ltr'><strong><em>socienda,</em></strong></span> <span class='ocrx_word' id='word_1_509' title='bbox 798 4383 832 4435; x_wconf 86' lang='lat' dir='ltr'><strong><em>id</em></strong></span> <span class='ocrx_word' id='word_1_510' title='bbox 842 4390 917 4436; x_wconf 88' lang='lat' dir='ltr'><strong><em>recte</em></strong></span> <span class='ocrx_word' id='word_1_511' title='bbox 931 4390 957 4435; x_wconf 91' lang='lat' dir='ltr'><strong><em>et</em></strong></span> <span class='ocrx_word' id='word_1_512' title='bbox 969 4381 1173 4436; x_wconf 89' lang='lat' dir='ltr'><strong><em>ecclesiastieae</em></strong></span> <span class='ocrx_word' id='word_1_513' title='bbox 1188 4385 1237 4438; x_wconf 89' lang='lat' dir='ltr'><strong><em>do·</em></strong></span> <span class='ocrx_word' id='word_1_514' title='bbox 1265 4385 1342 4437; x_wconf 85' lang='lat' dir='ltr'><strong><em>niam</em></strong></span> <span class='ocrx_word' id='word_1_515' title='bbox 1361 4386 1504 4439; x_wconf 87' lang='lat' dir='ltr'><strong><em>commode</em></strong></span> <span class='ocrx_word' id='word_1_516' title='bbox 1523 4386 1677 4455; x_wconf 77' lang='lat' dir='ltr'><strong><em>eepurpari</em></strong></span> <span class='ocrx_word' id='word_1_517' title='bbox 1692 4404 1749 4438; x_wconf 89' lang='lat' dir='ltr'><strong><em>non</em></strong></span> <span class='ocrx_word' id='word_1_518' title='bbox 1769 4392 1899 4456; x_wconf 83' lang='lat' dir='ltr'><strong><em>possunt,</em></strong></span> <span class='ocrx_word' id='word_1_519' title='bbox 1922 4385 2036 4439; x_wconf 84' lang='lat' dir='ltr'><strong><em>omnino</em></strong></span> <span class='ocrx_word' id='word_1_520' title='bbox 2056 4403 2099 4439; x_wconf 79' lang='lat' dir='ltr'><strong><em>sa·</em></strong></span> 
     </span>
     <span class='ocr_line' id='line_1_46' title="bbox 407 4467 2099 4542; baseline 0.005 -22"><span class='ocrx_word' id='word_1_521' title='bbox 407 4469 514 4523; x_wconf 89' lang='lat' dir='ltr'><strong><em>ctrinae</em></strong></span> <span class='ocrx_word' id='word_1_522' title='bbox 531 4477 714 4524; x_wconf 87' lang='lat' dir='ltr'><strong><em>consentanee</em></strong></span> <span class='ocrx_word' id='word_1_523' title='bbox 734 4468 852 4538; x_wconf 72' lang='lat' dir='ltr'><strong><em>dieitw,</em></strong></span> <span class='ocrx_word' id='word_1_524' title='bbox 880 4485 913 4523; x_wconf 91' lang='lat' dir='ltr'><strong><em>ac</em></strong></span> <span class='ocrx_word' id='word_1_525' title='bbox 931 4467 1015 4531; x_wconf 87' lang='lat' dir='ltr'><strong><em>dicit,</em></strong></span> <span class='ocrx_word' id='word_1_526' title='bbox 1032 4469 1157 4539; x_wconf 74' lang='lat' dir='ltr'><strong><em>exemplo</em></strong></span> <span class='ocrx_word' id='word_1_527' title='bbox 1174 4486 1238 4537; x_wconf 83' lang='lat' dir='ltr'><strong><em>sup·</em></strong></span> <span class='ocrx_word' id='word_1_528' title='bbox 1261 4480 1435 4536; x_wconf 65' lang='lat' dir='ltr'><strong><em>punirentur.</em></strong></span> <span class='ocrx_word' id='word_1_529' title='bbox 1469 4470 1654 4542; x_wconf 76' lang='lat' dir='ltr'><strong><em>DeGasparo</em></strong></span> <span class='ocrx_word' id='word_1_530' title='bbox 1666 4471 1830 4541; x_wconf 78' lang='lat' dir='ltr'><strong><em>contareno,</em></strong></span> <span class='ocrx_word' id='word_1_531' title='bbox 1850 4472 1970 4542; x_wconf 85' lang='lat' dir='ltr'><strong><em>patricio</em></strong></span> <span class='ocrx_word' id='word_1_532' title='bbox 1981 4471 2099 4538; x_wconf 85' lang='lat' dir='ltr'><strong><em>Veneto,</em></strong></span> 
     </span>
     <span class='ocr_line' id='line_1_47' title="bbox 402 4551 2101 4625; baseline 0.004 -18"><span class='ocrx_word' id='word_1_533' title='bbox 402 4563 511 4625; x_wconf 83' lang='lat' dir='ltr'><strong><em>petere,</em></strong></span> <span class='ocrx_word' id='word_1_534' title='bbox 543 4556 589 4608; x_wconf 92' lang='lat' dir='ltr'><strong><em>ubi</em></strong></span> <span class='ocrx_word' id='word_1_535' title='bbox 611 4572 718 4625; x_wconf 77' lang='lat' dir='ltr'><strong><em>quoque</em></strong></span> <span class='ocrx_word' id='word_1_536' title='bbox 734 4554 905 4624; x_wconf 80' lang='lat' dir='ltr'><strong><em>justificatio</em></strong></span> <span class='ocrx_word' id='word_1_537' title='bbox 919 4561 984 4623; x_wconf 91' lang='lat' dir='ltr'><strong><em>post</em></strong></span> <span class='ocrx_word' id='word_1_538' title='bbox 1002 4556 1238 4623; x_wconf 77' lang='lat' dir='ltr'><strong><em>reponeretionem</em></strong></span> <span class='ocrx_word' id='word_1_539' title='bbox 1265 4551 1400 4607; x_wconf 87' lang='lat' dir='ltr'><strong><em>cardinali</em></strong></span> <span class='ocrx_word' id='word_1_540' title='bbox 1434 4568 1468 4607; x_wconf 90' lang='lat' dir='ltr'><strong><em>ac</em></strong></span> <span class='ocrx_word' id='word_1_541' title='bbox 1503 4556 1642 4623; x_wconf 84' lang='lat' dir='ltr'><strong><em>pontificia</em></strong></span> <span class='ocrx_word' id='word_1_542' title='bbox 1673 4558 1709 4611; x_wconf 87' lang='lat' dir='ltr'><strong><em>ad</em></strong></span> <span class='ocrx_word' id='word_1_543' title='bbox 1739 4557 1858 4614; x_wconf 86' lang='lat' dir='ltr'><strong><em>Comitia</em></strong></span> <span class='ocrx_word' id='word_1_544' title='bbox 1885 4556 2101 4613; x_wconf 83' lang='lat' dir='ltr'><strong><em>Ratisbonenaia</em></strong></span> 
     </span>
     <span class='ocr_line' id='line_1_48' title="bbox 408 4638 2100 4714; baseline 0.003 -20"><span class='ocrx_word' id='word_1_545' title='bbox 408 4642 471 4695; x_wconf 93' lang='lat' dir='ltr'><strong><em>sola</em></strong></span> <span class='ocrx_word' id='word_1_546' title='bbox 489 4643 550 4711; x_wconf 78' lang='lat' dir='ltr'><strong><em>fide</em></strong></span> <span class='ocrx_word' id='word_1_547' title='bbox 574 4650 702 4696; x_wconf 86' lang='lat' dir='ltr'><strong><em>constare</em></strong></span> <span class='ocrx_word' id='word_1_548' title='bbox 723 4641 844 4709; x_wconf 80' lang='lat' dir='ltr'><strong><em>dicitrrr,·</em></strong></span> <span class='ocrx_word' id='word_1_549' title='bbox 874 4647 972 4712; x_wconf 89' lang='lat' dir='ltr'><strong><em>postea</em></strong></span> <span class='ocrx_word' id='word_1_550' title='bbox 989 4639 1081 4694; x_wconf 89' lang='lat' dir='ltr'><strong><em>addit:</em></strong></span> <span class='ocrx_word' id='word_1_551' title='bbox 1111 4641 1191 4695; x_wconf 87' lang='lat' dir='ltr'><strong><em>nullo</em></strong></span> <span class='ocrx_word' id='word_1_552' title='bbox 1209 4641 1238 4693; x_wconf 91' lang='lat' dir='ltr'><strong><em>in</em></strong></span> <span class='ocrx_word' id='word_1_553' title='bbox 1266 4655 1338 4693; x_wconf 90' lang='lat' dir='ltr'><strong><em>anno</em></strong></span> <span class='ocrx_word' id='word_1_554' title='bbox 1367 4643 1441 4694; x_wconf 83' lang='grc'>1541.</span> <span class='ocrx_word' id='word_1_555' title='bbox 1477 4638 1585 4711; x_wconf 83' lang='lat' dir='ltr'><strong><em>legato,</em></strong></span> <span class='ocrx_word' id='word_1_556' title='bbox 1606 4638 1691 4695; x_wconf 86' lang='lat' dir='ltr'><strong><em>refert</em></strong></span> <span class='ocrx_word' id='word_1_557' title='bbox 1717 4640 1828 4698; x_wconf 79' lang='lat' dir='ltr'><strong><em>Flauius</em></strong></span> <span class='ocrx_word' id='word_1_558' title='bbox 1850 4644 1879 4697; x_wconf 91' lang='lat' dir='ltr'><strong><em>in</em></strong></span> <span class='ocrx_word' id='word_1_559' title='bbox 1898 4643 2016 4714; x_wconf 75' lang='lat' dir='ltr'><strong><em>praefat</em></strong></span> <span class='ocrx_word' id='word_1_560' title='bbox 2035 4643 2100 4699; x_wconf 85' lang='lat' dir='ltr'><strong><em>libri</em></strong></span> 
     </span>
     <span class='ocr_line' id='line_1_49' title="bbox 279 4723 2100 4801; baseline 0.002 -19"><span class='ocrx_word' id='word_1_561' title='bbox 279 4737 394 4782; x_wconf 70' lang='lat' dir='ltr'><strong><em>utitis.</em></strong></span> <span class='ocrx_word' id='word_1_562' title='bbox 408 4728 502 4782; x_wconf 87' lang='lat' dir='ltr'><strong><em>Deum</em></strong></span> <span class='ocrx_word' id='word_1_563' title='bbox 526 4734 589 4781; x_wconf 87' lang='lat' dir='ltr'><strong><em>sunt</em></strong></span> <span class='ocrx_word' id='word_1_564' title='bbox 611 4730 712 4782; x_wconf 85' lang='lat' dir='ltr'><strong><em>rnerita</em></strong></span> <span class='ocrx_word' id='word_1_565' title='bbox 732 4735 843 4795; x_wconf 85' lang='lat' dir='ltr'><strong><em>nostro,</em></strong></span> <span class='ocrx_word' id='word_1_566' title='bbox 874 4727 921 4781; x_wconf 88' lang='lat' dir='ltr'><strong><em>eui</em></strong></span> <span class='ocrx_word' id='word_1_567' title='bbox 944 4726 1038 4780; x_wconf 86' lang='lat' dir='ltr'><strong><em>debito</em></strong></span> <span class='ocrx_word' id='word_1_568' title='bbox 1057 4735 1119 4780; x_wconf 82' lang='lat' dir='ltr'><strong><em>ssent</em></strong></span> <span class='ocrx_word' id='word_1_569' title='bbox 1138 4727 1238 4796; x_wconf 86' lang='lat' dir='ltr'><strong><em>omnic,</em></strong></span> <span class='ocrx_word' id='word_1_570' title='bbox 1264 4725 1300 4779; x_wconf 91' lang='lat' dir='ltr'><strong><em>de</em></strong></span> <span class='ocrx_word' id='word_1_571' title='bbox 1319 4723 1384 4777; x_wconf 86' lang='lat' dir='ltr'><strong><em>dias.</em></strong></span> <span class='ocrx_word' id='word_1_572' title='bbox 1403 4724 1503 4795; x_wconf 84' lang='lat' dir='ltr'><strong><em>pontii.</em></strong></span> <span class='ocrx_word' id='word_1_573' title='bbox 1521 4725 1557 4780; x_wconf 91' lang='lat' dir='ltr'><strong><em>ad</em></strong></span> <span class='ocrx_word' id='word_1_574' title='bbox 1574 4732 1700 4780; x_wconf 83' lang='lat' dir='ltr'><strong><em>senatum</em></strong></span> <span class='ocrx_word' id='word_1_575' title='bbox 1710 4726 1847 4784; x_wconf 85' lang='lat' dir='ltr'><strong><em>Venetam</em></strong></span> <span class='ocrx_word' id='word_1_576' title='bbox 1866 4748 1894 4801; x_wconf 93' lang='lat' dir='ltr'><strong><em>p.</em></strong></span> <span class='ocrx_word' id='word_1_577' title='bbox 1912 4735 1954 4785; x_wconf 75' lang='lat' dir='ltr'><strong><em>at.</em></strong></span> <span class='ocrx_word' id='word_1_578' title='bbox 1976 4731 2054 4801; x_wconf 86' lang='lat' dir='ltr'><strong><em>quod</em></strong></span> <span class='ocrx_word' id='word_1_579' title='bbox 2071 4731 2100 4785; x_wconf 89' lang='lat' dir='ltr'><strong><em>in</em></strong></span> 
     </span>
     <span class='ocr_line' id='line_1_50' title="bbox 408 4811 2099 4888; baseline 0.003 -21"><span class='ocrx_word' id='word_1_580' title='bbox 408 4832 481 4884; x_wconf 73' lang='lat' dir='ltr'><strong><em>pisae</em></strong></span> <span class='ocrx_word' id='word_1_581' title='bbox 494 4821 673 4885; x_wconf 70' lang='lat' dir='ltr'><strong><em>praestamus</em></strong></span> <span class='ocrx_word' id='word_1_582' title='bbox 684 4822 737 4871; x_wconf 85' lang='lat' dir='ltr'><strong><em>etc.</em></strong></span> <span class='ocrx_word' id='word_1_583' title='bbox 756 4814 826 4869; x_wconf 88' lang='lat' dir='ltr'><strong><em>dicit</em></strong></span> <span class='ocrx_word' id='word_1_584' title='bbox 842 4815 932 4878; x_wconf 75' lang='lat' dir='ltr'><strong><em>etiam</em></strong></span> <span class='ocrx_word' id='word_1_585' title='bbox 952 4814 1169 4868; x_wconf 86' lang='lat' dir='ltr'><strong><em>Protestantium</em></strong></span> <span class='ocrx_word' id='word_1_586' title='bbox 1188 4816 1238 4868; x_wconf 85' lang='lat' dir='ltr'><strong><em>do·</em></strong></span> <span class='ocrx_word' id='word_1_587' title='bbox 1264 4812 1390 4883; x_wconf 87' lang='lat' dir='ltr'><strong><em>pluribus</em></strong></span> <span class='ocrx_word' id='word_1_588' title='bbox 1403 4811 1542 4882; x_wconf 86' lang='lat' dir='ltr'><strong><em>capitibus</em></strong></span> <span class='ocrx_word' id='word_1_589' title='bbox 1555 4827 1649 4867; x_wconf 84' lang='lat' dir='ltr'><strong><em>reram</em></strong></span> <span class='ocrx_word' id='word_1_590' title='bbox 1662 4812 1764 4869; x_wconf 88' lang='lat' dir='ltr'><strong><em>Christi</em></strong></span> <span class='ocrx_word' id='word_1_591' title='bbox 1776 4814 1930 4871; x_wconf 84' lang='lat' dir='ltr'><strong><em>doctrinam</em></strong></span> <span class='ocrx_word' id='word_1_592' title='bbox 1943 4817 2099 4888; x_wconf 68' lang='lat' dir='ltr'><strong><em>agnorant,</em></strong></span> 
     </span>
     <span class='ocr_line' id='line_1_51' title="bbox 407 4897 2101 4973; baseline 0.002 -18"><span class='ocrx_word' id='word_1_593' title='bbox 407 4902 528 4955; x_wconf 86' lang='lat' dir='ltr'><strong><em>ctrinam</em></strong></span> <span class='ocrx_word' id='word_1_594' title='bbox 549 4904 615 4967; x_wconf 89' lang='lat' dir='ltr'><strong><em>(non</em></strong></span> <span class='ocrx_word' id='word_1_595' title='bbox 640 4916 721 4971; x_wconf 86' lang='lat' dir='ltr'><strong><em>posse</em></strong></span> <span class='ocrx_word' id='word_1_596' title='bbox 746 4900 882 4956; x_wconf 88' lang='lat' dir='ltr'><strong><em>hominem</em></strong></span> <span class='ocrx_word' id='word_1_597' title='bbox 904 4898 1052 4973; x_wconf 85' lang='lat' dir='ltr'><strong><em>justificari</em></strong></span> <span class='ocrx_word' id='word_1_598' title='bbox 1069 4917 1160 4956; x_wconf 85' lang='lat' dir='ltr'><strong><em>eoram</em></strong></span> <span class='ocrx_word' id='word_1_599' title='bbox 1177 4899 1238 4956; x_wconf 87' lang='lat' dir='ltr'><strong><em>Deo</em></strong></span> <span class='ocrx_word' id='word_1_600' title='bbox 1264 4898 1335 4953; x_wconf 90' lang='lat' dir='ltr'><strong><em>inter</em></strong></span> <span class='ocrx_word' id='word_1_601' title='bbox 1361 4915 1432 4969; x_wconf 89' lang='lat' dir='ltr'><strong><em>quae</em></strong></span> <span class='ocrx_word' id='word_1_602' title='bbox 1460 4897 1543 4953; x_wconf 89' lang='lat' dir='ltr'><strong><em>etiam</em></strong></span> <span class='ocrx_word' id='word_1_603' title='bbox 1571 4898 1727 4967; x_wconf 86' lang='lat' dir='ltr'><strong><em>admiserit,</em></strong></span> <span class='ocrx_word' id='word_1_604' title='bbox 1754 4902 1841 4956; x_wconf 82' lang='lat' dir='ltr'><strong><em>uitam</em></strong></span> <span class='ocrx_word' id='word_1_605' title='bbox 1866 4910 2010 4956; x_wconf 64' lang='lat' dir='ltr'><strong><em>adunam</em></strong></span> <span class='ocrx_word' id='word_1_606' title='bbox 2037 4920 2101 4958; x_wconf 87' lang='lat' dir='ltr'><strong><em>esse</em></strong></span> 
     </span>
     <span class='ocr_line' id='line_1_52' title="bbox 407 4985 2101 5060; baseline 0.001 -19"><span class='ocrx_word' id='word_1_607' title='bbox 407 4985 525 5057; x_wconf 89' lang='lat' dir='ltr'><strong><em>propriis</em></strong></span> <span class='ocrx_word' id='word_1_608' title='bbox 541 4985 654 5048; x_wconf 86' lang='lat' dir='ltr'><strong><em>viribus,</em></strong></span> <span class='ocrx_word' id='word_1_609' title='bbox 675 4986 780 5041; x_wconf 86' lang='lat' dir='ltr'><strong><em>meritis</em></strong></span> <span class='ocrx_word' id='word_1_610' title='bbox 800 4994 848 5042; x_wconf 83' lang='lat' dir='ltr'><strong><em>aut</em></strong></span> <span class='ocrx_word' id='word_1_611' title='bbox 864 4987 1003 5058; x_wconf 86' lang='lat' dir='ltr'><strong><em>operibus,</em></strong></span> <span class='ocrx_word' id='word_1_612' title='bbox 1022 4986 1070 5041; x_wconf 86' lang='lat' dir='ltr'><strong><em>sed</em></strong></span> <span class='ocrx_word' id='word_1_613' title='bbox 1088 4986 1176 5058; x_wconf 79' lang='lat' dir='ltr'><strong><em>gratis</em></strong></span> <span class='ocrx_word' id='word_1_614' title='bbox 1188 5003 1239 5058; x_wconf 87' lang='lat' dir='ltr'><strong><em>per</em></strong></span> <span class='ocrx_word' id='word_1_615' title='bbox 1264 5004 1369 5039; x_wconf 89' lang='lat' dir='ltr'><strong><em>merum</em></strong></span> <span class='ocrx_word' id='word_1_616' title='bbox 1396 4988 1499 5039; x_wconf 88' lang='lat' dir='ltr'><strong><em>donum</em></strong></span> <span class='ocrx_word' id='word_1_617' title='bbox 1523 4985 1582 5038; x_wconf 86' lang='lat' dir='ltr'><strong><em>Dei</em></strong></span> <span class='ocrx_word' id='word_1_618' title='bbox 1610 5004 1644 5038; x_wconf 90' lang='lat' dir='ltr'><strong><em>ac</em></strong></span> <span class='ocrx_word' id='word_1_619' title='bbox 1670 5003 1703 5039; x_wconf 85' lang='lat' dir='ltr'><strong><em>ee</em></strong></span> <span class='ocrx_word' id='word_1_620' title='bbox 1728 4988 1791 5040; x_wconf 89' lang='lat' dir='ltr'><strong><em>sola</em></strong></span> <span class='ocrx_word' id='word_1_621' title='bbox 1819 4989 1916 5058; x_wconf 81' lang='lat' dir='ltr'><strong><em>pratia</em></strong></span> <span class='ocrx_word' id='word_1_622' title='bbox 1938 4989 2101 5060; x_wconf 73' lang='lat' dir='ltr'><strong><em>favereque</em></strong></span> 
     </span>
     <span class='ocr_line' id='line_1_53' title="bbox 407 5071 2102 5145; baseline 0.005 -20"><span class='ocrx_word' id='word_1_623' title='bbox 407 5071 501 5140; x_wconf 84' lang='lat' dir='ltr'><strong><em>fidem)</em></strong></span> <span class='ocrx_word' id='word_1_624' title='bbox 530 5089 639 5141; x_wconf 90' lang='lat' dir='ltr'><strong><em>semper</em></strong></span> <span class='ocrx_word' id='word_1_625' title='bbox 664 5073 694 5126; x_wconf 88' lang='lat' dir='ltr'><strong><em>in</em></strong></span> <span class='ocrx_word' id='word_1_626' title='bbox 720 5074 838 5127; x_wconf 67' lang='lat' dir='ltr'><strong><em>scalena</em></strong></span> <span class='ocrx_word' id='word_1_627' title='bbox 860 5075 953 5141; x_wconf 81' lang='lat' dir='ltr'><strong><em>fuisse</em></strong></span> <span class='ocrx_word' id='word_1_628' title='bbox 974 5074 1126 5145; x_wconf 85' lang='lat' dir='ltr'><strong><em>probatem</em></strong></span> <span class='ocrx_word' id='word_1_629' title='bbox 1152 5081 1177 5127; x_wconf 91' lang='lat' dir='ltr'><strong><em>et</em></strong></span> <span class='ocrx_word' id='word_1_630' title='bbox 1194 5091 1237 5127; x_wconf 88' lang='lat' dir='ltr'><strong><em>re·</em></strong></span> <span class='ocrx_word' id='word_1_631' title='bbox 1264 5072 1391 5127; x_wconf 83' lang='lat' dir='ltr'><strong><em>eoelestis</em></strong></span> <span class='ocrx_word' id='word_1_632' title='bbox 1410 5071 1510 5125; x_wconf 84' lang='lat' dir='ltr'><strong><em>Patris</em></strong></span> <span class='ocrx_word' id='word_1_633' title='bbox 1529 5073 1722 5141; x_wconf 87' lang='lat' dir='ltr'><strong><em>peccatoribus</em></strong></span> <span class='ocrx_word' id='word_1_634' title='bbox 1735 5080 1856 5143; x_wconf 86' lang='lat' dir='ltr'><strong><em>propter</em></strong></span> <span class='ocrx_word' id='word_1_635' title='bbox 1875 5073 2016 5129; x_wconf 64' lang='lat' dir='ltr'><strong><em>cumcun</em></strong></span> <span class='ocrx_word' id='word_1_636' title='bbox 2034 5095 2102 5133; x_wconf 78' lang='lat' dir='ltr'><strong><em>coa·</em></strong></span> 
     </span>
     <span class='ocr_line' id='line_1_54' title="bbox 406 5156 2103 5232; baseline 0.004 -19"><span class='ocrx_word' id='word_1_637' title='bbox 406 5168 518 5213; x_wconf 86' lang='lat' dir='ltr'><strong><em>tentam.</em></strong></span> <span class='ocrx_word' id='word_1_638' title='bbox 552 5157 595 5212; x_wconf 89' lang='lat' dir='ltr'><strong><em>Ex</em></strong></span> <span class='ocrx_word' id='word_1_639' title='bbox 619 5156 744 5212; x_wconf 86' lang='lat' dir='ltr'><strong><em>Adriano</em></strong></span> <span class='ocrx_word' id='word_1_640' title='bbox 769 5158 804 5213; x_wconf 89' lang='lat' dir='ltr'><strong><em>de</em></strong></span> <span class='ocrx_word' id='word_1_641' title='bbox 829 5159 958 5230; x_wconf 75' lang='lat' dir='ltr'><strong><em>TraJecto</em></strong></span> <span class='ocrx_word' id='word_1_642' title='bbox 985 5160 1014 5214; x_wconf 88' lang='lat' dir='ltr'><strong><em>iu</em></strong></span> <span class='ocrx_word' id='word_1_643' title='bbox 1042 5160 1090 5215; x_wconf 93' lang='lat' dir='ltr'><strong><em>lib.</em></strong></span> <span class='ocrx_word' id='word_1_644' title='bbox 1117 5166 1141 5215; x_wconf 86' lang='grc'><strong><em>4.</em></strong></span> <span class='ocrx_word' id='word_1_645' title='bbox 1168 5166 1236 5213; x_wconf 83' lang='lat' dir='ltr'><strong><em>aaut.</em></strong></span> <span class='ocrx_word' id='word_1_646' title='bbox 1264 5161 1379 5228; x_wconf 79' lang='lat' dir='ltr'><strong><em>tinpere,</em></strong></span> <span class='ocrx_word' id='word_1_647' title='bbox 1399 5176 1448 5212; x_wconf 91' lang='lat' dir='ltr'><strong><em>nec</em></strong></span> <span class='ocrx_word' id='word_1_648' title='bbox 1465 5160 1524 5212; x_wconf 89' lang='lat' dir='ltr'><strong><em>ullo</em></strong></span> <span class='ocrx_word' id='word_1_649' title='bbox 1543 5160 1628 5213; x_wconf 88' lang='lat' dir='ltr'><strong><em>modo</em></strong></span> <span class='ocrx_word' id='word_1_650' title='bbox 1646 5161 1709 5214; x_wconf 88' lang='lat' dir='ltr'><strong><em>ullo</em></strong></span> <span class='ocrx_word' id='word_1_651' title='bbox 1728 5170 1825 5214; x_wconf 89' lang='lat' dir='ltr'><strong><em>nostra</em></strong></span> <span class='ocrx_word' id='word_1_652' title='bbox 1841 5164 1913 5216; x_wconf 87' lang='lat' dir='ltr'><strong><em>bona</em></strong></span> <span class='ocrx_word' id='word_1_653' title='bbox 1927 5180 2019 5232; x_wconf 67' lang='lat' dir='ltr'><strong><em>,opera</em></strong></span> <span class='ocrx_word' id='word_1_654' title='bbox 2038 5182 2103 5220; x_wconf 77' lang='lat' dir='ltr'><strong><em>rer-e</em></strong></span> 
     </span>
     <span class='ocr_line' id='line_1_55' title="bbox 406 5243 2102 5320; baseline 0.004 -21"><span class='ocrx_word' id='word_1_655' title='bbox 406 5244 460 5300; x_wconf 85' lang='lat' dir='ltr'><strong><em>hoc</em></strong></span> <span class='ocrx_word' id='word_1_656' title='bbox 489 5245 614 5317; x_wconf 78' lang='lat' dir='ltr'><strong><em>allegat:</em></strong></span> <span class='ocrx_word' id='word_1_657' title='bbox 654 5243 725 5298; x_wconf 84' lang='lat' dir='ltr'><strong><em>Sunt</em></strong></span> <span class='ocrx_word' id='word_1_658' title='bbox 762 5247 864 5299; x_wconf 87' lang='lat' dir='ltr'><strong><em>merita</em></strong></span> <span class='ocrx_word' id='word_1_659' title='bbox 893 5255 990 5300; x_wconf 88' lang='lat' dir='ltr'><strong><em>nostra</em></strong></span> <span class='ocrx_word' id='word_1_660' title='bbox 1021 5246 1095 5299; x_wconf 85' lang='lat' dir='ltr'><strong><em>uelut</em></strong></span> <span class='ocrx_word' id='word_1_661' title='bbox 1124 5244 1238 5297; x_wconf 85' lang='lat' dir='ltr'><strong><em>baculus</em></strong></span> <span class='ocrx_word' id='word_1_662' title='bbox 1265 5266 1323 5301; x_wconf 87' lang='lat' dir='ltr'><strong><em>esse</em></strong></span> <span class='ocrx_word' id='word_1_663' title='bbox 1349 5254 1399 5301; x_wconf 90' lang='lat' dir='ltr'><strong><em>out</em></strong></span> <span class='ocrx_word' id='word_1_664' title='bbox 1428 5247 1489 5300; x_wconf 89' lang='lat' dir='ltr'><strong><em>diei</em></strong></span> <span class='ocrx_word' id='word_1_665' title='bbox 1511 5264 1597 5315; x_wconf 85' lang='lat' dir='ltr'><strong><em>posse</em></strong></span> <span class='ocrx_word' id='word_1_666' title='bbox 1621 5248 1767 5301; x_wconf 89' lang='lat' dir='ltr'><strong><em>meritoria</em></strong></span> <span class='ocrx_word' id='word_1_667' title='bbox 1789 5248 1862 5301; x_wconf 83' lang='lat' dir='ltr'><strong><em>ritae</em></strong></span> <span class='ocrx_word' id='word_1_668' title='bbox 1888 5258 2035 5320; x_wconf 84' lang='lat' dir='ltr'><strong><em>aeternae,</em></strong></span> <span class='ocrx_word' id='word_1_669' title='bbox 2071 5250 2102 5305; x_wconf 90' lang='lat' dir='ltr'><strong><em>id</em></strong></span> 
     </span>
     <span class='ocr_line' id='line_1_56' title="bbox 406 5331 2102 5406; baseline 0.004 -22"><span class='ocrx_word' id='word_1_670' title='bbox 406 5334 593 5399; x_wconf 87' lang='lat' dir='ltr'><strong><em>arundineus,</em></strong></span> <span class='ocrx_word' id='word_1_671' title='bbox 621 5331 667 5384; x_wconf 91' lang='lat' dir='ltr'><strong><em>cui</em></strong></span> <span class='ocrx_word' id='word_1_672' title='bbox 687 5332 754 5384; x_wconf 78' lang='lat' dir='ltr'><strong><em>diem</em></strong></span> <span class='ocrx_word' id='word_1_673' title='bbox 771 5332 833 5400; x_wconf 82' lang='lat' dir='ltr'><strong><em>quis</em></strong></span> <span class='ocrx_word' id='word_1_674' title='bbox 854 5332 965 5385; x_wconf 81' lang='lat' dir='ltr'><strong><em>innieses</em></strong></span> <span class='ocrx_word' id='word_1_675' title='bbox 979 5333 1086 5400; x_wconf 67' lang='lat' dir='ltr'><strong><em>fremit,</em></strong></span> <span class='ocrx_word' id='word_1_676' title='bbox 1104 5331 1237 5401; x_wconf 65' lang='lat' dir='ltr'><strong><em>perfirrot</em></strong></span> <span class='ocrx_word' id='word_1_677' title='bbox 1264 5333 1338 5406; x_wconf 89' lang='lat' dir='ltr'><strong><em>quod</em></strong></span> <span class='ocrx_word' id='word_1_678' title='bbox 1356 5350 1389 5389; x_wconf 81' lang='lat' dir='ltr'><strong><em>er</em></strong></span> <span class='ocrx_word' id='word_1_679' title='bbox 1406 5332 1540 5404; x_wconf 88' lang='lat' dir='ltr'><strong><em>impressa</em></strong></span> <span class='ocrx_word' id='word_1_680' title='bbox 1557 5334 1617 5404; x_wconf 87' lang='lat' dir='ltr'><strong><em>ejus</em></strong></span> <span class='ocrx_word' id='word_1_681' title='bbox 1634 5333 1753 5405; x_wconf 87' lang='lat' dir='ltr'><strong><em>epistola</em></strong></span> <span class='ocrx_word' id='word_1_682' title='bbox 1770 5334 1806 5387; x_wconf 91' lang='lat' dir='ltr'><strong><em>ad</em></strong></span> <span class='ocrx_word' id='word_1_683' title='bbox 1827 5333 2018 5390; x_wconf 82' lang='lat' dir='ltr'><strong><em>Alexandrum</em></strong></span> <span class='ocrx_word' id='word_1_684' title='bbox 2032 5335 2102 5390; x_wconf 75' lang='lat' dir='ltr'><strong><em>Far·</em></strong></span> 
     </span>
     <span class='ocr_line' id='line_1_57' title="bbox 337 5417 2103 5493; baseline 0.003 -21"><span class='ocrx_word' id='word_1_685' title='bbox 337 5422 343 5435; x_wconf 78' lang='grc'><strong><em>’</em></strong></span> <span class='ocrx_word' id='word_1_686' title='bbox 404 5437 518 5472; x_wconf 83' lang='lat' dir='ltr'><strong><em>monum</em></strong></span> <span class='ocrx_word' id='word_1_687' title='bbox 543 5417 686 5474; x_wconf 87' lang='lat' dir='ltr'><strong><em>innitentis</em></strong></span> <span class='ocrx_word' id='word_1_688' title='bbox 709 5424 762 5474; x_wconf 84' lang='lat' dir='ltr'><strong><em>etc.</em></strong></span> <span class='ocrx_word' id='word_1_689' title='bbox 801 5418 879 5482; x_wconf 83' lang='lat' dir='ltr'><strong><em>Quae</em></strong></span> <span class='ocrx_word' id='word_1_690' title='bbox 902 5420 989 5487; x_wconf 78' lang='lat' dir='ltr'><strong><em>ipitnr</em></strong></span> <span class='ocrx_word' id='word_1_691' title='bbox 1005 5419 1109 5488; x_wconf 86' lang='lat' dir='ltr'><strong><em>poterit</em></strong></span> <span class='ocrx_word' id='word_1_692' title='bbox 1125 5433 1160 5469; x_wconf 81' lang='lat' dir='ltr'><strong><em>eu</em></strong></span> <span class='ocrx_word' id='word_1_693' title='bbox 1176 5417 1238 5470; x_wconf 76' lang='lat' dir='ltr'><strong><em>illes</em></strong></span> <span class='ocrx_word' id='word_1_694' title='bbox 1264 5420 1385 5487; x_wconf 79' lang='lat' dir='ltr'><strong><em>nerium,</em></strong></span> <span class='ocrx_word' id='word_1_695' title='bbox 1407 5419 1573 5474; x_wconf 86' lang='lat' dir='ltr'><strong><em>cardinalem</em></strong></span> <span class='ocrx_word' id='word_1_696' title='bbox 1593 5427 1622 5475; x_wconf 89' lang='lat' dir='ltr'><strong><em>et</em></strong></span> <span class='ocrx_word' id='word_1_697' title='bbox 1639 5427 1768 5491; x_wconf 89' lang='lat' dir='ltr'><strong><em>nepotem</em></strong></span> <span class='ocrx_word' id='word_1_698' title='bbox 1785 5437 1883 5491; x_wconf 87' lang='lat' dir='ltr'><strong><em>papae,</em></strong></span> <span class='ocrx_word' id='word_1_699' title='bbox 1904 5438 1966 5476; x_wconf 88' lang='lat' dir='ltr'><strong><em>cum</em></strong></span> <span class='ocrx_word' id='word_1_700' title='bbox 1986 5421 2051 5493; x_wconf 86' lang='lat' dir='ltr'><strong><em>ipso</em></strong></span> <span class='ocrx_word' id='word_1_701' title='bbox 2067 5439 2103 5479; x_wconf 86' lang='lat' dir='ltr'><strong><em>ea</em></strong></span> 
     </span>
     <span class='ocr_line' id='line_1_58' title="bbox 406 5502 2102 5577; baseline 0.004 -17"><span class='ocrx_word' id='word_1_702' title='bbox 406 5521 465 5560; x_wconf 74' lang='lat' dir='ltr'><strong><em>esse</em></strong></span> <span class='ocrx_word' id='word_1_703' title='bbox 482 5506 588 5571; x_wconf 69' lang='lat' dir='ltr'><strong><em>fiducia</em></strong></span> <span class='ocrx_word' id='word_1_704' title='bbox 605 5507 686 5576; x_wconf 82' lang='lat' dir='ltr'><strong><em>opud</em></strong></span> <span class='ocrx_word' id='word_1_705' title='bbox 706 5506 813 5569; x_wconf 91' lang='lat' dir='ltr'><strong><em>Deum,</em></strong></span> <span class='ocrx_word' id='word_1_706' title='bbox 839 5509 887 5573; x_wconf 77' lang='lat' dir='ltr'><strong><em>qui</em></strong></span> <span class='ocrx_word' id='word_1_707' title='bbox 912 5506 1045 5559; x_wconf 87' lang='lat' dir='ltr'><strong><em>neminem</em></strong></span> <span class='ocrx_word' id='word_1_708' title='bbox 1070 5503 1164 5571; x_wconf 63' lang='lat' dir='ltr'><strong><em>diligit</em></strong></span> <span class='ocrx_word' id='word_1_709' title='bbox 1180 5502 1239 5555; x_wconf 67' lang='lat' dir='ltr'><strong><em>nesi</em></strong></span> <span class='ocrx_word' id='word_1_710' title='bbox 1265 5506 1300 5560; x_wconf 88' lang='lat' dir='ltr'><strong><em>de</em></strong></span> <span class='ocrx_word' id='word_1_711' title='bbox 1319 5522 1349 5561; x_wconf 84' lang='lat' dir='ltr'><strong><em>re</em></strong></span> <span class='ocrx_word' id='word_1_712' title='bbox 1367 5506 1586 5577; x_wconf 83' lang='lat' dir='ltr'><strong><em>expostulantem</em></strong></span> <span class='ocrx_word' id='word_1_713' title='bbox 1609 5523 1682 5561; x_wconf 79' lang='lat' dir='ltr'><strong><em>auno</em></strong></span> <span class='ocrx_word' id='word_1_714' title='bbox 1703 5512 1776 5565; x_wconf 83' lang='lat'><strong><em>1563.</em></strong></span> <span class='ocrx_word' id='word_1_715' title='bbox 1800 5506 1921 5562; x_wconf 80' lang='lat' dir='ltr'><strong><em>Basilius</em></strong></span> <span class='ocrx_word' id='word_1_716' title='bbox 1946 5509 2022 5564; x_wconf 76' lang='lat' dir='ltr'><strong><em>edita</em></strong></span> <span class='ocrx_word' id='word_1_717' title='bbox 2043 5528 2102 5566; x_wconf 75' lang='lat' dir='ltr'><strong><em>ma·</em></strong></span> 
     </span>
     <span class='ocr_line' id='line_1_59' title="bbox 404 5589 2100 5664; baseline 0.003 -16"><span class='ocrx_word' id='word_1_718' title='bbox 404 5609 439 5648; x_wconf 82' lang='lat' dir='ltr'><strong><em>ea</em></strong></span> <span class='ocrx_word' id='word_1_719' title='bbox 465 5600 521 5647; x_wconf 91' lang='lat' dir='ltr'><strong><em>toto</em></strong></span> <span class='ocrx_word' id='word_1_720' title='bbox 549 5594 634 5648; x_wconf 87' lang='lat' dir='ltr'><strong><em>eorde</em></strong></span> <span class='ocrx_word' id='word_1_721' title='bbox 658 5593 841 5646; x_wconf 73' lang='lat' dir='ltr'><strong><em>oenomaum!</em></strong></span> <span class='ocrx_word' id='word_1_722' title='bbox 879 5590 960 5663; x_wconf 71' lang='lat' dir='ltr'><strong><em>Vaga</em></strong></span> <span class='ocrx_word' id='word_1_723' title='bbox 983 5607 1074 5662; x_wconf 88' lang='lat' dir='ltr'><strong><em>opusc.</em></strong></span> <span class='ocrx_word' id='word_1_724' title='bbox 1094 5589 1129 5644; x_wconf 89' lang='lat' dir='ltr'><strong><em>de</em></strong></span> <span class='ocrx_word' id='word_1_725' title='bbox 1147 5589 1236 5646; x_wconf 88' lang='lat' dir='ltr'><strong><em>merit.</em></strong></span> <span class='ocrx_word' id='word_1_726' title='bbox 1265 5591 1362 5647; x_wconf 76' lang='lat' dir='ltr'><strong><em>nitente</em></strong></span> <span class='ocrx_word' id='word_1_727' title='bbox 1380 5599 1481 5663; x_wconf 80' lang='lat' dir='ltr'><strong><em>pateat</em></strong></span> <span class='ocrx_word' id='word_1_728' title='bbox 1510 5592 1766 5650; x_wconf 87' lang='lat' dir='ltr'><strong><em>Maximilianusll.</em></strong></span> <span class='ocrx_word' id='word_1_729' title='bbox 1780 5592 2100 5664; x_wconf 81' lang='lat' dir='ltr'><strong><em>imperatcrlaudatisai·</em></strong></span> 
     </span>
     <span class='ocr_line' id='line_1_60' title="bbox 306 5669 2099 5753; baseline 0.003 -20"><span class='ocrx_word' id='word_1_730' title='bbox 306 5679 314 5700; x_wconf 91' lang='lat'><em>&#39;</em></span> <span class='ocrx_word' id='word_1_731' title='bbox 404 5696 450 5749; x_wconf 89' lang='lat' dir='ltr'><strong><em>qu.</em></strong></span> <span class='ocrx_word' id='word_1_732' title='bbox 469 5686 492 5735; x_wconf 84' lang='grc'><strong><em>1.</em></strong></span> <span class='ocrx_word' id='word_1_733' title='bbox 516 5697 543 5749; x_wconf 89' lang='lat' dir='ltr'><strong><em>p.</em></strong></span> <span class='ocrx_word' id='word_1_734' title='bbox 564 5684 628 5735; x_wconf 74' lang='lat' dir='ltr'><strong><em>tat:</em></strong></span> <span class='ocrx_word' id='word_1_735' title='bbox 661 5669 781 5732; x_wconf 72' lang='lat' dir='ltr'><strong><em>rsonae</em></strong></span> <span class='ocrx_word' id='word_1_736' title='bbox 804 5676 964 5731; x_wconf 84' lang='lat' dir='ltr'><strong><em>Woldensis</em></strong></span> <span class='ocrx_word' id='word_1_737' title='bbox 983 5678 1025 5731; x_wconf 89' lang='lat' dir='ltr'><strong><em>sic</em></strong></span> <span class='ocrx_word' id='word_1_738' title='bbox 1043 5676 1154 5729; x_wconf 68' lang='lat' dir='ltr'><strong><em>aurbu:</em></strong></span> <span class='ocrx_word' id='word_1_739' title='bbox 1180 5675 1237 5729; x_wconf 88' lang='lat' dir='ltr'><strong><em>Ille</em></strong></span> <span class='ocrx_word' id='word_1_740' title='bbox 1264 5695 1325 5732; x_wconf 84' lang='lat' dir='ltr'><strong><em>mus</em></strong></span> <span class='ocrx_word' id='word_1_741' title='bbox 1343 5695 1405 5733; x_wconf 90' lang='lat' dir='ltr'><strong><em>cum</em></strong></span> <span class='ocrx_word' id='word_1_742' title='bbox 1424 5680 1453 5734; x_wconf 87' lang='lat' dir='ltr'><strong><em>in</em></strong></span> <span class='ocrx_word' id='word_1_743' title='bbox 1467 5697 1556 5752; x_wconf 86' lang='lat' dir='ltr'><strong><em>agone</em></strong></span> <span class='ocrx_word' id='word_1_744' title='bbox 1573 5680 1850 5734; x_wconf 76' lang='lat' dir='ltr'><strong><em>morusconstitutus</em></strong></span> <span class='ocrx_word' id='word_1_745' title='bbox 1867 5688 1940 5736; x_wconf 85' lang='lat' dir='ltr'><strong><em>esset</em></strong></span> <span class='ocrx_word' id='word_1_746' title='bbox 1958 5687 2044 5753; x_wconf 88' lang='lat' dir='ltr'><strong><em>atque</em></strong></span> <span class='ocrx_word' id='word_1_747' title='bbox 2061 5684 2099 5738; x_wconf 80' lang='lat' dir='ltr'><strong><em>ad</em></strong></span> 
     </span>
     <span class='ocr_line' id='line_1_61' title="bbox 405 5762 2101 5838; baseline 0.004 -20"><span class='ocrx_word' id='word_1_748' title='bbox 405 5772 446 5818; x_wconf 83' lang='lat' dir='ltr'><strong><em>est</em></strong></span> <span class='ocrx_word' id='word_1_749' title='bbox 472 5765 567 5819; x_wconf 90' lang='lat' dir='ltr'><strong><em>senior</em></strong></span> <span class='ocrx_word' id='word_1_750' title='bbox 590 5766 750 5834; x_wconf 76' lang='lat' dir='ltr'><strong><em>theolopus,</em></strong></span> <span class='ocrx_word' id='word_1_751' title='bbox 781 5763 895 5829; x_wconf 73' lang='lat' dir='ltr'><strong><em>fidelior</em></strong></span> <span class='ocrx_word' id='word_1_752' title='bbox 921 5762 1073 5817; x_wconf 71' lang='lat' dir='ltr'><strong><em>cadelim</em></strong></span> <span class='ocrx_word' id='word_1_753' title='bbox 1102 5769 1127 5814; x_wconf 90' lang='lat' dir='ltr'><strong><em>et</em></strong></span> <span class='ocrx_word' id='word_1_754' title='bbox 1145 5762 1237 5815; x_wconf 67' lang='lat' dir='ltr'><strong><em>samu</em></strong></span> <span class='ocrx_word' id='word_1_755' title='bbox 1263 5765 1354 5835; x_wconf 86' lang='lat' dir='ltr'><strong><em>ipsum</em></strong></span> <span class='ocrx_word' id='word_1_756' title='bbox 1377 5765 1522 5837; x_wconf 86' lang='lat' dir='ltr'><strong><em>episcopus</em></strong></span> <span class='ocrx_word' id='word_1_757' title='bbox 1538 5766 1740 5838; x_wconf 87' lang='lat' dir='ltr'><strong><em>Neapolitanus</em></strong></span> <span class='ocrx_word' id='word_1_758' title='bbox 1756 5766 1794 5821; x_wconf 92' lang='lat' dir='ltr'><strong><em>D.</em></strong></span> <span class='ocrx_word' id='word_1_759' title='bbox 1811 5764 1979 5822; x_wconf 84' lang='lat' dir='ltr'><strong><em>Lambertua</em></strong></span> <span class='ocrx_word' id='word_1_760' title='bbox 1996 5767 2101 5825; x_wconf 64' lang='lat' dir='ltr'><strong><em>Grata</em></strong></span> 
     </span>
     <span class='ocr_line' id='line_1_62' title="bbox 406 5846 2097 5924; baseline 0.004 -17"><span class='ocrx_word' id='word_1_761' title='bbox 406 5852 562 5923; x_wconf 62' lang='lat' dir='ltr'><strong><em>serpunt</em></strong></span> <span class='ocrx_word' id='word_1_762' title='bbox 580 5851 672 5924; x_wconf 77' lang='lat' dir='ltr'><strong><em>mapir</em></strong></span> <span class='ocrx_word' id='word_1_763' title='bbox 688 5849 869 5917; x_wconf 73' lang='lat' dir='ltr'><strong><em>commane,</em></strong></span> <span class='ocrx_word' id='word_1_764' title='bbox 888 5850 939 5922; x_wconf 74' lang='lat' dir='ltr'><strong><em>qui</em></strong></span> <span class='ocrx_word' id='word_1_765' title='bbox 952 5848 1054 5903; x_wconf 87' lang='lat' dir='ltr'><strong><em>merita</em></strong></span> <span class='ocrx_word' id='word_1_766' title='bbox 1068 5846 1235 5916; x_wconf 85' lang='lat' dir='ltr'><strong><em>simpliciter</em></strong></span> <span class='ocrx_word' id='word_1_767' title='bbox 1262 5868 1309 5905; x_wconf 87' lang='lat' dir='ltr'><strong><em>rus</em></strong></span> <span class='ocrx_word' id='word_1_768' title='bbox 1335 5856 1375 5907; x_wconf 85' lang='lat'><strong><em>12.</em></strong></span> <span class='ocrx_word' id='word_1_769' title='bbox 1398 5849 1510 5907; x_wconf 85' lang='lat' dir='ltr'><strong><em>Octobr.</em></strong></span> <span class='ocrx_word' id='word_1_770' title='bbox 1538 5868 1612 5908; x_wconf 87' lang='lat' dir='ltr'><strong><em>anno</em></strong></span> <span class='ocrx_word' id='word_1_771' title='bbox 1634 5858 1708 5909; x_wconf 83' lang='grc'>1516.</span> <span class='ocrx_word' id='word_1_772' title='bbox 1736 5853 1897 5924; x_wconf 86' lang='lat' dir='ltr'><strong><em>accederet,</em></strong></span> <span class='ocrx_word' id='word_1_773' title='bbox 1923 5854 2014 5910; x_wconf 87' lang='lat' dir='ltr'><strong><em>noluit</em></strong></span> <span class='ocrx_word' id='word_1_774' title='bbox 2031 5872 2097 5913; x_wconf 85' lang='lat' dir='ltr'><strong><em>enm</em></strong></span> 
     </span>
    </p>
   </div>
   <div class='ocr_carea' id='block_1_3' title="bbox 0 0 2404 6659">
    <p class='ocr_par' dir='ltr' id='par_1_33' title="bbox 0 0 2404 6659">
     <span class='ocr_line' id='line_1_63' title="bbox 0 0 2404 6659; baseline 0 1"><span class='ocrx_word' id='word_1_775' title='bbox 0 0 2404 6659; x_wconf 95' lang='lat' dir='ltr'><strong><em> </em></strong></span> 
     </span>
    </p>
   </div>
  </div>
 </body>
</html>
